2828 5070
208 309 274 377 ”4
408 301 639 368 CICERONIS
660 300 908 368 TUSCUIAN.
928 301 1162 368 DISPU'I'AT.

164 478 192 536 b·
378 500 1039 519 “““““““
1078 473 1183 550 prius

377 553 839 636 Qsimfferae,'volscre‘spse
877 587 920 600 —-
959 588 1002 600 -
1043 589 1086 600 -
1125 588 1169 600 -

209 637 359 717 (uomit,
380 657 422 700 ns
443 639 599 700 laceratis
618 637 778 699 membris
797 638 909 697 minus
929 636 1013 698 bene
1038 644 1178 717 ntatnr3
1211 655 1256 698 ne
1278 655 1369 701 cosn-

210 722 331 799 bnstis‚
352 741 419 783 non
442 718 659 795 extimescits)

332 802 417 881 Ναὶ,
440 804 607 886 relliquias
627 800 678 865 sic
698 822 782 865 meas
802 800 894 880 sitis,
916 799 1089 863 dinarialis
1109 793 1254 882 irata,

338 884 457 950 Taelra
480 892 572 950 sanie
593 885 767 964 dilibutas,
788 885 884 966 foe'de
905 885 1094 948 Baesuris.

145 985 206 1040 ιω.
214 966 307 1046 (Non
328 971 490 1057 intelligo,
522 969 601 1053 qnid
622 978 760 1042 metuat,
796 990 897 1051 quum
926 978 994 1030 tam
1027 969 1130 1029 bonos
1156 969 1367 1049 septenarios

209 1158 364 1212 medani.
400 1159 455 1212 Pro
472 1165 572 1210 staur
589 1167 632 1211 est
649 1165 753 1211 uratur
778 1159 809 1210 in
827 1157 899 1211 Eud.
928 1157 959 1210 C.
978 1157 1077 1211 Herw.
1105 1155 1169 1207 Asc.
1191 1158 1263 1211 1-2.
1301 1159 1367 1210 Mox

209 1230 298 1282 nero.
318 1240 348 1284 et
365 1248 438 1281 unns
456 1230 506 1283 Ox.
527 1229 715 1283 extumescil.
754 1231 814 1284 Me.

281 1301 345 1354 Nea
365 1301 516 1372 relliquias
534 1301 575 1353 sic
593 1319 669 1353 meas
687 1301 754 1353 siris
773 1329 805 1339 -
825 1299 912 1352 Tetra
940 1296 1032 1363 sanie]
1067 1297 1172 1372 Vulgo,
1199 1297 1262 1351 ileu
1286 1298 1366 1352 relli-

211 1369 295 1441 quius
312 1373 446 1425 smiassi
462 1374 543 1440 regis
562 1405 594 1415 -
613 1371 670 1425 Per
687 1379 794 1424 terram
811 1371 891 1423 sanie
909 1380 964 1423 etc.
1002 1371 1040 1421 At
1060 1369 1177 1422 Codices
1204 1386 1258 1422 neo
1284 1370 1366 1424 relli-

211 1443 293 1511 quias
310 1443 444 1495 semiassi
462 1443 522 1495 reis
538 1443 587 1494 rel
606 1443 738 1495 amussi
754 1442 839 1506 seris,
865 1443 940 1495 uude
965 1442 1164 1505 certissimam,
1189 1441 1247 1491 nisi
1267 1441 1364 1507 fallor,

210 1514 441 1567 emendationem
467 1514 545 1566 dedit
569 1515 748 1566 acutissimus
771 1514 934 1567 Bentleius:
965 1512 1058 1577 Siris,
1086 1512 1197 1564 siveris.
1242 1512 1316 1566 Vide
1341 1515 1363 1566 1.

210 1583 260 1635 rr.
280 1584 460 1636 Gronovium
478 1584 513 1636 ad
533 1585 610 1636 [sirii
629 1586 652 1649 1,
671 1587 715 1639 32.
752 1585 789 1639 D.

280 1653 342 1708 Neu
362 1655 499 1723 reliquias
516 1655 561 1708 sie
577 1671 654 1707 meas
671 1655 755 1723 siris]
774 1653 881 1724 Recepi
899 1670 966 1706 cnm
983 1653 1053 1705 Dav.
1067 1652 1212 1707 FAWoli.
1234 1663 1263 1706 et
1283 1672 1363 1726 seqq.

209 1723 336 1779 Bentleii
356 1728 582 1780 emendationem
600 1728 778 1797 palmariam.
815 1726 910 1800 Vulgo
927 1725 1006 1777 Hes:
1031 1725 1080 1777 sed
1096 1741 1149 1778 nea
1172 1725 1282 1778 babent
1306 1736 1364 1780 tres

209 1793 280 1850 ona
300 1798 374 1850 oud.
396 1802 421 1853 l.
441 1801 467 1853 2.
487 1797 560 1873 Aug.
580 1797 677 1850 Duisb.
697 1798 771 1851 cua
789 1798 874 1850 Bern.
896 1798 970 1848 bion.
992 1800 1015 1850 1.
1035 1799 1061 1851 2.
1080 1798 1119 1848 Re
1142 1835 1149 1847 .
1168 1804 1228 1848 tres
1247 1797 1300 1848 alii
1319 1815 1364 1851 re·

209 1868 255 1943 gii
272 1869 348 1939 apud
364 1870 438 1922 Lali.
458 1870 542 1921 Vino.
564 1874 587 1925 l.
608 1872 634 1924 2.
654 1869 726 1922 Eoo.
746 1871 817 1921 Ven.
837 1876 926 1920 nostr.
946 1867 999 1919 Eu
1018 1867 1108 1920 ΜΒ
1152 1868 1202 1919 ,Α
1223 1869 1257 1921 ln
1270 1868 1362 1921 Behd.

211 1948 254 1992 est
270 1956 329 2006 nec,
349 1941 380 1991 in
398 1957 455 1992 uno
473 1941 524 1994 01.
545 1957 607 1993 nou
634 1941 710 1992 Turn
729 1939 861 1993 smussi
879 1937 959 2007 regis
977 1947 1019 1990 est
1038 1939 1068 1989 in
1087 1938 1169 1991 libris
1187 1939 1251 1992 fere
1270 1941 1364 1992 omni·

210 2009 280 2074 bns3
298 2010 404 2063 babent
422 2020 517 2064 tamen
535 2012 671 2063 nonnulli
690 2010 769 2063 aliud
787 2011 866 2081 quid,
886 2027 943 2079 qao
961 2010 1087 2062 Bentleii
1107 2011 1292 2064 coniecturae
1311 2012 1364 2064 sli-

210 2080 281 2150 quid
300 2081 480 2134 auctoritatis
497 2082 619 2135 accedat.
657 2083 737 2135 Unus
756 2083 806 2135 0¹.
827 2099 893 2133 cum
911 2079 1008 2131 Duisb.
1035 2082 1145 2133 omittit
1168 2082 1267 2148 regis,
1290 2082 1362 2134 alius

210 2149 298 2204 babet
314 2152 426 2205 amisis
443 2152 472 2204 si
489 2152 550 2205 reis
568 2153 643 2207 Cnd.
661 2153 815 2206 seminasse
832 2151 900 2205 reis.
921 2150 994 2203 Gud.
1012 2157 1035 2206 1.
1054 2153 1139 2205 Bern.
1159 2152 1361 2206 semiassireis.

211 2221 286 2275 Cnd.
307 2223 515 2278 seminasset
533 2223 602 2277 reis.
638 2224 765 2277 Bentleii
784 2225 851 2276 duas
869 2223 1081 2276 emendationes
1104 2241 1172 2276 cum
1196 2241 1296 2276 eanum
1318 2242 1364 2277 ra·

210 2293 337 2347 tionibus
354 2294 413 2346 rid.
435 2296 466 2346 in
485 2296 546 2347 eius
564 2304 674 2348 annott.
693 2293 866 2349 Bouhierius
884 2293 1025 2346 coniecit:
1047 2323 1080 2332 -
1119 2327 1150 2336 -
1192 2323 1221 2333 -
1260 2323 1294 2334 -
1322 2295 1364 2350 Ne

209 2378 289 2419 eneas
306 2366 368 2419 siae
385 2366 464 2418 ileu!
483 2368 548 2420 reili
566 2367 631 2419 uias
648 2366 783 2420 semiesas
802 2365 950 2420 denudatis
967 2365 1087 2431 ossibus,
1109 2365 1195 2419 Tetra
1213 2374 1269 2419 etc.
1290 2367 1366 2422 Cro-

210 2438 320 2490 setena
347 2437 486 2491 iambicos
510 2385 576 2489 vuit
598 2457 657 2491 esse
683 2456 782 2490 versus
808 2437 995 2504 restituitque
1018 2438 1184 2490 semiassum
1207 2456 1319 2512 regem,
1348 2457 1364 2491 a

211 2525 268 2576 quo
287 2526 337 2561 nos
355 2509 480 2561 Bentleii
507 2511 642 2582 sagacitas
661 2509 844 2572 liberaverat,
863 2507 1035 2561 coniiciens:
1063 2509 1125 2560 ileu
1148 2509 1300 2579 ¹relliquias
1320 2526 1365 2562 se·

127 2620 130 2624 .
210 2578 313 2631 miissi
331 2579 420 2645 regis,
440 2580 586 2633 denudatis
604 2579 711 2633 ossibsa
729 2580 785 2633 Per
802 2582 909 2641 tirsum
926 2579 1009 2631 sassie
1027 2580 1166 2632 dilibutas
1183 2582 1265 2649 [oeae
1283 2581 1364 2635 dive-

209 2649 321 2701 oears'er.
359 2650 441 2702 Solus
460 2650 527 2703 Cod.
547 2651 636 2705 Behd.
656 2651 791 2705 semiassi
808 2650 883 2718 rogi.
910 2650 1029 2702 Billerb.
1048 2653 1147 2704 versui
1174 2653 1364 2706 subventurus

209 2719 327 2789 scripsit
345 2720 472 2774 nudatis:
502 2723 661 2791 quodcum
687 2725 797 2774 faceret
821 2738 914 2790 neque
933 2736 966 2772 co
988 2721 1073 2775 itarit
1100 2723 1134 2776 de
1153 2725 1315 2794 quantitate
1335 2733 1364 2777 et

208 2792 354 2843 scansione
372 2792 449 2845 vocis
467 2809 552 2857 meus,
572 2812 644 2862 quae
663 2802 704 2846 est
722 2794 829 2863 Hecyr.
850 2794 902 2845 Ill.
924 2797 948 2846 1.
1005 2831 1011 2843 .
1032 2811 1137 2864 neque,
1163 2795 1235 2846 iusta
1255 2797 1296 2846 sic
1316 2813 1363 2847 ca·

210 2877 276 2914 rere
292 2879 409 2914 versum
427 2880 541 2915 caesura
560 2864 617 2927 (vel
636 2865 731 2934 pausa)
750 2873 814 2934 post
832 2864 933 2933 pedem
953 2873 1096 2933 quartum
1123 2865 1167 2917 cf.
1186 2865 1361 2920 EWnnder.

210 2931 241 2984 in
258 2933 344 2986 Jahn.
364 2933 479 2986 Annali.
499 2934 615 2987 Philcll.
637 2939 713 2991 1827.
733 2938 759 2990 2.
779 2954 807 3005 p-
829 2938 888 2990 lll.
926 2936 987 2988 Mr.

281 3022 386 3076 Taetra
405 3024 484 3078 sanie
508 3024 656 3090 delibutas,
681 3025 764 3090 foede
788 3023 962 3090 dieesarier]
979 3072 983 3077 .
998 3027 1081 3078 Hunc
1102 3039 1216 3092 quoque
1241 3040 1362 3076 versum

208 3091 378 3148 exhibemus
403 3114 438 3150 ex
460 3097 586 3151 Bentleii
614 3098 820 3151 ernendatione.
866 3097 979 3160 Omnes,
1006 3096 1092 3151 etiam
1123 3111 1222 3148 recens
1245 3095 1361 3161 collati,

208 3164 316 3220 babent
331 3185 384 3236 per
409 3177 525 3232 terram,
554 3168 630 3238 quod
655 3177 719 3238 post
737 3167 916 3220 Davisianam
933 3169 986 3220 Ed.
1006 3170 1032 3223 2
1056 3182 1139 3220 nemo
1158 3167 1284 3220 servavit
1302 3168 1362 3219 nisi

208 3237 280 3291 Ern.
302 3240 345 3293 01.
367 3248 397 3292 et
413 3241 477 3310 Bip.
514 3242 569 3293 Pro
593 3240 671 3292 sanie
689 3257 763 3290 unus
781 3240 831 3291 01.
858 3255 938 3291 sune:
966 3239 1064 3315 pergit
1091 3237 1168 3290 idem
1192 3238 1362 3304 delibatam,

208 3308 264 3362 tluo
283 3312 353 3363 011.
373 3312 444 3364 Edd.
465 3314 502 3364 ot.
520 3311 602 3363 Boul.
623 3310 687 3362 Ald.
707 3310 816 3362 Sturm.
835 3309 915 3362 Brut.
935 3311 1031 3362 bamb.
1042 3308 1130 3363 Goth.
1146 3309 1226 3381 sylb.
1237 3311 1362 3363 HWolf.

207 3380 368 3434 &tibatone
388 3381 471 3434 vind.
493 3387 518 3436 l.
544 3381 685 3434 delibutis.
706 3381 779 3433 Gutl
799 3384 824 3435 2.
854 3381 984 3434 delibitla.
1011 3381 1085 3458 Aug.
1112 3381 1193 3434 sanie
1218 3380 1363 3433 dubila-

208 3458 265 3504 las
284 3453 425 3505 delibutas
442 3453 513 3516 sede.
535 3452 609 3504 Gud.
628 3452 801 3505 debilitatus.
830 3453 864 3504 ln
882 3454 939 3504 line
957 3471 1057 3505 versus
1075 3452 1161 3505 Codd.
1181 3452 1256 3527 Aug.
1272 3453 1361 3505 Rchd.

207 3522 279 3574 Edd.
299 3524 380 3575 Junt.
400 3525 469 3575 Ven.
490 3531 578 3575 nostr.
598 3523 661 3576 Asc.
683 3528 707 3578 l.
727 3526 752 3577 2.
774 3533 812 3588 et,
837 3541 906 3591 quas
924 3522 1020 3576 Beisk.
1046 3524 1174 3577 contulit
1197 3525 1267 3575 Ven.
1290 3528 1314 3577 1.
1334 3526 1361 3579 2.

207 3592 280 3644 Med.
303 3595 435 3657 1.t.;1>.
457 3593 490 3645 A.
509 3595 540 3646 B.
560 3593 588 3647 S.
608 3595 643 3647 Ε.
664 3595 693 3647 C.
714 3595 812 3646 ilerw.
833 3595 880 3646 elia
900 3595 1041 3659 cesaries,
1066 3594 1148 3647 cuius
1170 3595 1279 3648 erroris
1303 3595 1364 3647 ori-

208 3662 308 3788 {tinitm
319 3663 630 3789 liiiisbintsiiripfioni
649 3665 786 3789 CodMOx.
807 3665 846 3719 D:
867 3666 915 3718 aia
933 3666 1059 3720 esuries.
1079 3667 1162 3718 Vind.
1176 3670 1200 3721 1.
1222 3667 1362 3736 (apum.)

285 3753 344 3787 ar.
386 3753 400 3786 a
421 3753 455 3787 en
508 3751 663 3790 eoexarser.
736 3753 761 3792 r.

279 3813 339 3859 tam
363 3807 447 3861 banos
472 3808 656 3875 septenarios]
692 3809 727 3862 ln
749 3807 897 3878 praecedo.
923 3828 996 3862 unus
1023 3811 1073 3864 Ox.
1101 3825 1181 3880 quem
1203 3826 1258 3880 pro
1283 3808 1362 3879 quisi.

207 3878 282 3953 Aug.
301 3879 386 3931 habet
405 3877 587 3948 septinarios.
607 3879 651 3932 Aa
669 3879 699 3932 h.
718 3879 738 3929 1.
759 3880 827 3931 Dav.
849 3880 879 3931 in
898 3881 951 3933 Eo.
975 3886 1004 3935 1:
1033 3882 1167 3947 „Mirum
1191 3881 1364 3933 Ciceronem

206 3947 293 4001 hosce
311 3952 488 4019 septenarios
506 3967 626 4016 vocasse,
645 3968 712 4003 cuin
730 3950 788 4002 sint
806 3951 930 4003 Jambici
948 3953 1136 4015 Tetrametri,
1163 3960 1197 4003 ut
1215 3960 1296 4004 recte
1313 3968 1364 4003 no-

207 4025 308 4071 tarunt
324 4022 351 4073 J.
372 4021 402 4073 C.
423 4022 501 4073 Scali
523 4040 556 4074 er
573 4025 648 4075 Poet.
669 4023 719 4074 lib.
740 4023 803 4074 v11.
824 4041 852 4093 p.
872 4026 934 4078 358.
963 4023 1002 4094 (p.
1022 4026 1083 4080 856.
1104 4022 1157 4075 Ed.
1178 4022 1364 4087 Commelin.)

208 4098 238 4142 et
256 4090 292 4141 G.
311 4091 338 4142 J.
358 4093 472 4144 Vossius
490 4040 525 4144 ai
542 4093 657 4177 Fragm.
678 4093 794 4167 Tragic.
814 4113 844 4163 p.
864 4097 907 4148 30.
927 4095 960 4146 D.
982 4095 1145 4158 Lambinus,
1171 4102 1205 4145 nt
1228 4094 1365 4145 Tullium

208 4160 293 4231 culpa
311 4161 457 4223 liberaret,
477 4173 638 4218 octonarios
657 4164 787 4234 reponit:
808 4174 924 4218 atvero
943 4183 1040 4219 ornnes
1059 4167 1164 4235 ubique
1174 4165 1260 4218 Codri.
1271 4165 1366 4218 refra-

207 4241 323 4308 gantur,
351 4234 511 4304 optimique
530 4237 686 4306 scriptores
704 4236 850 4287 erroribus
868 4245 934 4288 sunt
953 4237 1101 4290 obnoxii.“
1136 4236 1193 4288 Sed
1216 4236 1293 4287 nihil
1311 4235 1365 4288 hic

207 4312 250 4358 ost
269 4304 376 4358 erroris
394 4322 487 4374 neque
506 4309 579 4378 apud
588 4309 758 4361 Ciceronem
776 4324 869 4376 neque
887 4308 963 4378 apud
982 4309 1048 4361 illos
1064 4309 1144 4360 viros
1162 4307 1268 4359 doctos.
1289 4305 1366 4360 Sunt

207 4375 295 4441 enim,
327 4383 361 4428 nt
385 4376 553 4431 scribuntur
577 4380 608 4430 in
631 4379 716 4432 Codtl
744 4376 892 4448 plerisque
919 4389 948 4432 et
967 4379 998 4431 in
1015 4378 1088 4433 de.
1109 4387 1174 4431 ante
1192 4379 1261 4430 Dav.
1282 4380 1310 4433 2.
1331 4395 1365 4431 rs

205 4463 275 4501 vers
291 4446 435 4526 octonarii
451 4449 500 4503 rel
516 4449 679 4504 tetrametri
696 4448 816 4503 iambici
833 4450 1021 4505 acatalectici.
1058 4449 1116 4507 seo
1141 4448 1200 4503 ism
1217 4448 1364 4504 emendati
