2828 5070
493 311 497 320 ·
554 288 680 352 uum
700 289 729 368 1,
749 289 799 355 ee.
1190 287 1252 353 aee

181 455 248 518 Sed
269 456 369 538 plena
391 473 548 517 errorum
569 464 649 516 sunt
678 456 801 516 omnia.
852 453 976 515 Trahit
1000 450 1182 516 Hectorem
1209 449 1252 514 ad
1273 454 1315 520 dd

97 559 238 602 currum
260 540 437 624 religatum
458 537 618 602 Achilles:
641 539 784 600 lacerari
807 557 883 598 eum
912 545 946 598 et
974 537 1110 614 sentire,
1138 531 1321 614 credo,105,

99 631 204 704 putat.
254 621 343 707 Ergo
374 620 430 681 hic
460 622 645 700 ulciscitur,
678 629 717 682 ut
744 620 877 703 quidem
906 619 972 681 sibi
1002 616 1153 682 videtur.
1205 616 1251 680 At

96 706 156 768 illa
176 706 264 767 sicut
285 705 531 766 acerbissimam
554 723 625 764 rem
646 711 791 765 maeret=

227 785 315 866 Vidi,
338 787 446 850 videre
466 779 554 868 qudd
573 806 619 849 mc
636 807 737 868 passa
757 785 953 868 aegerrume,

166 962 192 998 c.
212 950 256 1001 44.
294 946 352 999 Sed
366 947 453 1015 plena
472 964 603 1001 errorum
620 954 682 1000 stent
700 946 804 1013 omnia]
840 949 921 1001 Unus
940 946 990 999 Ox.
1010 942 1133 998 erroris.
1161 942 1251 998 liehd.

95 1022 160 1070 aaut
179 1017 274 1070 omnia
293 1019 430 1071 erroris.
460 1018 526 1071 Cod.
546 1019 642 1070 Duisb.
663 1020 817 1087 religatam
836 1019 1010 1071 recurram.
1031 1015 1105 1090 Aug.
1127 1023 1156 1067 et
1165 1013 1251 1068 mart.

97 1088 228 1157 ligatum.
265 1090 319 1141 lies
337 1098 474 1141 narratur
491 1089 524 1141 ah
544 1091 669 1142 Homero
688 1092 728 1144 Jl.
749 1092 836 1144 xxu.
857 1092 919 1145 995.
940 1090 1015 1140 conf.
1036 1088 1117 1161 Virg.
1131 1085 1202 1138 Aen.
1213 1087 1252 1141 11.

95 1161 157 1213 272.
195 1161 249 1212 Pro
274 1176 336 1212 eum
360 1160 434 1212 Gud.
453 1162 479 1213 2.
509 1161 592 1213 enim.
625 1160 697 1237 Aug.
726 1160 852 1215 lacerari
882 1167 909 1213 et
942 1159 1048 1213 sentire
1073 1175 1134 1211 econ
1159 1163 1253 1226 putet,

96 1231 200 1282 omisso
227 1230 326 1283 credo:
353 1232 474 1283 eundem
502 1232 656 1284 verborum
682 1234 813 1287 ordinem
832 1232 918 1284 hahet
944 1231 1012 1285 Cod.
1039 1229 1123 1281 Vind.
1147 1234 1170 1284 l.
1199 1245 1254 1283 nec

95 1318 166 1354 vero
185 1302 296 1353 omittit
315 1301 406 1354 credo.
444 1302 555 1354 lieislrii
576 1303 610 1355 ad
628 1302 657 1354 h.
677 1303 697 1354 l.
716 1305 790 1357 haee
802 1312 843 1356 est
854 1302 1014 1355 annotatio:
1034 1299 1254 1369 ,‚puta1,credo

99 1388 170 1439 ergo
187 1374 258 1424 Ven.
281 1377 303 1427 1.
324 1374 350 1426 2.
371 1372 442 1425 Med.
465 1377 489 1426 l.
509 1375 535 1427 2.
555 1375 636 1426 Juat.
657 1372 738 1441 Ald.;
755 1381 846 1443 putat,
865 1374 960 1439 credo,
979 1388 1049 1440 ergo
1069 1372 1172 1438 Scur.;
1190 1387 1254 1426 een-

97 1442 155 1495 tr‘re
174 1445 258 1496 credo
282 1449 374 1511 putat.
402 1444 481 1511 Ergo
500 1443 600 1514 steph.
640 1444 762 1498 Videtur
780 1448 859 1498 locus
877 1445 920 1496 sie
938 1442 1154 1496 constituendus
1178 1460 1252 1497 esses

95 1513 221 1567 lacerari
242 1529 304 1567 eam
331 1520 357 1565 et
386 1515 491 1567 sentire
513 1516 615 1583 putat?
648 1515 747 1569 Credo.
782 1518 863 1584 Ergo
881 1513 927 1567 dic
945 1543 978 1553 -
999 1514 1078 1567 Illud
1101 1514 1186 1567 oredo
1210 1522 1255 1568 est

96 1585 255 1638 affirmatio
274 1585 440 1650 deridentis,
460 1587 595 1656 idemque
613 1586 700 1652 valet,
721 1588 797 1657 quod
812 1587 914 1656 procul
932 1585 1028 1651 datio,
1054 1586 1103 1637 vel
1125 1590 1157 1637 at
1174 1583 1253 1639 eide·

96 1660 151 1707 tar.
189 1660 277 1710 Porro
295 1667 413 1725 possunt
433 1673 547 1726 quoque
565 1659 714 1728 sequentia
732 1660 773 1711 sic
792 1659 947 1732 distingui:
975 1658 1056 1724 Ergo
1075 1654 1122 1709 ds'c
1139 1656 1253 1711 alcisci-

92 1728 164 1778 tur?
183 1735 213 1779 at
233 1728 342 1797 quidem
359 1727 419 1780 sior·
437 1730 580 1781 videtur.“
612 1729 696 1781 Tales
713 1731 912 1782 annotationes
939 1728 1092 1798 prodeunt,
1124 1728 1150 1779 si
1178 1728 1252 1797 quis,

94 1798 233 1850 Codicum
251 1799 382 1851 subsidiis
401 1801 450 1851 rel
468 1800 622 1852 destitutus
630 1794 689 1853 'vel
707 1817 765 1853 non
783 1809 877 1866 utens,
896 1800 1031 1852 criticam
1054 1799 1191 1851 factitare
1208 1799 1254 1853 in-

94 1870 198 1920 stituit.
236 1870 314 1922 lllud
328 1876 409 1938 putot
429 1872 526 1922 nullus
544 1872 630 1941 plane
649 1872 710 1924 eod.
731 1872 787 1924 MS.
807 1871 892 1924 habet
920 1879 986 1923 ante
1010 1870 1108 1922 mdo:
1135 1871 1185 1922 eod
1202 1869 1253 1922 ha·

94 1939 162 1991 bent
180 1939 252 1991 Edd.
273 1943 302 1992 P.
322 1941 355 1993 A.
375 1943 406 1994 B.
427 1941 454 1996 S.
474 1943 508 1994 E.
529 1941 560 1994 C.
581 1943 678 1995 Herw.
698 1945 768 1995 Ven.
789 1952 878 1996 nostr.
898 1943 963 1994 Asc.
976 1947 999 1997 1.
1011 1942 1036 1995 2.
1057 1940 1133 1993 cim
1152 1938 1252 1995 Sturm

94 2009 300 2073 Distinctiones
319 2013 485 2064 immutatas
505 2014 563 2065 iam
582 2014 735 2066 mittimus.
774 2015 834 2067 Mr.

166 2081 244 2151 lirgo
262 2079 320 2135 ds'c
337 2083 508 2150 uerissima]
545 2085 641 2137 hamb.
662 2085 741 2138 dedit
759 2084 836 2151 deno,
863 2083 946 2136 nullo
964 2083 1041 2137 libro
1058 2102 1091 2136 su
1185 2091 1248 2138 nto:

91 2163 205 2206 secutus
232 2162 274 2206 est
298 2173 374 2221 eum,
403 2173 576 2226 quamquam
602 2157 720 2222 inritus,
747 2165 781 2209 ut
804 2157 932 2221 videtur,
962 2155 1012 2207 Fr.
1038 2155 1122 2208 Febr.
1203 2155 1252 2209 tet

92 2223 181 2275 etiam
199 2223 270 2278 dunc
288 2228 318 2278 in
338 2227 504 2296 parenthesi
524 2228 687 2283 HWolfius.
721 2228 806 2281 Codd.
832 2227 922 2281 Rehd.
947 2226 1044 2278 Duisb.
1071 2229 1146 2279 Mon.
1167 2229 1193 2281 2.
1221 2232 1251 2283 tsi

89 2294 149 2346 etti
166 2296 278 2365 quidem
306 2297 428 2352 videtur.
458 2300 492 2351 ln
509 2298 563 2352 Ed.
583 2301 607 2354 2.
628 2298 697 2350 Dav.
719 2299 747 2351 ei
766 2299 830 2352 viro
854 2299 885 2349 in
902 2316 930 2349 v.
959 2296 1013 2348 itta
1039 2296 1192 2350 videbatur
1209 2297 1251 2352 lt·

91 2373 156 2418 tere
176 2384 279 2420 nomen
296 2370 459 2438 proprium,
486 2379 520 2422 ut
537 2370 586 2423 rel
603 2369 698 2421 Iliona
716 2369 870 2445 legendum
888 2369 936 2432 sit,
959 2368 1009 2420 vel
1028 2367 1107 2420 aliud
1133 2384 1248 2422 nomen.

89 2436 288 2507 Reprehendit
307 2457 373 2491 eum
391 2440 575 2504 Bouhierius,
595 2457 712 2493 monens
730 2441 823 2494 solere
842 2440 1014 2492 Ciceronem
1042 2439 1075 2489 in
1101 2438 1250 2493 laudandis

90 2507 253 2561 fabularum
272 2511 353 2574 locis,
373 2527 443 2580 quos
463 2528 636 2587 cognoscere
654 2513 779 2565 lectores
797 2512 896 2575 sciret,
924 2510 970 2561 uti
996 2510 1169 2580 pronomine
1187 2510 1248 2576 itte,

89 2587 124 2631 ut
142 2580 176 2632 de
195 2582 231 2633 N.
251 2582 284 2633 D.
307 2586 330 2635 l.
351 2586 381 2637 6:
402 2582 519 2636 atille
537 2581 765 2653 r'nSynepdebie,
786 2591 815 2637 et
831 2582 931 2653 paullo
949 2581 1086 2634 interius:
1106 2586 1137 2634 ue
1154 2581 1250 2651 qaees-

92 2654 140 2702 iur
157 2651 229 2705 tlte.
267 2653 371 2705 Eidem
388 2654 453 2706 viro
472 2655 536 2706 veri
553 2654 672 2707 videtur
689 2655 795 2720 simile,
814 2671 881 2706 cum
901 2653 936 2704 H.
957 2652 1097 2705 Columna
1114 2654 1149 2706 ad
1158 2653 1249 2707 Ennii

35 2781 40 2788 ,
90 2721 273 2797 Fragmenta,
302 2724 533 2777 Andromacham
559 2726 657 2778 intelli
681 2725 690 2778 i
715 2725 754 2790 (r.
774 2727 920 2800 Fragmm.
949 2741 978 2794 p.
997 2726 1096 2791 2³92).
1133 2726 1169 2778 ln
1193 2742 1251 2794 qne

89 2796 231 2846 sententia
250 2796 276 2846 ei
294 2797 413 2849 assentit
431 2796 618 2852 FAWolfius.
685 2797 803 2850 ecubam
826 2795 972 2871 intelligit
990 2794 1156 2848 Schiiteius.
1194 2796 1250 2850 Sed

91 2873 171 2917 recte
190 2866 344 2919 Kiihnerus
363 2867 442 2920 inter
459 2878 614 2938 utramque
633 2885 692 2921 non
710 2869 849 2922 decernit.
887 2867 1025 2942 Neglexit
1044 2875 1141 2920 autem
1157 2867 1248 2921 Βοιὼ.

89 2935 224 2990 Addenda
244 2939 297 2990 Ed.
317 2938 386 2991 Dav.
406 2941 432 2994 2.
452 2940 502 2991 uhi
519 2958 547 3011 p.
567 2943 620 2996 394
639 2940 731 2994 deleri
749 2940 829 2993 iubet
847 2940 931 2992 illam
947 2939 1173 3004 annotationem,
1192 2955 1250 3008 que

88 3008 253 3062 coniecerat
271 3009 374 3063 iliona.
413 3010 521 3077 „sana
546 3013 598 3077 ait,
626 3021 668 3065 est
685 3011 775 3064 lectio
793 3013 832 3064 Ae
850 3011 918 3063 tua:
949 3009 1086 3092 idemque
1110 3010 1249 3091 loquendi

88 3080 469 3206 aestumat
483 3083 647 3207 aaa·
668 3081 1249 3206 r

89 3220 140 3271 s'ila
160 3221 197 3302 in·
210 3222 293 3272 Vind.
317 3227 339 3276 l.
361 3233 404 3274 est
423 3223 499 3276 alio:
518 3226 616 3278 sedin
634 3242 681 3278 ma
720 3264 725 3276 .
747 3225 784 3277 ul.
804 3223 866 3280 itta.
887 3223 971 3275 Vind.
992 3225 1017 3276 2.
1038 3222 1104 3303 voci
1128 3222 1183 3275 itta
1196 3240 1248 3306 'su-

87 3308 124 3413 Ξῖ
127 3292 814 3421 ‘'itt‘'ltd‘li.dimitteretis?
816 3295 1121 3418 ihtnt‘tett‘·
1133 3292 1245 3430 1333

87 3452 174 3504 quam
191 3433 279 3486 habet
296 3436 380 3488 Vind.
401 3438 439 3500 2.,
468 3435 499 3487 in
517 3439 656 3491 orationis
674 3439 778 3493 seriem
803 3446 958 3508 receptam.
995 3381 1146 3487 Eiusmodi
1171 3435 1247 3510 glos-

85 3506 123 3556 sis
143 3514 170 3558 et
189 3506 344 3558 verborum
372 3507 590 3561 traiectionihus
613 3511 743 3563 consulto
767 3510 853 3561 factis
871 3508 973 3581 plenus
1000 3515 1043 3558 est
1070 3505 1122 3558 ille
1141 3507 1243 3561 Cedere

86 3576 127 3629 De
146 3577 273 3629 formula
291 3584 320 3630 at
339 3578 391 3631 tua
408 3579 466 3631 vid.
491 3580 596 3633 Handii
615 3581 774 3634 Tursellin.
793 3580 828 3633 Τ.
848 3581 871 3632 l.
899 3598 927 3649 p.
948 3581 1001 3634 429
1020 3596 1061 3647 tq·
1099 3578 1143 3631 Ad
1162 3594 1246 3631 mm

85 3649 168 3699 verbi
186 3654 302 3715 maeret,
322 3651 398 3722 quod
416 3650 508 3704 abesse
527 3651 568 3704 ait
587 3670 603 3703 a
621 3651 690 3718 MS,
710 3651 888 3721 nescioquo,
907 3649 992 3702 Verb.
1013 3648 1242 3707 vidGernhard.

85 3719 120 3768 ad
139 3719 198 3770 Cic.
218 3722 296 3773 lael.
316 3723 364 3775 1v.
387 3724 428 3776 14.
456 3740 484 3792 p.
505 3725 548 3778 36.
586 3722 680 3775 Habet
707 3724 796 3776 etiarn
818 3740 893 3774 unus
916 3722 967 3774 01.
997 3720 1061 3773 loco
1088 3721 1245 3773 verborum

85 3794 116 3837 at
134 3788 186 3840 illa
205 3808 310 3843 nornen
328 3793 429 3845 matris
454 3803 625 3863 corruptum
644 3794 768 3847 Eooudm
795 3793 869 3845 elius
893 3809 947 3863 pro
972 3791 1047 3844 aaut
1064 3791 1151 3843 hahet
1175 3807 1246 3844 non·

85 3859 142 3909 nisi
161 3859 212 3923 et'c,
232 3863 304 3914 alius
323 3863 438 3916 nonnisi
457 3872 497 3916 ui.
537 3865 597 3918 Mr.

159 3931 239 3996 Vidi,
259 3932 354 3987 cidere
372 3935 446 4004 quod
463 3952 509 3988 me
525 3951 613 4004 passo
630 3933 800 4004 aegerrime]
837 3935 916 3987 Hier.
937 3933 1074 3986 Columna
1100 3931 1136 3985 ad
1153 3932 1243 3988 Ennii

82 4002 200 4077 Fragm.
220 4021 284 4078 pag.
305 4008 366 4061 239.
387 4007 512 4076 reponit,
536 4006 615 4072 Vidi,
642 4007 789 4078 videreque
805 4021 893 4075 parea
912 4020 972 4058 eum
999 4003 1167 4071 aegerrime.
1205 4003 1243 4057 Aa

81 4072 153 4126 haec
172 4093 238 4126 sane
257 4076 423 4129 coniectura
441 4078 528 4130 metri
547 4079 626 4160 leges
644 4079 744 4131 violat.
782 4077 846 4129 Nisi
865 4079 941 4128 forte
961 4074 1145 4141 rescribatur,
1173 4073 1244 4129 Vidi

81 4145 176 4199 cidere
194 4146 267 4212 quod
285 4165 347 4198 sum
362 4162 450 4217 passu
468 4164 647 4217 aegerrume,
673 4149 812 4202 servande
830 4156 873 4201 est
898 4147 1017 4222 vulgata
1042 4146 1142 4214 lectio,
1170 4162 1244 4216 quae

83 4217 237 4269 Msstorum
255 4219 311 4270 fide
331 4218 446 4283 nititur,
467 4228 495 4272 et
513 4221 609 4272 versui
629 4222 700 4273 hene
719 4219 866 4272 convenit.
903 4218 940 4272 D.

155 4288 232 4353 Vidi,
261 4288 358 4342 videre
406 4290 461 4342 aod
488 4306 531 4343 me
554 4307 641 4359 parea
669 4289 846 4357 aegerrume]
883 4289 952 4341 Dav.
982 4288 1014 4340 in
1036 4289 1089 4342 Ed.
1112 4293 1135 4343 l.
1170 4286 1241 4337 Ven-

83 4358 151 4411 1491
177 4377 243 4410 suae
267 4370 363 4413 annot.
387 4308 463 4414 laec
481 4363 660 4432 praemittit:
688 4362 786 4428 „Vide
803 4361 899 4414 cidere
917 4359 991 4430 qaod
1008 4376 1052 4412 me
1072 4372 1158 4427 passa
1178 4363 1241 4408 reret

80 4429 256 4496 aegerrime:
277 4431 381 4497 editor,
400 4432 426 4484 si
444 4449 498 4501 per
514 4433 731 4509 typographum
756 4433 896 4500 licuisset,
923 4432 1020 4486 voluit
1046 4445 1119 4482 eum
1143 4440 1242 4496 aeger·
