2828 5070
21 311 85 380 3oe
225 307 456 378 CICERONIS
475 309 725 380 TUSCULAN.
744 311 1008 386 msrtmr.

185 470 345 540 Aevomei
371 497 423 540 ere
422 521 590 550 ......

21 556 184 644 Intelligit
204 561 301 642 poite
326 498 473 643 pladens
494 559 623 623 terendi
648 560 775 625 doloris
804 566 1105 632 consuetudinem
1125 587 1169 629 en

19 659 86 702 non
107 640 380 705 contemnendam
409 645 614 732 magistrum.
658 645 766 727 Atque
788 643 851 708 ille
874 667 956 711 non
976 651 1169 716 immoderm

20 725 198 810 magnoin
220 722 347 803 dolore,

127 851 145 880 ,
185 805 347 885 Retinite,
371 805 491 870 lenite!
512 806 791 889 opprimentem:

123 910 129 925 ⁴
184 886 323 952 Nndo'te.
366 890 442 953 Heu
456 911 502 952 me
521 894 683 959 miserum!
705 889 894 959 incensior.

18 967 140 1052 Incipit
160 969 245 1032 labi:
268 971 387 1036 deinde
408 974 497 1036 illico
519 972 651 1053 desinit,

22 1076 144 1087 ——ae-e
400 1083 435 1090 -0

17 1120 73 1182 ris)
93 1120 275 1176 scribendum
295 1140 354 1178 esse
373 1124 508 1192 coniecit,
536 1124 612 1194 quod
635 1125 748 1195 recepit
769 1123 970 1182 FAWolnm
998 1130 1035 1184 in
1053 1131 1106 1187 m
1122 1133 1169 1189 22

17 1189 144 1260 indeque
162 1191 246 1247 Sohz.
284 1195 318 1248 In
337 1196 431 1264 prima
449 1196 640 1252 Edwollius
659 1203 761 1260 contre
778 1202 921 1251 metrum
944 1202 1114 1272 scripserst
1127 1219 1170 1256 ees·
1213 1194 1215 1200 ’

16 1263 127 1328 suetu’s,
146 1263 223 1332 quod
240 1264 301 1334 ipse
318 1268 490 1319 retractavit
509 1269 539 1320 in
559 1265 677 1331 sobolis,
696 1263 745 1320 sed
763 1265 910 1335 cupidius
934 1280 1100 1343 arreptum
1117 1282 1170 1328 ees

14 1329 235 1400 Koe12etBill.
256 1352 380 1404 quorum
405 1339 552 1408 posterior
574 1339 615 1391 ite
637 1336 742 1390 ictibus
762 1340 885 1389 ornavit
915 1356 1067 1397 versum:
1098 1343 1171 1406 Μ,

15 1403 65 1473 qui
82 1406 238 1456 consuitu’s
256 1407 286 1457 in
304 1407 405 1470 omnis,
424 1409 455 1460 in
474 1415 684 1465 annotantem
702 1406 774 1461 dicit
790 1423 923 1460 versum
946 1427 1016 1467 esse
1034 1415 1172 1485 percensis·

15 1489 100 1527 cum.-
119 1476 150 1527 in
169 1492 226 1544 quo
244 1475 346 1530 dubius
364 1476 476 1540 haeres,
495 1488 593 1531 utrum
611 1496 713 1532 versus
732 1477 947 1546 scriptionem,
971 1500 1013 1537 an
1032 1486 1172 1539 montio

13 1559 82 1666 tit
100 1547 194 1668 'iiiii
209 1547 334 1684 titt?
371 1550 531 1672 ''tlt'‘
549 1549 776 1674 iiui‘oii‘l’
790 1547 1172 1693 timisti&

15 1682 104 1738 Godd.
130 1686 204 1743 Gud.
224 1691 250 1743 1.
270 1689 295 1741 2.
341 1687 421 1742 Unus
447 1638 609 1744 quqbebet
634 1688 839 1744 consuetudini
845 1707 869 1742 s.
914 1644 1032 1770 Pergll
1060 1698 1170 1752 Viuite

12 1755 185 1825 magistram
204 1772 264 1812 esse
283 1776 337 1813 non
356 1763 584 1815 contemnendam.
622 1762 694 1814 Voci
710 1760 760 1813 itte
777 1760 808 1812 in
828 1759 903 1813 God.
927 1764 1026 1820 Vind.
1045 1770 1075 1824 ².
1093 1785 1172 1839 supe*

14 1827 158 1897 scriptum
182 1836 225 1882 est
254 1830 360 1884 Ulixes.
398 1832 432 1884 In
455 1832 527 1886 Gud.
547 1836 572 1887 2
603 1831 742 1884 scribitur
767 1835 850 1898 atque
877 1847 977 1888 vero
1006 1839 1089 1892 imm.
1115 1841 1170 1922 Δις.

13 1899 125 1951 omittit
143 1900 192 1952 itte
210 1916 279 1964 non3
298 1901 354 1954 dno
370 1900 440 1953 Oxx.
460 1904 597 1955 omittunt
615 1919 676 1955 non.
692 1902 734 1954 Au
757 1916 832 1985 .pro
852 1917 972 1971 magno
985 1905 1081 1965 lubet
1097 1910 1171 1963 nine

12 1963 111 2021 Duisb.
132 1968 217 2022 babet
235 1971 265 2023 in
284 1988 394 2038 magno.
416 1971 505 2026 Rebd.
526 1981 592 2043 post
610 1974 705 2027 dolore
723 1920 804 2025 alne
821 1970 967 2046 glossam
989 1979 1098 2052 inquit.
1124 1980 1169 2036 He.

83 2038 212 2092 Retinete
231 2042 298 2107 etc]
334 2042 479 2106 „Habebis
498 2041 671 2108 Trochseos,
697 2044 722 2095 si
739 2043 781 2094 its
799 2041 993 2113 scripseris:

120 2135 153 2145 -
172 2140 206 2151 -
225 2142 256 2152 -
278 2143 310 2153 -
328 2112 454 2178 retinete,
472 2119 569 2177 tenete,
588 2113 724 2181 opprimit
1107 2163 1111 2168 .

121 2178 215 2237 Ulcus.
251 2181 373 2250 Nudote,
395 2181 455 2251 beu,
473 2183 605 2236 miserum
622 2187 684 2236 met
706 2181 869 2236 Excrucior
888 2215 924 2228 -
950 2219 991 2233 ..
1014 2219 1051 2232 -

11 2245 51 2302 Et
68 2248 101 2304 in
124 2267 219 2321 seqep:
491 2312 493 2315 .

117 2352 151 2364 —
170 2350 203 2359 —
221 2325 339 2391 operite,
362 2324 509 2390 abscedite,
534 2325 593 2378 iam
611 2324 669 2378 iam
687 2321 847 2377 dimittit
857 2339 883 2376 e.
1042 2385 1045 2389 p

116 2391 189 2446 Nam
207 2401 360 2448 attrectatu
378 2404 405 2449 et
425 2412 525 2466 quassu
545 2413 654 2448 coenum
673 2394 845 2463 amplificati
865 2395 1012 2456 dolorem
1039 2407 1132 2464 miti.

8 2462 88 2538 Lego
114 2463 259 2532 dimittite,
284 2473 317 2517 ut
336 2473 378 2520 eet
397 2467 428 2519 in
452 2466 603 2520 nonnullis
622 2464 698 2519 MSS.
719 2474 749 2518 et
765 2480 823 2517 nno
841 2465 933 2522 Leid.
977 2474 1097 2532 Addidi
1117 2473 1171 2530 „ili

9 2533 192 2588 solummodo
210 2545 243 2588 nt
261 2536 434 2612 significem,
458 2536 515 2591 hoc
532 2536 581 2590 vel
600 2535 692 2589 simili
709 2533 849 2589 vocabulo
876 2554 976 2608 posse
997 2563 1121 2604 versum
1135 2564 1172 2603 es.

8 2602 118 2674 pleri.“
144 2604 322 2660 Boubierine.

78 2674 207 2730 Retinete
227 2707 259 2715 —
279 2678 444 2749 opprimite]
478 2680 518 2747 „i
539 2695 562 2734 e.
583 2677 704 2731 humum
722 2692 760 2729 me
777 2674 935 2733 dimittite.
987 2687 1100 2745 Ver-10,-

173 2747 311 2814 Helles,
339 2750 479 2817 haltet,
504 2751 596 2804 lalst
621 2747 719 2803 mich
739 2745 899 2800 nisdert

7 2813 150 2871 virinum
167 2817 238 2872 baec
257 2823 332 2874 ratio
350 2823 480 2875 videtur:

171 2890 310 2958 Retinete,
330 2900 425 2957 tenete,
450 2890 706 2962 opprimentibus

170 2961 297 3016 Nudote.
323 2962 374 3016 deu
393 2963 528 3016 miserum
545 2965 606 3016 me!
632 2960 786 3014 excrucior.
806 2992 838 3001 -

171 3032 294 3102 Operite,
322 3033 472 3099 abscedite,
499 3035 558 3087 iam
581 3033 641 3086 inm
666 3050 719 3086 me

169 3105 292 3158 Mittite.
329 3105 403 3159 Nom
422 3110 571 3158 attrectatu
590 3109 617 3157 et
639 3117 744 3173 quassu

167 3175 287 3229 Saevum
310 3176 491 3245 amplificatis
518 3175 674 3228 dotorem.“
707 3173 818 3228 Nissen.

74 3244 210 3310 Retinele,
237 3253 332 3313 tenete,
359 3246 532 3318 opprimite]
568 3245 742 3299 Pithoeenus
761 3242 857 3296 (lodex
874 3259 911 3312 op

20 3333 93 3369 enus
111 3316 288 3371 Guhelmuus
307 3318 430 3392 legebat,
449 3324 580 3402 opprimet
597 3317 656 3371 heu
675 3315 779 3378 Ulcus,·
802 3319 831 3364 et
850 3312 900 3367 ullu
968 3323 976 3335 ”

164 3527 302 3593 Retinete,
328 3534 424 3594 tenete,
451 3529 576 3598 opprimi
591 3533 626 3594 te,
645 3529 724 3580 nicus

163 3597 292 3662 Nndnte;
318 3596 370 3652 deu
387 3600 520 3653 nuseium
539 3602 602 3653 mel
628 3597 781 3653 exnocior.

8 3676 13 3692 ⁹
50 3665 139 3753 ⁰·.G·
159 3669 186 3723 J.
205 3669 320 3723 Vossius
339 3671 454 3748 Fragm.
473 3670 588 3747 Tragic.
608 3688 674 3747 pag.
695 3673 756 3727 101.
775 3670 1027 3742 interpunctione
1048 3687 1165 3744 motolo,

20 3765 24 3783 ε
50 3748 126 3794 onst:

28 3757 49 3812 P
161 3810 297 3879 Retinete,
326 3818 426 3880 tenete,
452 3811 594 3884 opprimit
611 3811 700 3876 uicus,

161 3883 274 3936 Nndote
293 3890 347 3937 etc.

25 3966 63 4004 on
82 3962 177 4009 autem
196 3952 292 4018 video,
320 3971 373 4008 cur
391 3972 406 4006 a
424 3954 511 4007 libris
529 3953 647 4024 scriptis
664 3950 806 4006 abeamus.
843 3953 879 4007 D.

65 4023 205 4088 Retinete,
225 4027 332 4078 tenete!
357 4025 491 4093 opprimit
508 4026 597 4078 olcus:
623 4023 744 4076 Nudote.
781 4023 842 4077 Heu
860 4040 905 4078 me
921 4026 1088 4087 mices-uem!
1113 4049 1158 4087 η.

11 4092 129 4161 micion]
167 4095 210 4147 lte
235 4096 342 4166 scripsi
366 4113 433 4148 oum
450 4094 623 4156 niiwilen,
650 4091 735 4147 Schz.
763 4102 793 4146 et
810 4095 857 4147 Or.
877 4095 1077 4159 distinctione
1096 4113 1157 4159 tun·

35 4190 50 4210 ι·
85 4165 253 4236 paullulum
282 4167 444 4219 immutate.
482 4164 709 4234 corruptionem
737 4180 799 4218 esse
823 4162 979 4222 admodum
1007 4181 1155 4228 vetustam

1 4236 17 4280 '‹
43 4235 129 4291 libris
147 4234 236 4302 MSS,
254 4236 366 4307 liquido
385 4236 563 4291 demonstrat
581 4232 649 4292 (iod
668 4235 886 4306 antiquissimus
904 4237 983 4291 Gud.
996 4245 1023 4296 1.
1045 4243 1081 4298 in
1099 4258 1155 4317 qno

0 4347 50 4395 et:
70 4343 200 4410 retinete,
219 4313 334 4430 ’ζέω
352 4340 503 4410 opprimite
519 4344 599 4411 “²093
623 4341 711 4395 ltlsrb.
730 4339 849 4397 exbibet
865 4342 1021 4412 opprimit
1038 4350 1152 4414 usim

2 4445 75 4504 iod.
96 4452 120 4507 1.
140 4447 291 4521 opprimite
308 4448 448 4512 estnec,-
472 4446 522 4503 nbi
540 4446 672 4524 ignoscis
690 4446 1009 4525 menomgtomtoru,
1030 4453 1089 4524 qui
1105 4469 1153 4510 re·
