2828 5070
71 324 101 389 a
217 390 220 395 ,
562 318 691 382 ursan
711 318 755 397 n,
778 320 827 383 ιι.
1207 318 1273 385 ou

71 516 103 558 ι
117 488 185 556 uir,
213 495 310 546 natus
333 484 373 546 ad
395 486 548 573 gloriam,
571 484 671 545 ullam
693 493 823 567 partem
845 485 947 545 animi
969 492 1037 544 tam
1058 485 1193 549 mollem
1214 480 1273 546 ba·

71 602 102 641 ,ι
118 567 221 644 babit,
245 588 341 649 quarn
364 591 430 629 non
453 568 670 629 meditatione
681 576 715 628 et
729 570 861 628 rationo
882 567 1101 629 corroborati
1129 562 1274 633 Crudele

71 686 100 727 Ι
143 648 344 712 ladiaborum
366 652 590 735 spectaculum
613 661 647 712 ot
668 650 886 710 inhumanum
908 650 1076 711 nonnullis
1095 651 1273 712 videriso-

71 772 90 811 ι
119 670 180 794 iet:
193 741 238 794 -et
258 733 346 794 haud
367 736 437 794 scio
459 752 501 794 an
522 736 569 794 ita
591 736 645 804 sit,
666 741 707 794 ut
727 752 815 793 nunc
837 733 885 796 fit.
925 733 1035 795 Quum
1056 750 1141 793 voro
1163 743 1274 796 sontes

118 816 212 877 terro
234 814 479 901 depugnabant,
509 817 647 880 auribus
676 820 818 877 fortasse
839 814 975 892 multae,
1004 816 1111 876 oculis
1141 815 1276 896 quidem

120 1000 187 1036 curn
211 994 307 1036 tamen
326 987 469 1038 sententia
493 987 544 1038 sit:
570 987 651 1039 vides
677 986 845 1052 Samnitem,
873 986 1022 1040 hominem
1044 1002 1190 1056 spurcum,
1221 986 1276 1040 hoc

71 1046 96 1057 ”
119 1072 216 1126 posse:
240 1054 313 1119 Ἰ(Ιιοιι
338 1057 431 1132 igitur
449 1059 598 1132 cognitum
624 1066 666 1112 est
690 1067 776 1128 atque
802 1058 1016 1141 exploratum)
1045 1074 1138 1110 nonne
1164 1057 1197 1109 ab
1220 1058 1275 1110 boc

71 1126 92 1161 Ι
121 1126 199 1248 quod
225 1127 375 1201 cognitum
399 1138 450 1194 est,
475 1138 503 1181 et
530 1129 624 1182 nsiuua
650 1131 778 1200 itemque
802 1131 923 1183 minoris
941 1129 1111 1193 habendum,
1138 1126 1276 1182 concluet'e

71 1198 91 1235 Ι
144 1198 188 1249 eri
213 1205 241 1250 et
266 1208 359 1267 potest
383 1209 412 1251 et
440 1199 523 1253 debet
548 1201 587 1252 od
612 1200 713 1266 rricius,
741 1201 775 1254 de
795 1218 851 1270 quo
875 1204 996 1253 fortasse
1016 1200 1038 1251 ii
1057 1200 1197 1265 dubitant,
1226 1200 1277 1270 qui

86 1274 90 1283 '
120 1268 182 1319 vim
202 1268 355 1338 sapientiae
380 1287 437 1322 non
463 1281 579 1336 norunt,
602 1273 700 1323 virum
725 1273 865 1325 nimirum
892 1273 1060 1342 sapientem,
1093 1272 1127 1324 ad
1151 1271 1277 1347 gloriam

71 1344 87 1377 ¹
121 1348 230 1403 natum,
247 1341 374 1391 animum
394 1342 433 1393 ita
451 1359 530 1412 posse
549 1343 745 1409 corroborare,
765 1352 852 1397 utne
872 1343 942 1413 qnid
960 1343 1097 1395 mollitiei
1116 1345 1223 1396 restet?
1243 1372 1276 1385 -

71 1416 89 1449 ¹
121 1412 177 1463 Pro
196 1412 315 1466 crudele.
337 1412 403 1465 Cod.
425 1412 497 1489 Aug.
518 1412 612 1465 wude.
649 1415 709 1467 Mr.
916 1447 921 1459 ·

71 1488 87 1523 Ι
194 1487 221 1532 et
245 1481 320 1535 baud
342 1483 402 1536 acio
426 1499 462 1537 en
485 1485 528 1537 s'tu
552 1480 601 1548 eal,
629 1493 660 1537 ut
687 1499 758 1537 stunc
781 1484 823 1551 fit]
859 1485 894 1537 ln
915 1501 1007 1560 marg.
1027 1480 1103 1537 Gall.
1131 1492 1160 1537 et
1178 1481 1275 1537 bamb.

71 1562 85 1593 ¹
123 1551 276 1606 scribitur:
297 1556 364 1607 sort.
385 1561 412 1606 ut
431 1572 500 1608 stunc
520 1556 659 1625 quidem
675 1558 714 1622 fit.
734 1556 916 1620 lloubierius,
936 1572 993 1609 non
1012 1563 1071 1606 tam
1086 1552 1279 1607 inhumanum

71 1634 82 1665 Ι
123 1639 181 1674 esse
200 1624 370 1678 Ciceronem
389 1628 563 1691 existimans,
590 1636 624 1679 ut
642 1629 686 1678 sui
704 1626 843 1697 temporis
862 1628 944 1679 ludos
962 1626 1148 1702 gladiatorios
1166 1626 1277 1697 prebet,

71 1724 79 1757 Ι
123 1694 225 1764 quibus
244 1697 368 1750 insontes
389 1699 476 1750 etiam
495 1700 658 1772 depugnare
678 1700 861 1772 cogebantur,
881 1698 992 1773 corrigi
1010 1697 1138 1749 volebat:
1159 1704 1184 1750 et
1203 1696 1279 1750 baud

71 1820 74 1825 ,
123 1765 182 1818 acio
202 1783 238 1818 an
258 1784 324 1821 non
351 1768 392 1821 itu
418 1770 466 1834 eit,
495 1777 526 1822 ut
548 1785 618 1822 stasne
644 1773 684 1836 fit.
723 1769 776 1822 Sed
801 1770 897 1821 virum
924 1768 1119 1821 doctissimum
1143 1768 1203 1838 ipsa
1230 1785 1280 1820 sua

71 1866 76 1897 ς
123 1839 304 1892 correctione
323 1841 457 1893 Ciceroni
476 1840 506 1891 id
525 1842 637 1892 crimen
656 1843 775 1903 inferre,
803 1859 819 1891 a
842 1856 898 1909 quo
918 1857 983 1892 eum
1008 1838 1131 1891 liberare
1153 1838 1279 1904 volebat,

71 1924 75 1971 ι
123 1924 209 1959 nemo
226 1926 284 1960 non
302 1911 391 1975 ridet,
412 1911 462 1979 qui
482 1912 673 1963 fonnularum
690 1910 766 1964 baud
783 1911 842 1963 scio
867 1927 915 1978 ou,
944 1919 971 1963 et
990 1908 1065 1962 baud
1083 1909 1141 1963 ecio
1170 1925 1207 1962 un
1224 1924 1279 1964 uon

71 2012 75 2043 ι
124 1980 296 2031 seutentiam
316 1989 345 2032 et
363 2000 446 2033 usum
464 1991 553 2035 tenet.
592 1983 650 2035 Mr.

195 2049 281 2103 Haud
298 2053 357 2104 acio
377 2069 413 2105 an
432 2053 473 2106 itu
492 2053 541 2120 sit]
578 2052 712 2123 Plerique
731 2053 848 2106 Codices
866 2052 982 2116 habent,
1001 2059 1027 2104 et
1046 2052 1138 2104 adhuc
1164 2050 1224 2106 acio
1243 2066 1280 2105 uu

71 2158 73 2185 ;
124 2118 168 2172 t'tu
186 2121 242 2183 as't;
266 2131 294 2174 at
314 2124 374 2193 ipse
401 2141 496 2176 sensus
518 2124 653 2195 postulat,
679 2133 711 2175 ut
731 2125 777 2177 vel
804 2134 920 2194 recepta
941 2124 1029 2175 lectio
1052 2131 1198 2187 servetnr3
1230 2123 1281 2177 vel

71 2228 74 2253 ,
124 2192 310 2256 rescribatur,
330 2201 356 2246 et
376 2195 466 2248 adhuc
486 2197 580 2248 nescio
599 2210 634 2246 un
652 2195 695 2247 ita
714 2194 764 2260 ait,
784 2194 1024 2265 quemadmodum
1037 2194 1105 2245 dant
1114 2194 1172 2245 Pal.
1183 2202 1278 2264 quart.

124 2263 507 2319 bled.Ba11i01.etn1iens-.
533 2283 589 2320 sec.
626 2267 708 2318 Prius
735 2274 830 2318 tamen
849 2267 933 2318 malo.
969 2266 1124 2334 Utcunque
1150 2265 1197 2329 sit,
1231 2280 1281 2319 no·

124 2341 185 2384 ster
202 2334 366 2415 gladiatorii
391 2338 545 2407 spectaculi
573 2337 775 2389 crudelitatem
801 2336 906 2388 merito
931 2335 1055 2400 damnat,
1084 2335 1160 2403 quod
1184 2344 1281 2389 tamen

125 2412 253 2473 apertius
272 2415 301 2458 et
319 2407 519 2460 vehementius
545 2408 617 2460 facit
636 2408 742 2461 Seneca
759 2409 833 2478 Epp.
854 2410 879 2471 l,
898 2409 941 2462 95.
978 2406 1051 2458 Vide
1074 2413 1102 2457 et
1126 2404 1282 2460 Philostra-

126 2482 189 2525 tum
212 2475 265 2526 vit.
290 2476 386 2545 Apoll.
411 2478 461 2530 lib.
487 2481 535 2532 lV.
564 2496 623 2549 cap.
644 2482 687 2534 22.
717 2494 748 2529 ac
773 2478 956 2530 Lactantium
973 2476 1039 2530 mv.
1065 2476 1136 2528 lust.
1161 2475 1211 2528 lib.
1231 2479 1279 2530 Vl.

126 2562 186 2614 cap.
212 2548 255 2599 20.
293 2549 376 2600 Licet
400 2558 495 2601 autem
518 2549 669 2601 hominum
693 2548 903 2623 iugulationem
935 2565 1002 2600 cum
1030 2544 1131 2617 plausu
1163 2549 1281 2618 risuque

126 2618 314 2688 contemplati
339 2619 396 2670 sint
421 2621 560 2685 Romani,
593 2620 668 2689 quod
695 2629 792 2672 monet
822 2620 959 2673 Nicolaus
989 2619 1177 2670 Damascenus
1207 2618 1281 2690 apud

125 2685 309 2739 Athenaeum
327 2688 377 2741 lib.
398 2690 445 2741 IV.
466 2708 530 2775 pag.
553 2694 612 2746 153.
651 2691 754 2744 Graeci
778 2699 883 2744 tamen¹
898 2690 1053 2759 ludaeique
1079 2690 1212 2742 Rornanis
1236 2689 1281 2742 ni·

125 2756 188 2809 hilo
211 2759 346 2812 meliores
370 2779 385 2812 a
410 2763 576 2814 muneribus
601 2761 681 2815 hisce
707 2762 836 2832 primum
869 2763 1028 2831 conspectis
1058 2759 1279 2814 abhorruerunt.

125 2827 199 2880 Vide
217 2829 415 2883 doctissimum
433 2834 532 2884 virsrm
550 2835 631 2885 Joan.
651 2832 799 2886 clericum
826 2832 889 2884 Art.
908 2832 979 2885 erit.
1005 2833 1078 2883 Part.
1099 2832 1136 2884 11.
1160 2831 1236 2886 Sect.
1256 2833 1279 2884 l.

126 2914 187 2968 cap.
208 2900 256 2964 Vl,
277 2905 301 2954 ⁷.
340 2903 416 2954 Hinc
436 2912 545 2956 constat
565 2915 670 2973 quauta
689 2905 726 2955 sit
745 2903 955 2955 consuetudinis
973 2903 1017 2954 vis
1036 2911 1064 2955 et
1102 2911 1213 2955 otestas.
1242 2902 1279 2956 D.

198 2970 235 3022 Et
255 2970 331 3024 baud
348 2975 417 3039 acio,
444 2991 480 3027 un
506 2976 549 3027 itu
574 2976 637 3042 ait]
675 2974 759 3027 Codd.
789 2974 862 3027 Gud.
884 2979 908 3029 l.
928 2977 953 3028 2.
980 2972 1053 3047 Aug.
1080 2920 1179 3025 Buisb.
1206 2973 1280 3026 Gud.

127 3042 214 3093 lttarb.
236 3043 291 3095 duo
310 3045 379 3097 Ona.
401 3052 427 3097 et
446 3045 559 3098 adbuc
576 3047 646 3100 acio.
682 3046 763 3099 Unus
783 3046 831 3097 Ox.
853 3051 879 3098 et
898 3043 1016 3097 adbuc
1034 3046 1162 3095 nescio.
1190 3044 1279 3096 llehd.

128 3119 154 3164 et
173 3110 320 3166 addeceat
340 3117 391 3180 itu,
412 3117 484 3170 aicut
503 3124 529 3169 et
548 3134 632 3170 astrue:
652 3134 736 3186 supra
755 3117 807 3167 lin.
828 3122 865 3169 ut
883 3132 961 3168 nunc.
999 3112 1040 3167 De
1065 3115 1281 3168 constructione

127 3201 155 3232 v.
180 3185 285 3235 llandii
310 3188 508 3239 Tursellinnrn
533 3189 555 3239 l.
582 3207 610 3258 p.
635 3191 696 3243 317.
726 3187 888 3241 Gernherd.
919 3187 953 3239 ad
979 3186 1038 3239 cic.
1064 3183 1142 3236 Lael.
1171 3203 1198 3254 p.
1219 3187 1281 3240 251.

128 3253 219 3306 Habet
238 3260 270 3305 et
289 3272 360 3308 ιιιιιιο
378 3258 466 3309 etiam
483 3278 556 3309 unus
576 3262 636 3324 Ox„
657 3258 731 3311 alius
748 3260 839 3325 fortes
857 3274 910 3328 pro
935 3263 1038 3310 contet.
1076 3254 1152 3307 Tum
1177 3255 1283 3324 depug-

130 3325 340 3450 ncqqqnltsserro
364 3328 436 3380 Edd.
462 3331 492 3381 P.
523 3328 556 3381 Α.
584 3332 613 3382 Β.
641 3329 669 3383 Β.
695 3331 728 3383 Ε.
749 3331 780 3384 G.
808 3331 878 3382 Ven.
898 3334 990 3381 nostr.
1020 3327 1083 3378 Asc.
1106 3328 1175 3399 192.
1201 3328 1281 3380 Junt.

130 3397 156 3447 H
203 3413 218 3448 0
248 3434 253 3446 ·
292 3400 354 3450 Mr-

130 3490 133 3495 ·
200 3468 316 3520 auribus
333 3470 456 3534 fortusse
479 3470 582 3523 multus
601 3471 669 3538 etc]
706 3470 851 3542 Koepkius
868 3473 903 3523 V.
923 3471 954 3525 G.
983 3472 1014 3524 in
1033 3469 1283 3535 commentatione,

130 3555 201 3607 quae
222 3538 408 3593 inscribitur:
430 3542 575 3596 Warum
593 3542 673 3594 sind
691 3542 747 3594 die
766 3544 893 3596 Rbmer
911 3541 956 3593 im
969 3538 1205 3611 Traucrspiel
1250 3556 1284 3593 e·

155 3625 194 3660 en
213 3610 268 3662 die
288 3612 475 3665 Griechen
498 3612 852 3689 aurilclcgeblieben?
874 3614 918 3680 (V.
943 3612 1074 3666 Seebodii
1098 3613 1134 3665 N.
1160 3611 1220 3663 Arc
1244 3612 1282 3664 ἰ.

128 3627 149 3729 ἱ
170 3681 274 3734 Philol.
294 3701 321 3734 u.
342 3684 459 3759 Paedag.
480 3685 502 3735 l.
524 3689 548 3738 l.
568 3687 594 3739 2.
614 3702 642 3767 p.
663 3682 719 3747 55.)
737 3685 812 3753 apud
850 3683 979 3754 epulum,
1003 3683 1085 3735 cuius
1106 3681 1165 3734 viri
1183 3681 1284 3733 husua-

128 3751 218 3802 nitate
238 3762 267 3803 et
286 3754 416 3806 doctrina
434 3755 681 3825 praestantissimi,
707 3755 799 3823 qualis
823 3702 924 3808 gicero
948 3754 1016 3817 fuit,
1039 3753 1119 3805 ludos
1144 3752 1284 3826 gladiato-

128 3820 186 3871 rios
205 3824 391 3875 fortissimam
411 3842 469 3878 esse
489 3825 719 3879 existimaverint
738 3826 830 3877 oculis
848 3833 949 3877 contra
968 3824 1096 3876 dolorem
1116 3831 1145 3876 et
1159 3831 1284 3876 mortem

130 3890 323 3961 disciplinam,
349 3897 423 3965 apud
442 3896 520 3947 hunc
544 3897 638 3971 igitur
663 3896 803 3967 populum
827 3894 1016 3972 Tragoediam
1042 3895 1102 3945 sive
1127 3900 1220 3945 artem
1247 3894 1285 3946 il·

128 3962 186 4013 lam
213 3963 389 4017 Graecorum
412 3966 554 4041 tragicam
576 3985 634 4020 non
651 3967 775 4038 potuisse
803 3967 836 4018 ad
855 3982 998 4018 summum
1021 3965 1177 4035 pervenire
1203 3966 1284 4018 fasti·

129 4035 220 4107 glum,
246 4034 322 4086 haud
342 4037 449 4088 iniuria
475 4038 631 4091 contendit.
670 4037 750 4090 Adde
767 4038 840 4089 Plin.
867 4039 1006 4110 Panegyr.
1026 4034 1159 4087 xxxlll:
1184 4035 1284 4089 Vt'eum

128 4112 170 4158 cat
189 4107 375 4174 spectaculum
395 4105 625 4175 [gladiatorium]
645 4124 701 4162 uon
719 4106 826 4173 meree,
847 4123 897 4161 uec
913 4108 1026 4172 fluxum,
1053 4121 1103 4158 uec
1126 4106 1200 4175 prend
1218 4107 1283 4159 oni-

129 4192 186 4227 uroa
211 4177 339 4230 virorum
366 4179 507 4232 molliret
532 4186 559 4232 et
583 4183 759 4247 frangeret.-
784 4180 834 4232 ced
859 4178 931 4248 quod
957 4177 996 4229 ud
1021 4174 1139 4245 pulchra
1168 4176 1285 4229 culum

130 4253 350 4319 contemtumque
367 4251 469 4302 ceorlis
488 4252 658 4318 accenderet,
685 4266 745 4303 cum
764 4251 794 4303 s'n
812 4265 955 4302 aereorum
974 4248 1060 4301 etium
1087 4246 1285 4313 noxiarumque

130 4320 346 4384 corporibus
372 4338 468 4375 umor
494 4322 615 4375 leudis
649 4328 683 4375 et
715 4321 840 4390 cupido
877 4320 1025 4388 gloriae
1056 4323 1283 4372 cerneretur.

129 4387 173 4438 Ad
192 4405 278 4456 quem
296 4391 393 4443 locum
412 4395 441 4446 G.
462 4394 497 4447 G.
518 4393 702 4447 Schwarzius
718 4411 746 4462 p.
770 4396 828 4448 122.
849 4392 1002 4462 Quidquid,
1028 4393 1078 4455 ait,
1104 4385 1284 4441 crudelitatis

130 4466 160 4509 et
183 4460 314 4511 saevitiei
340 4461 371 4513 in
398 4464 472 4517 ludia
490 4464 669 4539 gladiatoriis
687 4465 825 4528 occurrit,
844 4463 874 4518 id
891 4461 1074 4518 fortitudinis
1092 4454 1285 4512 accendendae
