2828 5070
491 329 619 396 uara
639 330 684 410 11,
705 329 736 397 v.
906 303 910 311 '
1149 327 1211 395 tta

55 518 222 581 asperum,
256 497 407 572 difficile,
440 494 607 573 odiosum,
637 505 755 559 contra
775 485 942 573 naturam,
977 492 1110 577 dicunt3
1150 512 1213 556 neo

54 593 166 644 tamen
187 581 321 643 malum.
365 581 443 651 Hic,
479 583 535 660 qui
563 581 670 642 solum
700 580 764 641 hoc
786 579 910 640 malurn
932 577 1026 654 dicit,
1053 586 1087 641 et
1109 577 1213 638 malo-

56 686 133 726 rum
155 667 306 725 omnium
328 672 525 739 extremum,
563 682 596 723 sa
623 665 745 724 ientem
778 672 890 722 censet
917 659 952 721 id
980 679 1082 722 suave
1103 660 1212 721 dictu·

56 770 144 810 rum.
195 748 264 831 Ego
293 767 311 807 a
338 755 372 807 te.
400 767 467 807 non
500 684 645 828 postidea,
684 755 723 808 ut
756 742 906 806 dolorem
939 741 1062 806 eisdem
1096 741 1254 804 verbislt

52 833 188 902 afficias,
212 831 331 911 quibus
348 830 513 911 Epicurus
536 830 752 912 voluptatem,
775 827 887 904 homo,
909 835 947 887 nt
964 829 1039 904 scis,
1060 825 1215 906 volupta-

49 941 375 952 *ΝΜ-...-
553 938 1114 948 --ῂ-Ὴ-η--ῌ-ψ-
1128 936 1204 945 ..φ-ι-

129 1001 185 1056 Qut
203 1017 260 1052 non
279 1002 368 1054 sotum
386 998 557 1053 baccaulum
576 1000 656 1062 dicit,
684 1000 733 1053 sed
751 999 885 1053 mulorum
913 997 1033 1052 omnium
1052 997 1215 1066 extremum]

56 1073 110 1126 Est
139 1091 173 1125 ex
196 1073 353 1124 acutissimi
380 1073 506 1124 Bentleii
535 1072 708 1125 coniectura.
745 1072 849 1146 Vulgo,
870 1070 919 1139 qui
937 1070 1027 1122 solum
1045 1066 1095 1121 doc
1113 1066 1217 1122 malum

59 1144 139 1208 dicte,
161 1152 189 1196 et
207 1145 345 1195 maloram
359 1151 413 1196 eto.
435 1160 488 1195 nec
507 1144 592 1195 aliam
611 1143 766 1194 lectionem
784 1159 853 1211 prae
869 1160 897 1194 se
916 1140 1152 1194 icruntCodices.
1177 1140 1215 1192 D.

130 1215 195 1279 llic,
215 1216 389 1282 puteolum
409 1213 580 1266 boematum
599 1214 679 1277 dicte,
705 1220 739 1265 et
758 1211 908 1280 malorum]
944 1212 1008 1276 „Ad
1033 1210 1104 1264 haec
1122 1211 1183 1264 Wo

58 1285 175 1337 kensius
255 1288 290 1340 81
315 1304 356 1355 sq.
366 1285 385 1313 ‘⁴
426 1286 568 1338 Absonum
589 1285 736 1356 quidpiam
760 1284 791 1335 in
815 1283 861 1334 his
880 1284 979 1335 videre
1007 1283 1083 1334 visus
1111 1288 1154 1333 est
1177 1228 1219 1334 cd:

58 1358 153 1408 Bentl.
191 1304 223 1409 di
241 1357 322 1426 prius
342 1359 439 1420 soluta,
460 1357 566 1426 inquit,
586 1355 725 1421 quomodo
744 1355 810 1408 dein
828 1354 1006 1408 extremum!
1031 1355 1070 1406 Et
1088 1370 1134 1405 me
1154 1353 1218 1422 qui·

60 1428 125 1479 dem
145 1427 302 1480 sollicitum
323 1428 375 1479 ista
394 1428 467 1480 ratio
486 1427 614 1489 haberet,
642 1428 667 1478 si
684 1427 856 1501 legeremus,
884 1424 933 1495 qm·
958 1440 1012 1478 nott
1030 1425 1112 1477 modo
1129 1424 1218 1478 tolum

60 1497 111 1551 doc
128 1500 231 1550 mutum
250 1498 331 1563 dicit,
360 1497 513 1551 sedetiam
531 1498 668 1552 mulorum
691 1496 813 1551 omnium
832 1503 999 1550 extremum.-
1027 1513 1114 1566 quem
1139 1495 1218 1548 enim

60 1586 120 1622 non
146 1569 305 1622 offenderet
332 1578 390 1621 tam
410 1570 506 1640 inepta
533 1569 670 1623 orationis
689 1568 873 1644 degradatio?
909 1570 969 1621 lam
987 1584 1056 1620 vero
1075 1567 1117 1618 sic
1135 1566 1218 1619 modo

62 1640 266 1711 interpretare,
286 1648 318 1692 ut
326 1641 470 1711 Epicurus
484 1641 611 1695 dolorem
630 1640 781 1711 aliquando
790 1639 898 1690 malum
914 1639 1044 1703 unicum,
1064 1637 1219 1708 aliquando

62 1723 225 1765 extremum
252 1711 368 1763 dixerit.
415 1713 525 1766 Haecce
552 1711 691 1772 orationis
718 1709 882 1786 degradatio
909 1710 1052 1762 facillime
1077 1708 1217 1779 concoqui

60 1800 141 1906 posse
160 1783 284 1845 videtur,
305 1799 372 1833 cum
390 1784 499 1851 saepius
519 1783 559 1835 ita
572 1783 706 1836 deficiant
719 1790 859 1844 auctores,
878 1778 928 1831 ubi
947 1798 1045 1833 rerum
1059 1779 1220 1833 describen-

81 1872 161 1906 arum
181 1853 378 1930 magnitudine
390 1854 630 1905 sufflaminantur.
660 1851 715 1917 [Ad
732 1852 804 1904 haec
823 1851 962 1903 Handius:
982 1852 1079 1903 Etiam
1093 1851 1220 1903 Orelliua

62 1925 287 1996 iuterpretatur:
317 1924 362 1992 qai
384 1925 466 1977 modo
489 1925 587 1987 solum,
616 1924 696 1977 niodo
722 1930 874 1977 extremum
897 1920 948 1975 loc
972 1923 1111 1975 mulorum
1136 1920 1218 1976 dicit.

63 1994 119 2048 Sed
141 1995 249 2047 vellem
277 1994 418 2048 docuisset
447 1996 476 2047 id
505 1996 629 2067 exprimi
651 2011 730 2066 possa
758 2012 812 2065 per
837 1994 1000 2064 simplicem
1024 1993 1155 2063 copulam
1182 1998 1219 2058 et,

63 2084 136 2137 quae
156 2074 268 2118 tantum
287 2067 411 2120 diversas
430 2068 585 2119 sententias
604 2066 762 2141 coniungit.
801 2065 895 2134 Atque
912 2065 968 2117 hoc
986 2063 1117 2131 sufficit]
1154 2064 1220 2116 Nou

63 2138 158 2213 igitur
176 2146 227 2202 est,
247 2154 300 2189 cur
317 2138 473 2191 lewrndum
492 2138 669 2191 arbitremur
694 2153 749 2191 non
767 2136 856 2190 sattim
876 2135 978 2190 -ted
999 2163 1030 2173 -
1054 2152 1120 2187 cum
1138 2151 1222 2204 prae-

62 2209 175 2272 sertim,
203 2205 306 2261 omisso
324 2183 475 2263 Adiectivo
502 2209 593 2263 toletan
619 2209 759 2262 sermonis
785 2206 925 2273 efficacia,
956 2217 1038 2276 quae'
1054 2205 1171 2276 quidem
1190 2206 1223 2258 in

61 2280 118 2333 hoc
146 2281 210 2333 loco
237 2279 361 2333 maxima
389 2281 563 2351 requiritur,
593 2280 715 2332 nimium
741 2278 934 2342 enervabitur,
964 2277 1076 2347 quando
1103 2276 1221 2346 quidem

63 2352 192 2404 dolorem
213 2368 269 2402 non
287 2359 400 2403 tantum
418 2352 561 2404 malorum
579 2360 751 2414 extremum,
780 2348 829 2401 scd
856 2349 943 2400 etiam
967 2348 1075 2399 rnalum
1102 2346 1222 2399 unicum

63 2422 236 2489 loquebatur
253 2422 398 2490 Epicurus
415 2423 467 2473 lib.
487 2424 520 2473 V.
547 2437 571 2474 c.
595 2425 638 2476 10:
671 2420 721 2491 qui
739 2419 783 2473 vel
798 2435 932 2473 summum
949 2418 995 2472 vel
1011 2417 1099 2472 solum
1118 2418 1223 2471 malum

65 2493 187 2545 dolorem
207 2507 269 2543 erre
288 2491 383 2544 dicat:
408 2493 465 2544 vid.
486 2509 510 2544 c.
530 2497 556 2549 9.
578 2500 606 2545 et
624 2493 668 2547 26.
705 2491 792 2543 Plura
817 2507 875 2542 non
898 2490 1022 2542 adieram
1048 2506 1101 2541 cur
1124 2490 1223 2542 locum

65 2564 180 2615 omnino
207 2562 351 2630 sincerum
378 2580 435 2616 esse
462 2563 592 2634 putem.“
618 2562 789 2615 Bouhierius
813 2560 940 2614 Bentleii
965 2560 1163 2614 coniecturam
1182 2560 1224 2614 ita

64 2634 175 2704 probat,
193 2641 226 2683 ut
247 2650 307 2685 eam
325 2641 422 2686 tamen
441 2636 516 2686 nolit
534 2653 549 2686 a
568 2634 683 2686 Davisio
703 2634 733 2685 in
752 2634 892 2687 contexta
911 2641 1064 2703 receptam.
1099 2633 1170 2685 Ern.
1191 2631 1224 2684 in

64 2713 159 2757 annot.
179 2703 311 2773 pmbavit
330 2722 390 2756 eam
409 2705 606 2758 coniecturam
625 2722 743 2775 eamque
763 2705 882 2776 recepit,
912 2705 942 2754 in
969 2720 1025 2773 quo
1046 2722 1112 2758 eum
1131 2701 1224 2756 secuti

64 2783 131 2828 sunt
150 2776 211 2845 Bip.
233 2773 317 2827 Schu.
349 2783 377 2827 et
401 2777 491 2829 Nobb.
511 2776 660 2829 Nissenius
685 2792 754 2830 vero
778 2775 800 2828 l.
821 2792 845 2829 c.
871 2776 905 2827 ad
924 2774 1079 2827 lectionem
1099 2775 1132 2827 ab
1150 2775 1221 2827 Ern.

64 2855 210 2916 receptam
230 2844 281 2910 „Si
301 2846 351 2911 ita,
376 2848 427 2913 ait,
455 2847 557 2901 Cicero
576 2846 707 2910 dedisset,
725 2847 806 2900 beno.
844 2845 900 2900 Sed
922 2846 994 2898 libri
1019 2863 1117 2900 omnes
1142 2844 1224 2899 exhi-

66 2918 148 2970 bent:
177 2916 226 2984 qui
243 2916 333 2970 tolum
357 2916 408 2971 doc
429 2949 457 2960 -
479 2925 513 2972 et.
552 2919 658 2973 Contra
678 2918 835 2988 quaeErn.
855 2918 880 2969 E
902 2917 1007 2981 icarus,
1033 2918 1140 2988 inquit,
1166 2932 1225 2969 non

64 2990 156 3042 solum
176 2989 304 3049 dolorem
324 2990 431 3042 malum
451 3007 510 3045 esse
529 2990 611 3042 dixit.
649 2991 811 3059 Perperam.
841 2936 921 3041 ludia
939 2989 972 3053 V,
991 2991 1018 3050 9,
1038 2991 1080 3045 26.
1101 2989 1135 3041 de
1154 2986 1225 3057 Epi-

65 3076 150 3113 curo:
171 3059 228 3113 διά
245 3059 373 3120 lociana
393 3061 470 3114 nisit
488 3062 537 3132 qui
555 3079 615 3115 cum
633 3060 755 3113 dolorem
774 3075 825 3112 non
840 3059 922 3112 modo
940 3059 1091 3111 marimum
1109 3059 1224 3123 malum,

64 3132 114 3183 aed
132 3134 218 3183 solum
235 3132 337 3184 maltam
356 3132 441 3185 etium
461 3133 566 3185 dixerit
586 3139 645 3185 cet.'
689 3147 757 3184 uare
784 3130 1127 3205 vulgatum-servandum
1145 3128 1226 3182 vide-

65 3209 123 3252 tur.
162 3201 281 3254 Servavi
306 3210 335 3253 et
359 3219 412 3277 ego
440 3221 507 3255 cum
532 3204 579 3256 Or.
607 3210 635 3255 ct
653 3202 678 3254 T
698 3221 737 3268 n.,
770 3218 836 3254 cum
865 3199 981 3254 Codices
1005 3201 1109 3272 optimi
1133 3201 1164 3252 in
1191 3215 1225 3255 eo

66 3272 235 3340 conspirent
252 3274 291 3324 Re
316 3311 321 3322 .
341 3272 426 3324 Rern.
446 3273 520 3326 Gud.
540 3274 610 3326 Onx.
630 3272 720 3327 Rehd.
741 3272 815 3324 Gud.
834 3270 932 3323 Duisb.
952 3271 1038 3324 blarb.
1060 3275 1134 3324 Mon.
1152 3276 1176 3325 1.
1197 3270 1223 3327 2.

65 3341 149 3393 Vind.
172 3347 194 3396 l.
215 3343 241 3395 2.
261 3289 332 3394 Edd.
352 3352 470 3412 praeter
488 3360 542 3408 eas,
562 3361 629 3417 quas
648 3341 783 3407 diximus,
804 3358 910 3406 omncs,
930 3343 1058 3412 exeeptis
1077 3341 1223 3396 FnWott.

65 3413 146 3467 Koel.
175 3413 243 3465 Bill.
273 3412 325 3482 qni
349 3429 385 3465 ex
403 3413 508 3468 Wolfii
533 3414 713 3466 correctione
737 3413 843 3465 habeut
870 3418 990 3483 aut-pro
1010 3419 1051 3467 et:
1085 3414 1225 3482 adquam

66 3495 145 3537 recte
165 3485 212 3537 Or.
233 3483 344 3552 requiri
365 3493 445 3536 certe
463 3485 504 3536 ait
522 3485 565 3537 uel
581 3501 635 3555 pro
653 3489 712 3547 utet,
731 3484 756 3537 si
776 3483 845 3553 quid
864 3491 937 3536 esset
956 3485 1132 3536 mutandum.
1152 3485 1226 3536 Leu-

66 3557 113 3608 dat
134 3556 209 3607 idem
230 3555 264 3607 de
283 3554 362 3608 Fiun.
383 3557 416 3605 V.
440 3559 480 3611 to.
500 3555 633 3621 (volabat,
654 3557 767 3624 opinor,
789 3554 897 3620 Tusco.)
923 3563 952 3606 et
970 3555 1004 3607 ad
1022 3574 1050 3608 v.
1069 3555 1126 3609 hoo
1143 3563 1226 3609 recto

67 3626 211 3701 intelligit
230 3627 334 3679 dolere.
356 3625 422 3678 (lod.
443 3628 515 3700 Aug.
536 3626 637 3678 habet:
665 3625 727 3679 Hoc
744 3625 814 3697 dicit
834 3626 1013 3679 etmalorum
1031 3627 1227 3693 omissisver·

66 3697 108 3748 bis
126 3696 173 3749 lic
191 3698 239 3767 qui
257 3697 346 3750 tolum
366 3725 399 3734 -
417 3699 530 3749 malum.
547 3697 684 3760 ,Ornittit
703 3697 774 3750 item
792 3697 879 3750 verba
906 3695 962 3749 liic
987 3696 1035 3768 qui
1059 3699 1150 3752 tolum
1174 3696 1227 3750 doe

65 3767 170 3818 malum
193 3769 260 3821 Cod.
288 3767 362 3821 Gud.
382 3770 407 3823 2.
446 3769 547 3821 Probat
576 3769 664 3820 etiam
682 3767 808 3819 blandius
832 3769 864 3819 iu
881 3768 1049 3822 Tursellino
1067 3788 1095 3840 p.
1116 3771 1177 3824 549.
1197 3771 1227 3822 et

66 3837 100 3890 ab
120 3838 228 3890 Orellio
240 3840 423 3904 restitutum,
444 3848 472 3891 et
491 3856 556 3890 cum
576 3854 609 3892 ec
628 3847 728 3890 contra
741 3839 885 3894 Wolfium
899 3839 992 3904 docet,
1011 3856 1069 3892 non
1087 3845 1136 3891 ortt
1156 3837 1228 3892 scri·

65 3908 189 3960 bendum
209 3909 306 3970 luisse,
325 3910 349 3961 si
365 3910 589 3962 disiunctionem
599 3909 746 3972 voluisset,
765 3909 875 3963 sedvel.
902 3911 987 3975 Nam,
1006 3911 1056 3975 ait,
1076 3908 1225 3967 distinctio

65 3981 150 4032 ficret
169 3979 203 4031 de
223 3979 368 4049 opinione,
387 3997 441 4033 nec
461 3979 661 4033 constituenda
679 3988 752 4033 esset
770 3998 825 4042 res,
845 3981 894 4033 sed
911 3982 1060 4033 sententia.
1100 3983 1160 4039 Mr.

136 4051 287 4120 rapientem
307 4057 399 4103 censet
428 4051 461 4103 s'd
485 4053 569 4104 auara
594 4050 749 4117 dicturum]
786 4051 852 4104 Cod.
871 4051 969 4104 Duisb.
989 4051 1023 4105 id
1040 4059 1132 4107 censet
1150 4053 1224 4128 Aug.

65 4123 139 4176 illud
155 4141 207 4194 pro
220 4123 260 4175 id.
282 4121 355 4174 Gud.
367 4125 392 4175 2.
412 4120 467 4175 dic
484 4137 578 4175 aanor.
608 4124 734 4197 Pergunt
752 4121 807 4176 duo
819 4123 890 4174 Oxx.
901 4125 975 4177 Mon.
987 4126 1013 4178 2.
1034 4124 1097 4192 ligo
1114 4129 1227 4178 autem

64 4211 82 4246 a
103 4200 136 4246 te.
159 4195 245 4247 ltlarb.
267 4193 302 4244 A.
323 4194 385 4260 Ego
404 4198 474 4246 ute.
495 4196 569 4245 Mon.
591 4198 615 4249 l.
638 4193 700 4257 ligo
718 4210 736 4246 a
755 4199 784 4246 te
801 4200 927 4246 autam.
955 4195 1040 4249 Vind.
1060 4198 1087 4250 2.
1114 4194 1226 4249 ornittit

64 4280 83 4317 a
102 4272 138 4316 te.
159 4266 232 4319 Gud.
251 4265 336 4317 habet
361 4262 438 4317 tiis
463 4265 557 4318 verbis
583 4264 696 4331 assirim
722 4264 834 4319 eisdem.
859 4265 947 4320 lichd.
973 4265 1106 4321 iisdem
1132 4264 1227 4321 verto

64 4333 181 4400 efficias.
219 4337 330 4388 Habent
354 4336 464 4403 efficias
492 4337 581 4389 etiam
605 4336 692 4391 Codd.
719 4335 808 4391 Rehd
833 4338 920 4391 Marb.
949 4345 979 4393 et
1003 4356 1077 4392 unus
1101 4338 1152 4390 Ox.
1190 4337 1225 4391 ln

65 4405 139 4458 Gud.
158 4408 185 4460 2.
211 4407 289 4459 deest
307 4424 364 4460 vox
381 4407 484 4461 certia
521 4408 583 4460 Mr.

136 4475 236 4547 quitur
258 4477 399 4547 Epicurus
422 4475 605 4550 botuntum]
641 4478 739 4547 „num
761 4478 861 4541 neusa
881 4479 1040 4554 Epicurus,
1068 4478 1226 4550 sapientam
