2828 5070
397 296 651 364 erramus
674 295 849 364 01111101.
1133 296 1213 350 xvu

53 469 170 540 quidem
189 484 253 523 esse
270 466 557 539 aperientemque
575 464 684 536 peioris
700 464 788 517 etiam
807 471 890 517 notae
908 465 1021 518 codices
1041 482 1100 521 esse
1118 467 1215 543 negli-

52 540 175 617 gendos,
243 540 311 610 'ppe
328 538 382 608 qui
399 537 511 606 aliquid
529 545 609 590 certe
627 535 869 589 adiudicandum
887 541 1048 591 conferant.

47 669 50 676 ,
125 611 177 678 14)
226 611 273 664 od.
292 607 516 675 nianburgensis
543 608 724 672 chartaceus,
759 606 861 672 seculi,
894 616 929 660 ut
953 610 1080 674 videtur,
1108 609 1216 663 decimi

53 683 164 755 quinti,
187 683 211 734 f.
231 699 269 734 m.
306 681 382 735 Eius
405 678 481 733 mihi
503 677 620 733 Codicis
646 694 730 732 usum
757 679 931 747 procuravit
951 680 1107 734 Creuzersa
1125 688 1216 747 meus,

54 770 180 825 eumque
288 751 351 822 ipse
378 750 502 806 contuli.
540 750 595 816 Qui
620 749 740 821 scripsit
767 748 913 814 Codicem,
944 749 1031 804 homo
1053 753 1113 805 suit
1136 754 1217 806 omni

54 825 143 897 plane
162 842 216 878 eru
236 823 329 877 itione
346 821 519 876 destitutus:
538 821 657 876 videtur
673 827 771 874 autem
789 819 924 874 habuisse
942 822 978 875 ad
995 840 1112 877 manum
1131 825 1218 879 codi-

51 915 131 1022 111
143 892 542 1019 ttth‘0‘ttfitab‘2t0
559 891 1220 1022 {tto:2⁰toffl1tt5⁶tl⁰tm.t.¹oa33

76 1038 189 1109 ropriis
211 1036 261 1090 val
278 983 429 1090 vbbabulis
453 982 614 1091 rarioqiibus
639 1035 690 1089 vel
709 1032 841 1098 Graecis,
869 1034 995 1089 ridicule
1018 1039 1083 1091 fere
1107 1037 1221 1108 lapsum

55 1058 240 1180 inprobandi
263 1106 429 1161 librarium.
466 1106 522 1161 seo
546 1107 715 1176 saepissime
733 1121 802 1158 cum
820 1106 940 1176 optimis
957 1109 1039 1170 facit,
1062 1125 1221 1180 eorumque

57 1181 230 1236 auctoritati
249 1177 395 1246 calculum
413 1177 523 1232 adiicit.
561 1177 673 1231 101100
692 1174 807 1230 Codicis
826 1178 969 1247 scriptum
990 1188 1047 1248 est:
1082 1180 1158 1248 Opus
1176 1181 1220 1234 Μ.

59 1269 209 1324 Ciceronis
231 1267 450 1320 massoram
468 1264 640 1336 questionum
657 1264 723 1330 felr.
745 1264 859 1332 explicit
878 1266 1017 1335 Scriptum
1034 1286 1089 1338 pro
1108 1286 1223 1324 001ιο00-

60 1341 113 1394 hili
130 1346 157 1393 et
175 1337 300 1408 egregio
318 1338 382 1391 uiro
400 1338 455 1391 dio
473 1337 607 1391 Murtias
625 1336 808 1390 Gruaozs'nsls'
832 1337 980 1390 scolastico
1008 1340 1174 1394 crassitiei
1192 1342 1223 1394 ιἰι

62 1413 142 1465 domo
163 1426 217 1463 000
240 1409 370 1463 Bononio
393 1410 475 1462 Aaou
501 1407 593 1462 studii
617 1408 662 1461 sui
688 1414 807 1475 qntop
832 1406 1002 1478 Gregorium
1025 1410 1222 1467 holotle.Deo

63 1483 183 1551 gratias.
763 1482 796 1539 ,³

129 1556 178 1618 1⁶)
205 1552 272 1606 MS.
291 1550 321 1604 in
338 1567 432 1620 usurg.
451 1551 645 1605 Ascenaionoe
671 1559 784 1605 nostroe
802 1554 943 1608 secundos.
982 1556 1145 1626 adscripsit
1164 1575 1224 1610 rna·

17 1648 20 1659 ·
63 1644 114 1679 nus
141 1625 230 1677 docta
256 1622 355 1676 seculo
376 1623 493 1689 ¹decimo
513 1630 594 1677 sexto
615 1623 708 1675 varias
728 1622 869 1678 lectiones
888 1642 923 1678 ex
950 1625 1026 1680 libro
1046 1626 1104 1680 ms.
1124 1643 1224 1682 excer-

62 1705 135 1766 ptas,
156 1710 232 1765 quae
248 1695 281 1746 in
299 1692 450 1764 plerisque
468 1710 534 1746 cum
554 1693 729 1747 lectionibus
744 1693 797 1748 Ed.
809 1694 926 1748 Erasmi
947 1700 1016 1753 1525
1035 1700 1225 1762 conveniunt,

62 1776 93 1820 ut
110 1781 211 1837 prope
227 1764 381 1834 aliquando
399 1765 525 1834 suspicio
544 1762 621 1816 mihi
640 1763 756 1819 suborta
774 1766 822 1830 sit,
843 1782 903 1819 esse
922 1766 955 1820 ab
975 1768 1027 1821 illo
1042 1770 1108 1822 viro
1119 1769 1226 1823 Ascen-

63 1837 175 1890 sisnam
201 1835 286 1889 illam
309 1834 447 1888 collatam
471 1851 538 1888 cum
564 1834 745 1901 Eiasmiana,
777 1837 896 1907 eiusque
923 1837 1064 1892 lectiones
1097 1841 1226 1917 margini

63 1908 201 1978 adpictus.
228 1907 367 1959 Attamen
386 1922 451 1957 cnm
470 1904 591 1976 propria
609 1907 640 1960 in
660 1906 697 1959 iis
714 1906 890 1961 lectionibus
910 1925 1000 1978 eaque
1017 1925 1226 1980 nonnunquam

64 1979 218 2031 admodum
234 1975 397 2049 probabilia
415 1978 600 2046 reperissem,
627 1979 745 2031 evanuit
763 1978 815 2030 illa
835 1995 880 2031 sus
904 1980 970 2033 icio.

136 2049 185 2114 16)
200 2051 248 2110 11)
269 2048 359 2102 cndu.
382 2046 614 2111 Viaaoooaeam,
642 2063 767 2118 quorum
787 2049 906 2103 collatio
926 2058 970 2105 est
988 2052 1024 2104 ad
1041 2051 1150 2106 calcem
1171 2052 1225 2105 Ed.

64 2120 169 2182 Alteri,
199 2119 329 2173 Viennae
350 2119 472 2175 118118.
511 2117 652 2194 insigniti
670 2118 811 2173 dicuntur
828 2122 863 2174 ab
881 2121 984 2176 Altero
1004 2125 1134 2177 numeris
1155 2122 1228 2178 CCV

65 2200 93 2246 et
111 2190 181 2244 uc.
218 2191 304 2244 Prior
322 2197 367 2243 001
385 2190 632 2254 membranaceus,
652 2191 789 2260 scriptus,
808 2198 898 2245 otest
916 2194 947 2245 in
961 2192 1039 2248 ealce
1055 2194 1228 2261 voluminis,

63 2278 139 2316 anno
171 2264 250 2316 1461.
304 2261 476 2314 Posterioris
511 2260 626 2313 nullam
658 2261 746 2330 plane
776 2263 894 2316 Alteros
930 2264 1065 2317 notitiam
1099 2265 1225 2320 exhibet.

63 2334 178 2388 Neutra
197 2330 316 2385 collatio
340 2331 493 2384 admodum
514 2331 569 2384 dili
592 2339 676 2385 enter
699 2334 834 2386 instituta
852 2340 905 2398 est,
937 2335 1111 2405 posterioris
1131 2337 1229 2389 minus

64 2406 163 2468 011000,
184 2420 272 2473 qnam
291 2402 410 2472 prioris.
448 2402 492 2455 Ne
534 2349 600 2456 eii
621 2401 740 2456 Codices
760 2405 790 2457 in
810 2406 930 2472 optimis
953 2405 1088 2457 habendi.
1126 2405 1230 2459 lnsunt

64 2485 174 2541 110000,
196 2490 269 2544 quae
287 2473 338 2527 vel
355 2473 482 2527 aliorum
494 2421 642 2526 lictiones
661 2473 791 2537 firment,
809 2475 858 2528 vel
877 2490 1012 2529 errorum
1031 2478 1126 2528 sontes
1146 2491 1230 2529 mon-

65 2555 170 2609 strent,
191 2544 241 2598 rel
259 2543 404 2598 editorum
423 2543 566 2596 librorum
589 2544 801 2619 negligentiam
820 2554 953 2619 arguant.

136 2615 185 2682 18)
206 2614 511 2668 CodiceeOsons'enses
530 2631 634 2668 novem
654 2615 776 2668 collatos
795 2616 932 2669 habemus
952 2617 1049 2670 inEd.
1062 2618 1230 2685 Osoniensi,

66 2705 137 2759 quse
156 2686 272 2757 prodiit
288 2687 323 2737 A.
343 2684 595 2738 Mltccuxxxnl.
628 2685 670 2736 Ea
689 2703 760 2739 vero
779 2687 854 2739 mihi
870 2687 1008 2741 EditIono
1027 2690 1089 2759 ipsa
1107 2691 1151 2742 uti
1171 2707 1229 2743 non
1304 2699 1306 2703 '

66 2760 162 2824 licuit,
185 2757 235 2811 sed
254 2759 430 2827 repetitione
448 2757 577 2822 Holmoi,
596 2753 631 2808 de
651 2758 733 2810 cuius
752 2758 809 2811 fido
828 2775 886 2810 nou
906 2767 1044 2828 repetam,
1070 2778 1141 2829 quae
1161 2762 1230 2815 satis

65 2830 168 2886 acerbe
194 2835 372 2882 monuerunt
396 2843 538 2880 censores.
591 2827 671 2879 lllud
696 2828 777 2888 addo,
812 2829 928 2881 nullum
956 2847 1057 2884 eorum
1086 2831 1230 2885 librorum

67 2920 95 2954 m
156 2902 167 2953 i
188 2899 285 2953 videri
304 2915 366 2952 esse
385 2899 605 2961 aestimandum,
626 2898 739 2967 aliquot
757 2902 821 2952 sere
840 2899 937 2963 nihili,
957 2901 1027 2954 duos
1048 2918 1118 2954 vero
1138 2903 1181 2966 (E
1201 2910 1231 2957 et

66 2976 96 3037 ξ)
116 2980 158 3024 ita
179 2988 241 3025 esse
260 2977 414 3039 corruptos
433 2978 461 3023 et
481 2969 662 3038 depravatos,
683 2978 715 3021 ut
734 2970 876 3034 consulto,
904 2973 954 3040 qui
973 2990 1018 3025 eos
1038 2974 1230 3041 scripserunt,
1287 2974 1293 2987 “

68 3044 246 3098 Ciceronem
264 3041 475 3093 commaculare
494 3047 523 3092 et
547 3038 675 3092 lacerare
695 3040 821 3093 voluisse
841 3042 1003 3095 videantur.
1042 3040 1097 3096 Sed
1116 3060 1170 3096 nee
1189 3045 1231 3095 sic
1259 3082 1269 3096 .

67 3123 120 3177 001,
140 3112 221 3184 quod
240 3129 303 3164 eam
321 3111 509 3164 collationem
527 3111 614 3178 plane
633 3127 840 3180 aspernemur:
874 3114 956 3165 cuius
982 3115 1027 3165 rei
1055 3130 1152 3165 causas
1172 3128 1231 3165 non

67 3195 111 3240 est
129 3181 210 3255 quod
228 3182 306 3234 ultra
327 3196 478 3250 exponam.

139 3255 185 3318 19)
213 3253 328 3306 Codicis
354 3250 511 3321 Gryphium
539 3252 689 3314 lectiones,
732 3254 782 3322 qui
817 3269 833 3305 0
855 3253 937 3305 110ιί0
967 3252 1231 3322 vetustissimisque

68 3323 305 3451 annumessrandus
322 3332 375 3389 est,
396 3323 529 3392 excerpsi
549 3341 584 3375 ex
602 3325 788 3376 annotatione
808 3271 861 3375 Ei
882 3326 906 3376 J.
928 3327 963 3376 Μ.
985 3324 1079 3388 Bruti,
1098 3321 1229 3398 Lugdun.

23 3472 25 3482 '
141 3469 189 3532 w)
210 3466 326 3520 Codicis
338 3466 437 3518 Coreli
448 3464 582 3533 Stephani
601 3464 752 3522 lectiones,
772 3482 865 3534 neque
885 3466 1002 3528 multas,
1022 3485 1114 3536 neque
1134 3474 1232 3520 aucto·

71 3542 161 3594 ritate
180 3545 371 3623 praestantes,
390 3538 501 3591 inserui
520 3554 556 3589 ex
573 3535 627 3587 Ed.
649 3534 712 3587 Car.
734 3535 834 3605 Stepb.
857 3537 943 3589 Paris.
967 3540 1043 3594 1554.
1063 3541 1083 3590 f.
1103 3556 1144 3590 m.
1164 3554 1232 3607 ope·

71 3629 138 3664 rum
157 3608 308 3664 Ciceronis
327 3608 465 3660 omnium.

141 3677 540 3746 10000001000000
565 3695 610 3731 eas
629 3676 798 3732 exhibemus
824 3678 976 3744 lectiones,
1002 3680 1083 3742 (duos
1101 3678 1232 3749 plerum-

72 3770 131 3824 que
150 3751 280 3821 inspexit
297 3749 492 3816 Bouhieriusp
522 3767 595 3818 quae
624 3757 691 3801 sunt
715 3749 746 3800 in
774 3750 1008 3802 annotationibus
1028 3749 1144 3803 Gallice
1163 3765 1232 3801 con·

73 3823 196 3892 scriptis
222 3822 257 3875 ad
282 3821 392 3874 calcem
419 3820 618 3874 conversionis
639 3818 769 3872 Gallicae
798 3820 898 3884 (Amst.
919 3825 996 3878 1739.
1018 3823 1043 3875 8.
1069 3821 1122 3873 111.
1142 3819 1233 3886 volt.)

73 3900 208 3949 enotatas
226 3908 242 3944 a
258 3891 423 3946 Bouhierio.
462 3892 594 3960 Inspexit
622 3888 698 3942 idem
724 3891 771 3941 vir
789 3892 892 3943 multis
916 3892 989 3945 locis
1008 3892 1136 3944 codicem
1155 3891 1233 3960 opti-

72 3982 154 4018 mum
173 3964 308 4040 Regium,
327 3963 455 4032 itemque
473 3962 632 4015 editionem
651 3960 792 4029 quandam
811 3970 950 4027 veterem,
974 3970 1179 4033 praestantem,
1200 3969 1232 4014 ut

74 4039 201 4101 videtur,
219 4043 300 4089 certe
318 4033 545 4087 memorabilem.
584 4035 705 4093 Verum,
724 4034 821 4086 nescio
838 4034 990 4098 quornodo‚
1010 4052 1076 4087 cum
1097 4034 1127 4085 in
1147 4032 1232 4085 libris

75 4107 265 4162 Leidensibus
291 4105 360 4158 satis
388 4103 532 4157 confidam
556 4103 581 4155 ei
608 4102 683 4167 viro,
717 4103 747 4155 in
780 4105 863 4156 istius
889 4106 1024 4157 editionis
1055 4103 1231 4158 lectionibus

75 4182 204 4251 itemque
224 4176 341 4231 Codicis
359 4175 445 4259 Regii
473 4176 513 4227 ita
538 4181 670 4227 versatus
688 4174 814 4238 videtur,
843 4184 875 4227 ut
899 4175 985 4228 fidem
1013 4175 1040 4229 ei
1057 4173 1162 4243 habere
1180 4175 1233 4228 vix

75 4269 105 4303 ae
124 4270 160 4305 ne
180 4252 233 4303 vix
252 4247 369 4317 quidem
396 4264 435 4298 ns
462 4244 493 4296 in
512 4244 585 4297 locis
604 4244 705 4313 possis,
730 4245 778 4299 ubi
804 4262 903 4299 eorum
930 4248 1100 4301 testimonio
1123 4245 1233 4299 fulcire

74 4323 137 4375 vult
156 4339 222 4376 suas
243 4319 435 4382 coniecturas,
462 4333 564 4386 parum
590 4330 799 4386 nonnunquam
823 4319 887 4372 veri
911 4318 1032 4383 similes,
1062 4327 1091 4372 01
1108 4337 1124 4370 a
1142 4316 1232 4369 libro·

74 4411 149 4458 rum,
176 4407 249 4463 quos
266 4389 412 4453 novimus,
437 4388 566 4440 omnium
586 4386 712 4440 lectione
731 4388 854 4442 ninnium
874 4397 1014 4460 quantum
1033 4388 1230 4444 abhorrentes.

74 4464 205 4526 Accedit,
239 4461 318 4531 qood
342 4459 506 4516 certissime
529 4455 607 4512 haud
634 4473 700 4512 raro
728 4476 763 4512 ex
787 4459 955 4524 collatione,
984 4461 1032 4515 vel
1051 4467 1158 4520 nostra,
1184 4457 1232 4509 vel

968 4552 992 4609 B
