2828 5070
202 307 264 373 tot
395 303 640 368 ‘CICERONIS
660 301 907 370 Tuscunou.
930 304 1156 369 DISPUTAT.

202 475 414 559 Aristogitoz·
434 470 717 533 Lacedaemonios
739 471 917 548 Leonidas,
945 472 1124 534 Thebanus
1158 474 1359 553 Epaminon-

202 555 259 617 das
278 559 403 640 vigent.
447 554 592 615 Nostros
614 574 681 615 non
703 563 846 614 norunt:
874 574 957 634 quos
979 576 1177 616 enumerare
1198 577 1359 642 magnum

201 648 267 700 est:
297 640 344 700 ita
366 646 444 698 snut
464 639 572 714 multi,
602 638 721 719 quibus
744 636 898 698 uidemus
923 639 1088 719 optabiles
1107 647 1234 700 mortes
1256 642 1360 702 fuisse

118 733 275 786 11101110
298 722 415 806 gloria.
458 721 550 783 Quae
577 741 680 801 quum
710 721 757 779 ita
781 722 859 796 sint,
890 740 1009 806 magna
1039 730 1148 782 tamen
1171 723 1360 804 eloquentia

201 813 252 865 est
272 802 444 881 utendum,
466 813 565 886 atque
577 807 627 864 ita
644 804 736 865 velut
756 803 933 884 superiore
953 823 972 864 e
993 805 1066 866 loco
1081 805 1359 883 concionandum,

725 913 802 920 --—--

270 963 389 1017 Noetroe
406 980 460 1017 000
478 963 612 1030 noronte]
632 962 812 1015 eodovint.
826 963 936 1036 1.Ang.
955 977 1009 1014 001
1028 970 1147 1016 metron
1168 966 1233 1017 Post
1244 974 1359 1019 nostroe

199 1035 307 1088 addunt
324 1051 389 1089 vero
406 1053 480 1087 unus
499 1036 549 1087 011
569 1034 641 1087 Edd.
660 1034 746 1085 verb.
766 1034 841 1086 Olir.
865 1034 959 1085 Verba
977 1033 1095 1086 Nostros
1114 1062 1146 1072 —
1167 1052 1297 1102 magnum
1314 1045 1359 1091 eet

82 1143 85 1153 ·
199 1107 299 1158 absunt
317 1107 350 1159 ab
361 1106 414 1158 Ed
434 1114 523 1157 nostr.
534 1107 605 1157 Ven.
625 1121 714 1188 eaque
732 1105 848 1156 uncinis
867 1104 977 1155 inclusa
995 1107 1112 1156 suntin
1131 1105 1187 1158 MS.
1210 1107 1245 1158 ad
1263 1125 1356 1184 marg.

200 1176 263 1230 Asc.
285 1180 312 1232 2.
350 1177 530 1230 Exciderunt
549 1178 636 1229 etiam
663 1193 694 1226 m
712 1175 888 1228 111010.
926 1177 986 1228 Mr.

271 1263 341 1319 quoe
358 1262 521 1302 numerem
538 1262 696 1313 magnum
714 1246 775 1314 eet]
803 1248 888 1311 „imo
907 1248 1026 1314 hum.
1054 1245 1103 1300 sic
1121 1263 1234 1318 semper
1252 1248 1358 1302 Cicero

200 1327 231 1372 et
249 1320 316 1371 alii:
336 1320 378 1372 sie
396 1328 426 1372 et
444 1320 502 1373 MS.
522 1318 644 1371 Guelf.“
663 1318 730 1370 Em.
749 1317 929 1386 „Longino
946 1325 998 1382 eet,
1016 1317 1101 1371 habet
1118 1318 1194 1371 liber
1210 1337 1355 1373 manuscr.

201 1387 326 1456 [colon]
350 1391 426 1460 quod
450 1390 606 1442 Cratander
629 1407 669 1459 qu
728 1407 743 1441 e
770 1390 931 1472 agnoseit.“
959 1391 1006 1442 Fr.
1028 1388 1140 1442 Fobn’c.
1176 1390 1357 1443 Goerenzius

199 1461 235 1513 ed
252 1461 312 1514 cio.
333 1461 368 1513 de
385 1461 469 1513 Finn.
490 1462 538 1512 tv.
558 1463 601 1516 26.
623 1464 665 1516 13.
706 1460 739 1512 id
757 1460 828 1512 miii·
844 1476 976 1527 magnum
995 1460 1121 1526 uidetur]
1144 1461 1247 1530 probat
1271 1464 1357 1515 resti-

199 1539 297 1584 tutum
314 1540 412 1584 nostro
430 1533 494 1585 1000
512 1548 528 1583 1
547 1531 710 1587 Fowotno
728 1547 869 1598 magnum,
889 1532 1024 1601 additque
1047 1531 1081 1582 ad
1100 1530 1197 1583 locum
1213 1533 1248 1585 de
1267 1535 1353 1584 Finn

197 1602 366 1668 „Graecum
383 1601 455 1671 pipo
473 1622 497 1655 u
515 1604 626 1678 cogita:
646 1602 715 1672 quid
732 1603 811 1654 enim
828 1603 963 1655 omissum
981 1604 1123 1677 gravitate
1140 1605 1356 1672 pronuntiatio-

101 1706 107 1722 .
198 1674 244 1725 nis
263 1674 502 1745 compensandum
512 1674 586 1727 est.“
604 1674 704 1743 idque,
714 1673 829 1725 laudnto
839 1674 1010 1737 Goerenzio,
1029 1676 1137 1725 11011110
1147 1675 1248 1743 probat
1266 1677 1354 1728 etiam

198 1743 361 1798 Ktibnerus.
398 1744 454 1799 Sed
472 1761 565 1815 neque
584 1745 636 1797 ille
655 1753 785 1797 nostrum
803 1744 908 1808 locum,
928 1761 981 1796 neo
999 1744 1049 1797 bio
1066 1744 1163 1797 locum
1180 1746 1216 1799 de
1235 1746 1355 1799 Finibus

198 1826 331 1870 10000110
357 1817 513 1888 inspexisse
530 1817 656 1869 ridetur.
692 1816 837 1869 Vidissent
863 1818 942 1868 enirn
968 1816 1030 1868 sine
1054 1816 1149 1880 dubio,
1180 1818 1272 1870 nostri
1297 1818 1355 1871 loci

198 1888 284 1960 plane
302 1889 398 1953 aliam,
428 1905 515 1958 quiam
533 1888 623 1951 illius,
647 1887 790 1938 rationem
815 1897 976 1957 essentque
1005 1888 1185 1940 sententiam.
1224 1889 1354 1944 Woliius

198 1969 303 2024 entem,
323 1976 495 2028 quamquam
515 1960 640 2011 serravit
660 1959 692 2008 in
710 1958 762 2009 Ed.
782 1974 923 2025 magnum,
943 1959 974 2009 in
994 1957 1106 2011 Scholis
1124 1967 1221 2011 tamen
1239 1961 1354 2028 longum

198 2044 259 2083 esse
275 2031 386 2081 censuit
404 2029 568 2103 legendum.
606 2031 708 2098 Neque
727 2029 801 2080 mihi
819 2031 906 2082 aliter
923 2030 1048 2081 videtur.
1086 2029 1160 2095 Quid
1177 2032 1275 2083 enim?
1309 2033 1354 2083 An

197 2116 328 2168 magnum
347 2101 418 2170 quid
436 2109 489 2164 est,
508 2116 676 2152 enumerare
694 2100 831 2152 Romanos
856 2101 995 2165 homines,
1021 2101 1072 2170 qui
1095 2101 1215 2154 fortiter
1231 2119 1286 2173 pro
1304 2121 1355 2172 pa-

196 2173 254 2224 tria
273 2180 395 2225 mortem
415 2173 635 2243 oppetiverunt?
662 2172 789 2245 Longam
801 2181 922 2241 *poterat
942 2189 1109 2224 enumerare
1127 2173 1353 2225 clarissimorum

197 2244 347 2296 nominum
365 2243 482 2297 seriem:
502 2243 550 2295 sed
568 2259 605 2295 ne
623 2241 724 2312 longus
736 2241 829 2305 fieret,
849 2260 906 2296 non
919 2252 1067 2295 enumerat
1083 2259 1129 2295 ea:
1149 2243 1201 2308 ito,
1219 2244 1268 2308 ait,
1287 2253 1356 2296 eunt

196 2316 289 2381 multi,
316 2315 413 2384 quibui
430 2315 558 2367 uidemur
576 2313 714 2382 optabiles
737 2315 950 2380 010010εῂ1000
968 2314 1153 2381 0110510010.
1191 2316 1230 2367 Et
1245 2315 1355 2368 babent

197 2387 311 2455 uagom
335 2389 390 2441 duo
409 2387 478 2439 Oxx.
498 2386 595 2437 Duisb.
622 2385 645 2436 A
739 2394 878 2449 raeterea,
913 2385 983 2455 quoi
1002 2386 1136 2450 dixirnm,
1161 2385 1222 2439 001.
1242 2386 1354 2453 (111011.,

196 2469 254 2512 vet.
275 2460 341 2513 Cod.
364 2461 394 2510 in
413 2476 458 2509 ma
497 2496 503 2508 .
524 2401 747 2508 1101111111.Ἓο111.
768 2473 857 2531 marg.
878 2456 955 2509 Crat.
976 2458 1048 2510 Edd.
1069 2458 1151 2509 Verb.
1176 2459 1250 2509 Lali.
1276 2459 1353 2512 oliv.

197 2531 268 2583 Ern.
288 2531 351 2600 Rip.
372 2530 431 2581 Ati.
481 2528 542 2581 obb.
581 2526 638 2580 Sed
655 2535 751 2578 tamen
770 2545 786 2579 a
804 2527 976 2601 corrigendo
993 2547 1109 2580 manum
1127 2528 1260 2592 abstinui,
1286 2546 1354 2582 oum

197 2601 310 2668 ongum
328 2601 487 2654 correctori
506 2600 602 2652 deberi
621 2598 763 2661 ridentur,
794 2598 861 2667 quia
886 2608 916 2650 et
938 2600 1126 2652 vetustissimi
1154 2609 1183 2652 et
1200 2599 1305 2670 optimi
1324 2610 1353 2653 et

216 2672 319 2723 lurimi
338 2671 408 2723 libri
432 2673 462 2722 in
487 2688 519 2722 ea
546 2671 704 2740 scriptione
722 2670 916 2735 consentiunt,
944 2688 1039 2740 qnam,
1064 2672 1193 2742 quamvis
1212 2688 1269 2724 non
1287 2689 1354 2742 pro-

196 2689 271 2807 dem,
289 2742 438 2794 absurdam
456 2751 550 2794 tamen
569 2741 715 2813 appellare
728 2756 786 2793 non
803 2741 903 2792 ausim.
933 2741 1109 2812 Quamquam
1125 2758 1183 2794 non
1200 2743 1353 2795 admodum

197 2815 431 2866 moretNissenii
449 2813 587 2877 defensio,
607 2812 668 2882 qui,
687 2810 835 2878 Magnum,
855 2812 906 2877 111,
924 2813 1000 2865 mihi
1015 2829 1072 2866 non
1087 2813 1227 2883 displicet.
1248 2813 1354 2867 Sensus

197 2893 255 2938 est:
279 2886 370 2937 'Penta
389 2884 544 2937 multitudo
562 2900 662 2936 eorum
680 2891 732 2946 est,
757 2891 799 2946 ut,
819 2899 877 2936 non
896 2884 970 2948 dieo,
990 2886 1064 2936 faeta
1081 2883 1264 2958 singulorum
1284 2903 1356 2938 enu-

197 2972 320 3021 merare,
350 2957 399 3008 sed
424 2956 553 3041 singulos
582 2955 662 3006 viros
685 2954 834 3007 nominare
858 2955 981 3008 difficile
1003 2954 1072 3006 sit.“
1107 2955 1141 3008 ln
1165 2954 1231 3005 Cod.
1259 2956 1353 3010 Rehd.

197 3027 346 3082 omittitur
364 3043 440 3098 quoe,
473 3027 549 3079 idem
575 3025 662 3078 habet
679 3040 823 3078 0110πο00.
861 3026 903 3078 De
920 3024 1131 3078 constructione
1148 3038 1278 3089 magnum
1298 3034 1355 3092 eet,

198 3099 310 3167 hogtrm
328 3106 369 3152 eet
387 3099 446 3151 vid.
465 3098 562 3150 Bremi
586 3097 620 3149 ad
638 3097 722 3150 Corn.
743 3098 816 3167 Nep.
838 3097 958 3150 Hannib.
977 3097 1011 3148 V.
1030 3097 1061 3151 4:
1092 3094 1204 3163 loegum
1221 3100 1264 3148 ert
1284 3112 1354 3151 enu-

197 3186 310 3226 merare
325 3170 447 3240 proelio.
465 3169 618 3223 Ruhnken.
640 3169 674 3221 ad
692 3167 795 3231 Vellei.
815 3170 852 3221 11.
871 3170 916 3224 tt.
952 3166 1012 3221 Mr.

268 3244 313 3296 ito
335 3249 398 3296 eunt
421 3241 514 3307 multi,
543 3240 642 3306 quidue
664 3239 739 3304 010]
776 3239 861 3292 codd.
888 3239 975 3292 Manb.
1002 3246 1031 3292 et
1052 3255 1126 3290 unus
1143 3237 1194 3291 Ox.
1221 3235 1263 3291 ito
1289 3246 1354 3294 11011

197 3312 267 3368 itti
283 3314 374 3366 multi.
410 3314 509 3386 Pergit
527 3310 610 3363 vind.
632 3315 655 3365 1.
683 3310 781 3377 quibui
797 3310 954 3366 vidintur
977 3310 1110 3380 optabiles
1128 3309 1216 3374 fuine
1233 3317 1352 3364 morter:

197 3385 253 3439 duo
271 3384 429 3455 posteriora
447 3383 534 3435 verba
557 3381 613 3435 hoe
637 3382 738 3435 ordine
756 3380 862 3434 babent
889 3385 953 3435 fere
970 3400 1066 3436 omnes
1084 3382 1155 3434 Edd.
1176 3390 1240 3434 ante
1258 3381 1351 3434 Gebh.

197 3466 229 3510 et
245 3474 323 3525 seqq.
352 3462 468 3524 praeter
492 3453 566 3504 Vict.
594 3462 623 3505 et
640 3453 706 3506 Rob.
726 3452 825 3523 Stepb.
855 3452 910 3507 Sed
934 3463 1064 3507 nostrum
1088 3453 1220 3505 ordinem
1245 3451 1353 3505 habent

197 3527 294 3589 code,
324 3525 453 3594 exceptis
475 3525 548 3605 Aug.
577 3533 606 3575 et
623 3523 731 3588 Duisb.,
761 3541 867 3577 omnes.
905 3526 939 3576 ln
964 3541 1036 3576 voce
1059 3524 1197 3592 optabilee
1216 3539 1274 3576 non
1292 3533 1352 3576 tam

198 3595 327 3665 optandi,
358 3613 442 3665 quam
465 3593 590 3665 optionie
615 3604 657 3646 est
679 3597 767 3648 notio.
806 3595 862 3648 Sed
888 3595 983 3664 ipsum
1013 3595 1131 3663 optandi
1153 3595 1274 3647 verbum
1299 3595 1353 3646 ali-

197 3667 311 3739 quando
334 3667 395 3717 vim
418 3667 543 3731 optinuit
568 3665 665 3718 habet:
697 3684 725 3718 v.
746 3684 770 3718 c.
791 3665 851 3719 Cio.
877 3683 930 3735 pro
948 3667 1029 3719 noso.
1049 3666 1113 3717 Am.
1136 3671 1176 3721 11.
1196 3668 1244 3720 30:
1281 3662 1353 3718 bane

196 3737 508 3793 conditionem⁸mirero
532 3737 634 3801 ferrent,
661 3743 690 3789 ut
714 3744 827 3803 optet,
856 3743 951 3789 utrum
975 3737 1058 3790 molit
1084 3746 1137 3789 010.
1167 3736 1217 3788 ubi
1244 3737 1353 3789 trustra

197 3812 324 3866 Grutero
343 3817 506 3879 suspectum
530 3808 588 3860 suit
606 3814 686 3876 optet.
724 3809 783 3861 Mr.
1274 3812 1276 3816 ’

268 3883 344 3938 Quae
368 3897 450 3951 quum
475 3880 518 3933 ito
542 3880 602 3933 rint
627 3879 700 3945 ete]
737 3880 882 3948 Sequente
905 3885 997 3932 tamen
1021 3878 1180 3932 necessario
1204 3893 1285 3946 prium
1309 3885 1353 3930 est

197 3954 217 4006 i.
238 3972 265 4023 q.
287 3951 422 4024 01001010,
450 3961 483 4005 ut
510 3960 588 4006 reete
612 3960 709 4005 monet
733 3950 886 4004 Kiihnerus
907 3950 943 4003 ad
965 3948 994 4000 11.
1014 3949 1035 4001 l.
1064 3949 1151 4001 Cuius
1177 3967 1244 4002 usus
1266 3948 1353 4000 babes

196 4025 329 4093 exempla
356 4023 430 4094 apud
464 4023 620 4076 Tursellin.
652 4023 686 4075 do
713 4022 861 4074 Particull.
916 4059 923 4073 .
951 4023 1008 4076 190.
1036 4020 1079 4073 ed.
1108 4020 1253 4074 Schwartz.
1298 4022 1353 4072 Pro

196 4099 354 4148 100100οε1
378 4100 486 4147 tontum
512 4095 544 4145 in
563 4094 629 4146 God.
650 4092 723 4147 Gud.
762 4093 861 4165 Pergit
909 4109 958 4166 ug.
987 4098 1029 4145 eet
1047 4091 1212 4161 eloquentia.
1241 4091 1295 4144 Ed
1315 4091 1353 4143 tt.

195 4166 306 4220 omittit
324 4167 454 4219 utendum
472 4173 511 4229 et,
531 4165 607 4234 quod
625 4165 768 4234 seqnitur,
790 4164 841 4216 ito.
880 4163 940 4216 Mr.

266 4238 414 4307 euperiore
431 4253 446 4289 e
464 4235 534 4302 1000]
554 4237 574 4287 1.
595 4253 619 4289 e.
639 4235 721 4307 quasi
738 4253 754 4288 e
826 4241 906 4309 gesto
924 4233 973 4286 rel
991 4233 1131 4285 tribunati
1150 4231 1217 4285 Cod.
1230 4232 1314 4284 Vind
1327 4237 1352 4287 l.

191 4308 308 4364 vetuti
325 4325 364 4363 er
381 4307 527 4374 superiore
546 4308 614 4361 1000.
633 4306 789 4360 1111111110·
824 4344 830 4356 .
850 4305 925 4380 Aug'.
944 4320 960 4357 e
978 4304 1171 4373 euperiore
1190 4304 1259 4367 1000,
1279 4320 1354 4356 nnus

196 4381 246 4436 0¹·
267 4380 340 4434 Gud.
360 4378 450 4432 itehd.
476 4380 617 4433 omittunt
634 4395 657 4431 e.
678 4376 735 4431 MS.
755 4377 788 4428 in
805 4393 834 4428 m
890 4375 980 4428 .Aso.
1000 4379 1031 4430 2:
1063 4393 1079 4428 0
1105 4376 1167 4427 loeo
1193 4373 1352 4442 superiore.

74 4439 88 4463 ’
195 4450 237 4522 De
256 4449 458 4505 terminatione
486 4467 572 4521 quam
598 4449 698 4504 dieunt
712 4447 850 4503 tiburtii
909 4447 1135 4518 mparatironun
1157 4446 1268 4516 optime
1296 4445 1355 4498 dia·
