2828 5070
119 310 184 378 m
318 306 547 373 CICERONIS
569 305 816 373 TUSCULAN.
838 295 1074 380 DlSPU'l'lT.

120 477 228 540 rabis:
264 473 358 538 volat
386 476 476 537 enim
505 483 606 538 aetas.
648 473 797 536 Tantum
828 481 940 536 sutem
971 474 1067 535 abeat
1095 471 1140 534 ab
1159 489 1217 551 eo,
1245 480 1284 535 nt

119 560 243 621 malum
265 577 356 620 mors
377 561 433 639 ait,
456 558 628 640 qnod·tibi
650 556 777 620 dudum
797 556 989 637 videbatur,
1019 563 1059 618 ut
1078 574 1217 629 verear,
1242 573 1284 618 ne

120 746 211 800 recisa
229 762 286 797 una
308 745 418 816 syllaba
436 762 451 797 e
470 745 659 815 praecedente
677 743 816 798 vocabulo
836 751 909 809 orta,
928 743 970 795 sie
988 742 1100 816 legam:
1126 742 1186 797 eice
1204 747 1217 795 t
1223 758 1283 796 or·

120 816 240 882 debis,
276 817 295 868 i.
321 835 346 869 e.
374 817 549 882 cunctabere,
578 832 611 869 eo
639 817 757 885 quidem
782 831 874 880 sensu,
944 832 960 867 o
986 812 1117 867 sumsere·
1143 815 1284 868 dicuutur
1320 864 1322 868 ,

121 890 209 942 etism
228 888 285 951 illi,
305 889 366 957 qui,
386 889 479 940 nullas
496 888 576 940 ultro
595 903 688 939 :noras
707 894 865 950 nectentes,
893 903 909 938 a
945 894 1052 938 metam
1074 885 1187 938 tardius
1206 885 1284 938 dete·

120 968 236 1012 rantur.
274 960 313 1012 Ut
339 959 415 1011 iufra
433 963 476 1014 te.
503 957 631 1010 cunctari
653 958 734 1010 titum
759 957 868 1011 diutius
892 958 922 1010 in
951 956 1013 1009 cite
1036 955 1140 1009 inatile
1162 957 1284 1025 peteeet

119 1031 192 1098 ipsi:
224 1030 357 1100 quodque
383 1030 418 1082 de
443 1029 541 1082 Divin.
563 1031 585 1082 l.
607 1031 650 1083 26.
679 1030 709 1081 C.
730 1028 878 1083 Gracchus
902 1028 948 1080 Ti.
969 1029 1057 1079 fratri
1076 1027 1162 1079 dicit:
1202 1042 1284 1094 paor:

120 1102 213 1164 veltet,
234 1107 420 1164 cunctaretur,
441 1107 532 1154 temen
552 1102 647 1153 eodem
665 1101 722 1152 siti
740 1101 804 1164 leto,
824 1114 875 1166 quo
893 1099 955 1167 ipse
973 1098 1130 1163 interisset,
1158 1113 1221 1150 ease
1237 1115 1285 1167 pe·

121 1173 265 1225 reundum.
303 1171 381 1225 illud
405 1174 525 1225 tortasse
552 1172 761 1224 dubitationem
787 1171 899 1235 afferat,
935 1171 1020 1238 quod,
1049 1179 1164 1222 veteres
1195 1169 1285 1221 verbo

122 1245 243 1297 tardare
269 1242 454 1295 intransitive
480 1259 544 1295 usos
570 1259 639 1305 esse,
666 1243 808 1311 exemplis
835 1241 902 1293 satis
926 1243 1015 1293 certis
1039 1239 1214 1293 confirmari
1235 1257 1285 1293 ne·

122 1323 218 1384 queat.
262 1313 340 1378 Quod
365 1315 444 1366 enim
470 1315 543 1384 Epp.
569 1313 605 1383 ad
626 1313 707 1365 Brut.
733 1316 776 1367 18.
805 1313 847 1365 sie
873 1312 999 1386 legitur:
1031 1310 1174 1379 quesateet
1194 1335 1229 1348 ·-
1248 1326 1285 1363 aa

122 1385 242 1437 tardare
267 1390 294 1436 et
320 1383 488 1436 commorari
515 1391 542 1438 te
567 1384 667 1437 metius
695 1390 769 1436 esset
801 1383 862 1449 tibi,
894 1383 949 1435 hoo
978 1383 1072 1466 ipsum
1097 1381 1181 1435 inter
1202 1381 1227 1434 ε’

120 1456 230 1507 fraudis
257 1455 439 1507 Marklandus
463 1455 575 1507 retulit.
615 1454 752 1524 Quodque
779 1455 905 1507 alterum
929 1456 1044 1527 evsrg.
1073 1451 1145 1505 Aen.
1164 1453 1201 1505 X.
1218 1399 1285 1509 gl·

120 1523 222 1577 afferri
242 1533 345 1593 posset,
365 1541 530 1594 quemquem
549 1525 594 1577 cia
613 1527 669 1578 alte
688 1525 801 1578 vetuere
819 1525 928 1588 tardet,
954 1524 994 1586 id,
1014 1524 1069 1576 etsi
1087 1523 1227 1577 lleinaiua
1244 1524 1285 1576 sie

121 1594 282 1670 intelligat,
301 1604 398 1647 tamen
416 1596 502 1649 aliam
521 1597 793 1665 interpretationem
807 1596 962 1648 admittere
980 1594 1057 1647 laaud
1074 1595 1189 1669 ignoro.
1218 1593 1285 1659 sed,

121 1673 270 1735 utcunque
294 1666 329 1720 de
355 1666 411 1719 hoc
439 1668 619 1720 statuendum
645 1667 789 1730 videatur,
816 1666 864 1720 vel
888 1665 945 1718 hoc
969 1681 1086 1718 novasse
1113 1665 1287 1719 Ciceronem

121 1737 289 1790 existimare
314 1738 425 1803 malim,
457 1755 544 1807 quam
570 1738 695 1790 aliorum
720 1738 874 1790 admittere
899 1737 1102 1789 correctiones.
1148 1735 1287 1790 Ceterum

123 1825 210 1878 quam
228 1811 365 1878 frequens
392 1809 467 1879 apud
490 1810 646 1878 scriptores
668 1817 782 1861 veteres
805 1808 897 1860 tuerit
919 1806 969 1859 hic
994 1807 1152 1860 verborum
1176 1807 1288 1861 activo-

122 1896 190 1932 rum
207 1897 283 1944 usus,
303 1889 366 1950 post
389 1883 422 1932 A.
444 1880 574 1934 Gellium
601 1881 704 1933 xvtn.
727 1881 769 1935 12.
796 1896 886 1929 unum
910 1877 1105 1946 disputantem
1131 1879 1286 1932 nominabo

123 1950 256 2004 Gortium
280 1952 312 2001 in
337 1967 458 2003 excursu
484 1951 518 2002 ad
546 1951 615 2002 Sall.
643 1952 706 2024 lug.
726 1950 812 2002 vl1.“
843 1948 1004 2014 Hotta‘tager.
1033 1947 1105 2000 Add.
1134 1949 1287 2003 Meukenii

124 2021 200 2074 Obss.
221 2022 252 2072 1..
273 2022 305 2072 la.
325 2039 353 2090 p.
373 2023 427 2075 873
446 2029 474 2074 et
492 2024 554 2076 876.
591 2021 655 2094 Ego
672 2037 752 2086 vero,
779 2037 845 2072 cum
864 2029 893 2071 et
911 2019 1035 2088 plurimi
1054 2019 1141 2072 Codd.
1162 2029 1194 2073 et
1212 2018 1288 2073 haud

123 2107 229 2160 paucae
247 2091 320 2142 Edd.
339 2098 411 2142 vett.
432 2098 569 2143 tueantur
586 2090 742 2143 lectionem
761 2091 919 2164 vulgatam,
944 2090 976 2141 in
994 2106 1026 2141 ea
1044 2090 1287 2158 acqnieseeaem

123 2160 233 2232 putari,
253 2176 319 2212 cum
338 2163 479 2215 sententia
499 2163 536 2215 sit
552 2162 662 2230 optima
679 2161 764 2213 haec:
784 2163 845 2212 sire
864 2160 1074 2234 tergiverseris,
1094 2161 1156 2214 sive
1168 2171 1288 2234 exoptes

122 2239 259 2289 mortem.
297 2229 357 2297 Sic,
376 2232 452 2301 quod
470 2231 617 2286 commode
636 2241 735 2285 monet
753 2233 812 2295 Or,
832 2232 910 2283 infra
928 2232 961 2282 V.
982 2230 1004 2296 §-
1024 2233 1067 2286 82
1088 2239 1133 2284 est
1160 2233 1226 2286 aiae
1241 2249 1289 2288 re·

126 2302 299 2358 tractatione
322 2304 341 2355 i.
363 2320 388 2356 e.
408 2303 469 2356 sine
494 2303 745 2377 tergiversatione.
781 2301 874 2354 Verba
897 2302 958 2355 eice
979 2301 1149 2370 properabit
1173 2305 1288 2357 omittit

124 2392 198 2428 unus
218 2375 267 2429 Ox.
286 2375 384 2427 Duisb.
404 2374 490 2426 habet
505 2374 649 2444 probatis,
679 2373 755 2443 quod
778 2382 875 2424 ortum
901 2382 942 2426 est
966 2389 1001 2424 ex
1024 2374 1196 2443 compendio
1218 2391 1288 2443 pra·

122 2448 208 2516 petis.
229 2445 301 2520 Aug.
322 2445 494 2514 reprobetis.
529 2447 562 2498 ln
580 2445 647 2499 Cod.
664 2445 754 2497 Rehd.
774 2444 907 2512 sequitur
924 2444 1039 2496 contat
1059 2445 1176 2499 omnia
1195 2452 1286 2500 cetea.

125 2519 186 2572 Mr.
208 2549 240 2560 -
278 2518 321 2569 Ad
345 2527 489 2587 postrema
512 2516 585 2570 haec
607 2516 695 2569 verba
719 2518 756 2568 ci.
786 2516 885 2566 Horat.
912 2515 961 2568 Od.
982 2516 1019 2568 11.
1046 2517 1073 2579 ὅ,
1095 2517 1145 2570 lit
1184 2517 1288 2572 ceni

127 2590 195 2641 enim
213 2590 296 2650 feroc
314 2595 410 2639 actea:
435 2588 484 2639 ubi
507 2587 566 2639 vid.
585 2586 706 2650 Bentlei.
734 2582 850 2639 Seleuci.

201 2676 321 2727 Tantum
349 2676 422 2729 enim
448 2676 525 2728 abest
551 2675 591 2728 db
618 2674 673 2741 eo]
710 2675 774 2738 „At
792 2691 824 2727 eo
848 2673 1002 2726 delendum
1020 2681 1105 2759 puto:
1138 2693 1197 2728 nnn

92 2797 98 2804 κ
127 2744 198 2802 alibi
216 2746 345 2797 additum
364 2747 494 2816 reperi.“
513 2747 580 2798 Em.
613 2746 684 2797 Ern.
705 2746 866 2797 illasvoces
883 2746 1000 2796 uncinis
1018 2746 1157 2800 inclusit:
1238 2751 1289 2802 is·

129 2816 192 2868 nius
211 2816 334 2880 delerit;
354 2816 442 2867 nimis
461 2818 572 2888 cupide,
591 2825 624 2868 ut
643 2833 697 2892 ego
716 2816 859 2869 existimo.
880 2814 1046 2868 Schellerus
1065 2817 1097 2868 in
1116 2819 1187 2870 hex.
1217 2835 1240 2871 s.
1258 2836 1286 2871 v.

129 2887 222 2939 maun
241 2888 371 2940 defendit
389 2904 434 2940 eas
452 2886 565 2939 laudato
584 2888 660 2940 Caes.
680 2886 715 2939 de
733 2887 764 2938 B.
785 2887 820 2940 G.
841 2888 874 2937 V.
894 2889 924 2942 t:
954 2902 1038 2952 neque
1054 2889 1173 2941 mettum
1190 2891 1289 2944 atem

129 2958 171 3010 ab
194 2975 247 3023 eo,
279 2958 348 3028 quin
368 2984 400 2995 —
419 2966 541 3028 possent.
568 2958 631 3009 Vid.
658 2958 692 3010 ad
714 2957 744 3013 h.
764 2957 785 3008 1.
812 2956 895 3008 Held.
919 2975 948 3027 p.
971 2961 1028 3012 tet.
1057 2959 1109 3028 qui
1136 2959 1236 3012 laudat
1258 2969 1288 3014 ct

129 3038 261 3082 nostrum
280 3030 377 3083 locum
395 3036 424 3080 et
442 3030 506 3080 biv.
525 3030 608 3080 XXV.
629 3032 661 3084 6:
684 3029 785 3081 Temen
805 3035 910 3081 tantam
926 3029 1017 3093 obtuit
1035 3030 1076 3082 ab
1095 3045 1148 3095 eo,
1175 3037 1209 3083 at
1226 3030 1288 3084 atta

130 3100 348 3170 ignominiatus
367 3101 533 3154 exercitibus
551 3107 728 3168 moneretur
746 3108 800 3151 etc.
820 3100 902 3152 cent.
921 3099 1015 3152 Beier.
1041 3101 1074 3152 ad
1095 3101 1156 3153 cic.
1176 3102 1212 3154 de
1231 3100 1287 3155 ott.

131 3176 153 3226 l.
176 3176 217 3230 lt.
235 3192 265 3257 p.
287 3177 346 3229 1⁰⁷.
384 3171 489 3226 lisdem
507 3171 580 3254 loeis
605 3172 702 3223 utitur
720 3170 808 3223 etiam
825 3169 874 3223 vir
892 3170 999 3255 doctus,
1024 3171 1076 3241 qui
1094 3170 1289 3226 additamenta

131 3244 412 3386 mittitete.
427 3240 1180 3382 8318ὲὲ.ῗῖῑῖᾖῖἷὲἒῗῖῗὲιφῗέζἻὶἷὶἱὶ·
1188 3245 1288 3367 :0¹33

132 3386 521 3440 dedesinentia:
549 3382 599 3435 aed
616 3384 657 3436 ab
676 3399 712 3435 eo
736 3382 890 3450 plurimum
908 3384 1043 3448 ebrum,
1076 3383 1289 3456 is'hncplano

132 3457 209 3509 nihil
227 3458 309 3518 tacit,
327 3465 361 3511 ut
379 3455 516 3507 orationis
535 3455 639 3506 seriem
658 3454 668 3504 i
724 3454 826 3506 icienti
844 3454 940 3524 primo
952 3453 1086 3524 adspectu
1105 3463 1194 3524 patet.
1218 3456 1290 3508 Pcr-

131 3529 177 3602 git
195 3526 262 3578 Cod.
283 3526 356 3579 Gud.
376 3531 408 3576 ct
426 3540 502 3577 mera
519 3524 559 3576 ait
577 3523 688 3576 motam.
739 3524 766 3577 S.
788 3525 859 3576 inm
915 3523 1019 3577 .Verb.
1039 3531 1072 3578 ct
1088 3525 1193 3578 matum
1209 3541 1290 3580 mors

130 3596 263 3650 nonsit.
301 3597 408 3647 Vocem
427 3596 533 3647 dadum
550 3595 677 3665 explicat
693 3595 822 3647 Beroald.
842 3541 935 3658 uffo,
953 3595 1051 3666 paullo
1070 3604 1143 3649 ante.
1177 3598 1288 3650 Vocem

132 3667 189 3720 titi
206 3666 317 3719 omittit
336 3665 403 3718 Cod.
423 3665 537 3730 Duisb.,
555 3665 629 3741 Aug.
650 3674 679 3719 et
696 3665 780 3719 Vind.
803 3671 826 3720 1.
851 3665 957 3718 habent
977 3667 1082 3719 dudum
1103 3665 1169 3720 titi.
1205 3668 1290 3722 Unna

133 3740 184 3796 0¹.
213 3737 267 3790 titi
293 3735 441 3789 datiam.
479 3736 539 3788 Mr.

203 3815 235 3863 at
251 3823 358 3874 oercer,
377 3822 412 3860 ne
428 3805 536 3861 lomina·
553 3805 627 3860 :citit
643 3804 684 3859 ait
703 3806 770 3874 ete]
806 3807 904 3872 „llaec
928 3808 1015 3860 verba
1040 3814 1163 3878 propter
1185 3807 1290 3861 multi·

132 3881 253 3951 plicatas
271 3880 438 3955 negationes
465 3878 552 3949 paulo
575 3878 762 3932 salebrosiora
779 3887 858 3930 sunt:
897 3879 945 3931 sed
972 3879 1116 3932 sententia
1133 3880 1289 3950 perspicua

134 3960 191 4004 est:
223 3960 348 4003 mortem
371 3950 439 4002 adeo
463 3949 571 4002 malum
594 3966 740 4014 noneste,
770 3957 804 4001 ut
823 3951 862 4002 sit
878 3949 927 4001 rel
946 3966 1097 4014 seminum,
1124 3949 1175 4002 vel
1193 3950 1289 4003 solunt

134 4020 259 4074 leonum?
284 4021 403 4087 ttWots.
441 4019 609 4074 Gebhardus
634 4021 710 4074 solus
733 4021 831 4072 omisit
860 4018 934 4072 niti!
959 4020 1038 4073 inter
1053 4020 1104 4074 ted
1121 4028 1152 4073 et
1169 4020 1288 4074 iotam

135 4107 299 4163 operarum,
325 4101 359 4144 ut
380 4091 506 4157 videtur,
534 4107 644 4146 errore.
681 4092 761 4145 Halae
786 4091 850 4144 fere
875 4091 965 4143 solam
983 4090 1035 4144 Ed.
1056 4089 1184 4162 inspexit
1201 4092 1288 4157 Em,

135 4179 308 4234 qumquam
328 4164 354 4216 ei
373 4171 403 4215 et
419 4162 611 4233 plurimarum
628 4171 657 4216 et
676 4164 851 4234 optimatum
869 4161 951 4231 copia
974 4164 1047 4215 tuit:
1079 4163 1111 4214 in
1136 4177 1192 4234 qna
1218 4178 1287 4215 cum

134 4235 289 4308 reperisset
306 4234 358 4287 aed
375 4233 473 4286 tonum
489 4235 579 4301 ettad,
596 4235 703 4303 petius,
721 4233 854 4302 scripsit:
879 4232 934 4285 hoe
956 4250 1014 4286 non
1041 4234 1134 4304 capio,
1159 4248 1214 4287 nec
1238 4231 1287 4284 in·

134 4315 304 4378 comptum
361 4313 400 4358 to.
420 4305 477 4359 MS.
497 4306 595 4359 Guelt.
615 4305 715 4359 habet:
742 4304 794 4357 aed
811 4301 1001 4358 sititianum
1028 4304 1110 4357 atiud
1124 4304 1229 4372 pstea,
1252 4308 1288 4356 nt

134 4387 165 4432 et
182 4378 251 4431 Dar.
270 4377 317 4430 edi
338 4377 376 4429 it:
396 4377 523 4441 „Voluit
541 4378 651 4430 dicere:
677 4383 709 4430 eet
726 4390 836 4441 oereer,
862 4392 895 4429 ae
913 4374 1021 4430 lemiaa'
1039 4374 1114 4430 nete
1129 4377 1230 4429 mnam
1247 4374 1287 4428 eit

133 4449 220 4511 W·
255 4449 317 4518 Quo
335 4447 525 4524 intelligitur,
543 4446 620 4505 atttt
635 4455 701 4504 aats
718 4446 817 4504 mm
832 4448 926 4503 abesse
943 4462 1035 4520 pesse,
1052 4455 1083 4502 at
1097 4446 1286 4524 abestvntgs.
