2828 5070
510 306 760 391 omentis.
1157 314 1220 382 361

59 473 214 556 pendens,
247 473 303 534 cni
324 492 360 535 se
380 471 437 537 bio
456 476 642 538 cruciatum
671 485 826 539 oensoto
851 483 934 542 toro.
974 478 1081 544 (luam
1109 487 1220 542 essent

62 558 161 657 dura,
195 559 226 618 si
252 557 407 620 sentiret!
446 558 547 639 nulla,
580 561 653 621 sino
679 579 789 626 sensu.
861 557 920 624 lud
945 579 1028 625 vero
1056 581 1219 646 perquam

63 660 239 803 lmuilele'que
259 721 445 801 sepulcrum,
468 714 529 804 qod
553 726 699 805 recipiat,
720 722 849 802 idaeas,
869 733 996 805 portum
1017 717 1177 808 crispatis:

127 800 214 884 Ubi,
236 808 365 867 remisso
386 806 520 868 lamone
541 811 621 886 vito,
644 801 759 888 cerpus
780 807 957 892 requiescit
977 809 1079 897 motis.

134 979 222 1032 Quom
241 984 328 1030 essem
349 1003 382 1014 —
400 978 476 1031 nollo
501 978 561 1032 sine
584 980 685 1047 sessa]
721 980 816 1054 Vulgo
839 989 938 1033 contra
956 984 1108 1034 bisstorum
1130 980 1216 1033 iidem

62 1048 140 1112 dant,
160 1048 238 1100 arella
257 1048 318 1100 sine
336 1064 417 1100 sensa
434 1059 517 1112 sunt;
536 1050 585 1102 sed
597 1052 682 1104 facilc
700 1060 793 1121 potest
808 1049 938 1127 intelligi
957 1053 1069 1105 verim
1087 1052 1217 1105 saihston·

62 1118 160 1170 tioom.
199 1119 306 1170 Forsan
324 1136 393 1170 vero
411 1128 489 1172 totns
507 1121 586 1174 loeus
605 1122 646 1173 ita
663 1123 813 1197 legendus:
843 1139 1005 1194 quamquam
1024 1131 1112 1177 essent
1132 1123 1216 1188 dura,

62 1189 92 1241 si
118 1191 253 1252 sentiret3
285 1191 364 1242 nulla
388 1191 449 1243 siae
475 1207 568 1244 sensu.
605 1194 666 1246 iloc
688 1194 771 1246 modo
794 1193 911 1246 tollitur
929 1194 1109 1258 exclamatio,
1144 1211 1218 1263 quae

61 1261 156 1312 videri
174 1261 263 1330 possit
283 1262 456 1330 importuna,
484 1280 537 1315 nec
561 1264 686 1315 dubitari
704 1271 808 1334 potest,
836 1265 908 1334 quin
927 1265 1103 1336 syllabarum
1120 1263 1218 1335 dupli·

62 1335 694 1472 catargblohuisbbblimsiuibimstitierhtigtt]
730 1407 853 1460 heatitui
888 1406 1043 1460 lectionem
1073 1405 1217 1459 librorum

62 1472 139 1525 MSS.
165 1483 278 1525 tantum
303 1492 361 1527 non
389 1477 525 1527 omnium.
568 1477 679 1529 Ptimus
706 1478 877 1530 Bouhierius
904 1494 939 1529 ex
964 1477 1128 1529 coniectura
1154 1476 1216 1552 legi

62 1544 176 1596 volebat
195 1560 275 1613 quae,
304 1546 379 1614 quod
399 1547 429 1596 in
447 1563 503 1599 uno
523 1564 537 1599 e
556 1548 654 1621 Regiis
682 1548 744 1617 (qui
771 1549 842 1601 item
867 1547 1042 1602 sentirentur
1058 1547 1144 1601 habet
1162 1564 1218 1619 pro

62 1615 194 1682 sentiret)
221 1627 370 1686 repertum
388 1616 464 1668 haud
483 1617 655 1687 improbavit
673 1619 886 1684 ballenianum,
905 1621 993 1672 tacite
1012 1619 1125 1689 recepit
1143 1619 1214 1671 Ern.

62 1703 186 1756 eumque
213 1690 304 1740 secuti
332 1688 477 1743 FAWolf.
504 1688 587 1742 Scha.
614 1690 661 1742 Or.
688 1690 776 1743 Nobb.
821 1689 877 1743 Sed
899 1706 982 1761 qaam
1004 1690 1110 1742 babent
1128 1690 1215 1743 Codd.

62 1773 168 1824 omnes,
189 1769 319 1830 excepto,
348 1767 381 1810 ut
399 1760 523 1824 videtur,
542 1760 631 1815 Rehd.
651 1762 711 1830 qui,
739 1762 953 1814 correctionum
970 1761 1082 1831 plenos,
1110 1759 1165 1813 hac
1183 1761 1217 1814 in

61 1846 94 1880 re
118 1831 319 1883 auctoritatem
344 1830 430 1883 habet
456 1831 583 1883 nullam:
616 1831 742 1900 itemque
767 1832 839 1884 Edd.
862 1839 934 1886 vett.
955 1841 1038 1886 etex
1055 1848 1132 1885 reoc.
1151 1830 1184 1883 Bi
1207 1869 1215 1886 .

61 1899 151 1951 Tbnr.
186 1903 286 1971 lnepta
310 1911 388 1954 certe
408 1910 449 1954 est
467 1901 557 1955 lectio
574 1902 701 1977 vulgata,
727 1903 761 1967 si,
790 1904 866 1972 quod
888 1905 998 1955 factum
1023 1909 1065 1955 est
1093 1902 1124 1953 in
1142 1849 1215 1955 ndi.

63 1972 149 2023 Gnrt.
177 1972 266 2025 Gron.
295 1973 378 2024 Verb.
412 1973 484 2024 Ero.
519 1974 590 2037 Aac,
621 1983 685 2044 post
718 1972 832 2027 sentiret
866 1973 989 2043 ponitur
1017 1973 1217 2049 interrogandi

62 2043 188 2116 signum.
227 2044 287 2095 Hoc
304 2043 431 2096 deletum
453 2044 566 2097 volebat
584 2045 696 2098 Nissen.
716 2055 788 2110 tum,
808 2045 859 2108 sit,
884 2043 962 2096 nihil
981 2061 1050 2115 opos
1069 2061 1128 2098 csse
1148 2061 1216 2098 cum

61 2114 131 2166 Dav.
160 2122 190 2167 et
212 2114 276 2184 Bip.
301 2114 425 2168 scribere
458 2130 547 2185 quem.
591 2115 674 2182 Quasi
699 2132 770 2169 vero
795 2130 878 2186 pisam
908 2116 950 2167 sit
977 2131 1012 2167 ex
1039 2116 1216 2184 coniectura,

62 2202 116 2237 nec
133 2201 203 2238 vero
221 2200 301 2255 quoe.
339 2188 393 2238 Pro
412 2193 501 2239 essent
519 2187 575 2240 duo
594 2188 663 2240 01¹.
684 2190 759 2240 Mon.
779 2190 805 2241 2.
825 2193 915 2241 esset:
942 2185 1031 2239 ilohd.
1061 2203 1128 2239 mox
1155 2203 1216 2240 sen·

62 2256 196 2320 urentur,
227 2274 293 2308 eum
313 2257 366 2308 illo
385 2257 564 2310 ballemanni
581 2259 688 2333 Regio:
717 2258 790 2328 quod
811 2258 882 2310 item
900 2256 1021 2309 debetur
1037 2259 1214 2311 oorrectorit

61 2329 117 2380 duo
136 2330 205 2382 Oxx.
225 2329 379 2382 sestis-ente
397 2329 477 2381 Unus
495 2322 549 2382 illo
566 2345 620 2399 pro
639 2327 726 2381 nullo.
746 2327 819 2381 hall.
840 2345 875 2381 ex
887 2342 937 2379 sco
953 2342 1014 2401 reg.
1033 2328 1120 2392 nulle,
1140 2329 1216 2398 quod

62 2400 204 2468 quomodo
227 2401 255 2452 ei
281 2398 395 2470 probari
420 2402 557 2470 potuerit,
586 2417 646 2454 non
669 2399 762 2452 video.
799 2399 893 2474 Vulgo
918 2397 1035 2450 additur
1060 2405 1126 2451 sust
1150 2407 1216 2468 post

60 2484 159 2534 sensu3
177 2471 224 2523 sed
243 2472 364 2545 glossam
384 2472 466 2541 sapit,
495 2488 588 2540 neque
613 2472 720 2525 habent
738 2469 812 2523 Gud.
834 2475 858 2525 1.
878 2471 904 2523 2.
930 2468 1002 2544 Aug.
1029 2468 1118 2522 Rehd.
1139 2470 1213 2523 Gud.

60 2541 157 2593 Duisb.
178 2542 263 2594 Mart.
285 2546 358 2594 Mon.
380 2545 404 2594 l.
424 2544 450 2596 2.
482 2543 561 2608 Quod
579 2543 620 2595 ait
634 2543 858 2596 OraeEmestum
874 2539 981 2592 habere
1000 2539 1067 2605 siat,
1087 2541 1116 2594 id
1135 2550 1215 2597 certe

61 2613 93 2664 in
117 2613 168 2664 Ed.
198 2632 222 2666 a.
245 2618 321 2669 1776.
347 2629 404 2666 ιιοιι
432 2622 482 2666 est.
521 2613 640 2666 Rathius
663 2613 860 2684 suspicabatur
885 2611 919 2664 si
944 2610 1007 2666 sine
1030 2626 1110 2665 sensu
1136 2620 1213 2666 sunt.

60 2683 141 2749 Quod
159 2701 217 2736 non
235 2685 326 2758 inagis
345 2685 535 2736 necessarium
555 2692 605 2747 est,
625 2701 710 2754 qnam
729 2682 854 2737 Bentleii
879 2683 1050 2747 emendatio,
1070 2701 1097 2752 q.
1117 2699 1144 2735 v.
1183 2684 1215 2738 Si

60 2756 235 2820 distinxeris,
263 2764 296 2806 ut
315 2772 364 2807 nos
383 2756 514 2818 fecimus,
534 2754 630 2807 facilis
646 2756 746 2826 prodit
764 2755 921 2808 sententie:
951 2754 1125 2820 nullusnest,
1153 2771 1215 2809 eom

60 2827 123 2878 sine
142 2843 224 2879 sensu
243 2827 309 2878 sint.
347 2827 381 2878 1ιι
400 2843 477 2896 seqq.
497 2842 571 2878 unus
590 2827 639 2880 Ox.
657 2828 729 2880 illud
745 2842 812 2881 sero
830 2840 927 2894 qaam
943 2823 1122 2894 perinane
1141 2841 1215 2881 esse

59 2899 224 2965 sepulcrum.
262 2899 320 2950 Mr.

130 2969 222 3036 Neque
241 2970 408 3038 sepulcrum,
427 2985 480 3039 pto
498 2968 618 3038 recipiet
634 2968 709 3035 etc]
746 2968 828 3035 „Vel
848 2968 1003 3043 legendum
1022 2984 1075 3038 qao
1091 2967 1215 3037 recipio·

59 3044 117 3102 tur,
137 3041 276 3093 videlicet
295 3058 411 3110 corpus:
442 3040 490 3094 vel
515 3042 590 3111 quod
612 3041 733 3109 resipiat
760 3048 814 3093 stc.
835 3039 866 3092 id
885 3047 941 3093 estt
965 3040 1041 3108 quod
1057 3040 1215 3107 sepulcrum

57 3111 177 3176 recipiat
206 3128 306 3178 corpus
325 3112 411 3165 Atrei
435 3119 488 3165 eto.
518 3115 616 3166 eadem
636 3111 814 3165 sententia.“
839 3107 1001 3165 dombisus.
1038 3108 1125 3162 Recte
1143 3124 1214 3164 vero

58 3190 160 3231 contra
179 3181 349 3234 Lambinum
378 3182 413 3234 A.
434 3182 572 3236 Schottus
595 3183 703 3235 Nodor.
724 3181 857 3235 ciceron.
883 3180 1130 3248 lv.16.p.887:
1159 3195 1214 3244 „eo

59 3258 99 3312 te,
119 3251 169 3313 ait,
189 3260 279 3313 metu,
298 3251 370 3304 bone
388 3253 445 3317 vir,
465 3254 568 3305 libero.
605 3254 693 3307 Vetus
712 3253 791 3305 enim
811 3259 854 3305 est
874 3251 1004 3319 recipere,
1028 3257 1062 3300 nt
1080 3257 1109 3304 et
1127 3265 1215 3303 emen·

57 3337 127 3389 gere
145 3337 199 3389 pro
217 3337 247 3373 se
266 3321 402 3388 recipere,
427 3323 650 3392 provocabolum
669 3337 700 3375 se
718 3325 858 3393 atrioque
876 3338 961 3391 saepe
979 3320 1129 3444 elepauter
1147 3321 1214 3374 sub·

57 3392 208 3455 audiendo,
230 3401 258 3446 et
274 3393 421 3446 farniliare
441 3394 578 3461 Commio,
602 3402 637 3448 ut
654 3392 755 3447 Plauto
773 3394 805 3445 in
823 3393 958 3446 Asinaria
977 3400 1005 3446 et
1050 3392 1213 3446 rinumrnos

58 3465 92 3516 111
112 3465 271 3517 Mercatore
296 3465 335 3516 ll.
355 3467 379 3518 4-
400 3467 451 3519 ³⁰:

128 3537 257 3587 Actutum
276 3536 340 3599 foce
357 3553 417 3587 cum
432 3536 541 3604 proedo
558 3544 590 3590 at
614 3534 734 3604 recipi
738 3550 792 3600 os,
813 3550 881 3605 pro:
902 3535 1013 3588 domam
1030 3534 1138 3589 redeas.

58 3606 132 3658 Nam
153 3614 180 3659 et
200 3608 240 3659 ibi
258 3607 388 3662 Lambin.
408 3625 445 3678 pe
484 3623 562 3661 eram
581 3608 725 3660 immutat.
745 3606 784 3658 Et
797 3606 1040 3665 trudonensem.
1059 3622 1135 3661 soen.
1155 3604 1211 3660 ult.

131 3676 242 3730 brandeo
261 3684 291 3730 as
308 3679 347 3730 od
364 3695 414 3730 nos
432 3693 450 3729 a
471 3684 533 3730 sont
550 3679 656 3746 potius,
683 3679 749 3730 dum
773 3676 929 3745 resipis:

59 3745 90 3797 id
109 3756 151 3798 est
169 3751 255 3801 redis.
292 3750 340 3804 Sic
359 3748 522 3802 Bacchidib.
544 3750 664 3802 Rursum
682 3749 712 3801 s'n
727 3755 841 3816 portam
859 3747 1063 3818 recipimus.
1084 3778 1118 3790 -
1154 3742 1212 3802 'l'e-

60 3818 173 3869 rentius
192 3821 307 3895 integre
326 3823 357 3873 in
376 3821 562 3874 Phormione:
581 3820 630 3875 Ad
645 3826 758 3888 portum
775 3834 805 3872 ss
822 3820 945 3888 recipiat
963 3821 1063 3885 frater.
1097 3820 1137 3871 Et
1151 3834 1213 3874 sae·

81 3890 124 3939 ius
143 3888 258 3942 Plautus
278 3893 386 3944 domam
405 3907 435 3944 se
459 3891 591 3960 recipere.
629 3891 771 3960 Sequenti
796 3907 883 3944 versu
908 3904 964 3961 pro
982 3905 1000 3942 o
1018 3888 1115 3955 molis,
1143 3891 1213 3960 qnia

57 3905 236 4012 brachatam
257 3969 299 4015 est
317 3980 427 4027 venus,
451 3961 537 4014 molis
554 3979 681 4033 repono:

131 4031 196 4096 Ubi,
216 4031 336 4085 seruisse
353 4031 474 4086 bumana
492 4035 561 4098 vito,
590 4048 690 4101 corpus
708 4031 864 4100 requiescet
883 4029 1001 4085 molis.“
1033 4030 1116 4086 conf.
1136 4030 1212 4084 'tnr-

42 4102 124 4156 ·nebi
142 4104 311 4156 Adversarr.
333 4105 379 4156 lv.
400 4108 491 4172 2212.
512 4108 572 4160 133.
597 4103 772 4157 Bouhierius
790 4105 909 4158 assentit
927 4101 1060 4167 Sobottot
1093 4105 1211 4158 merito.

56 4173 166 4226 Laudm
184 4174 339 4228 Kiihnerus
362 4175 398 4229 de
426 4175 640 4250 significatione
665 4176 803 4228 reflexiva
827 4175 910 4229 verbi
935 4175 1060 4242 recipere
1078 4173 1211 4229 Gortinm

58 4245 92 4296 ad
111 4245 180 4297 Sall.
201 4247 272 4299 Exc.
291 4246 340 4299 v1.
363 4249 394 4298 in
413 4248 445 4299 lu
469 4286 474 4297 .
496 4245 640 4301 Veohneri
659 4245 841 4300 Hellenolcx.
858 4248 879 4299 1.
896 4248 958 4302 1-6.
979 4246 1047 4315 ibiq.
1068 4246 1209 4328 Heusing.

56 4316 197 4368 Viverum
224 4319 258 4370 ‹le
285 4317 427 4371 Idiotism.
481 4358 486 4370 .
513 4319 565 4371 Gr.
591 4321 623 4374 V.
649 4322 674 4372 1.
700 4320 793 4373 1-9.
831 4317 977 4371 Sor-ibitur
999 4317 1153 4385 recipiatur
1179 4332 1211 4367 ιιι

58 4364 148 4438 coia.
176 4388 264 4441 naha.
295 4397 324 4442 et
346 4389 446 4442 nuiss.
471 4390 561 4441 nuos.
587 4390 656 4443 em.
681 4387 753 4441 naa.
778 4389 850 4442 nm.
875 4387 949 4445 narr.
986 4389 1067 4441 onus
1086 4387 1136 4439 ox.
1156 4396 1211 4507 pro

57 4456 155 4514 babeat
174 4458 308 4514 exhibeat
326 4460 411 4514 latus.
449 4461 551 4536 Pergit
566 4460 656 4517 Rehd.
675 4461 805 4532 corporis
819 4467 943 4532 portum.
962 4458 1035 4514 md.
1056 4457 1085 4512 S.
1105 4457 1140 4511 n.
1182 4468 1211 4508 a·
