2828 5070
493 347 496 351 ,
531 296 658 360 mum
677 299 705 379 1,
726 299 779 364 u.
1035 312 1041 333 ‘-
1172 302 1237 367 sss

31 496 38 513 ι
84 482 187 543 quum
208 460 251 522 erl
272 481 344 523 eam
366 460 730 527 ducereturdsmnatus
751 465 793 526 ab
808 465 961 546 Ephoris,
984 478 1018 530 et
1038 475 1123 530 esset
1136 469 1234 530 vultu

84 544 187 604 hilsri
208 552 306 623 etque
328 545 426 620 laeto,
454 545 654 626 dixissetque
676 549 709 608 ei
731 546 866 629 quidem
889 550 1055 628 iuimicus,
1085 550 1234 614 Contem-

83 628 176 686 nisae
207 626 294 706 leges
313 622 487 709 Lycurgi!
518 627 743 708 responderit,
778 629 850 710 Ego
882 649 957 692 uero
989 632 1041 693 illi
1071 636 1233 693 marimens

81 710 224 785 gretiam
245 707 357 783 nabeo,
380 712 436 787 qui
455 727 502 768 nse
522 728 559 769 eo
577 715 681 788 poeno
701 710 893 788 multaverit,
959 733 1007 773 om
1024 715 1093 774 sine
1108 724 1233 775 mutuo·

84 792 173 850 tione
203 798 234 849 et
266 791 335 850 sinc
366 809 497 850 versura
529 810 650 868 possem
679 793 859 854 dissolvere.
912 731 958 853 gl
970 796 1084 856 virum
1111 795 1233 874 Sparte

82 870 237 955 dignum!
267 879 305 930 ut
334 871 417 930 mihi
445 868 595 950 quidem,
629 875 686 952 qui
719 881 785 933 tarn
814 893 933 958 magno
967 877 1078 937 animo
1114 878 1232 954 suerit,

80 954 240 1013 innocens
261 951 434 1013 damnatus
456 972 527 1015 esse
552 952 715 1018 videntur.
759 953 855 1015 Tales
876 957 1136 1020 innumerabiles
1169 978 1229 1019 no·
1239 955 1298 1009 1⁰¹·

86 1078 201 1088 —--.—.
209 1079 558 1087 —o-—a--offl
820 1083 954 1092 ...q

152 1152 266 1200 mortem
284 1153 360 1201 tanto
380 1162 462 1216 opere
486 1149 694 1219 contempserit]
731 1146 797 1204 eod.
816 1151 900 1206 Vind.
920 1152 945 1209 Ἃ.
970 1154 1149 1225 contempsit:
1179 1173 1232 1212 ne·

80 1219 176 1341 plecte
203 1221 369 1290 compendio
397 1220 420 1270 s'
438 1219 455 1270 i.
477 1237 500 1272 e.
526 1237 580 1273 ser.
618 1225 684 1274 Mox
706 1236 767 1274 cum
789 1224 1033 1279 adduceretur
1063 1229 1128 1290 (om.
1154 1230 1230 1294 eom)

103 1289 187 1342 abent
205 1288 275 1342 Eud.
295 1291 358 1343 Asc.
378 1292 403 1343 2.
424 1290 500 1343 cam.
520 1293 599 1343 Junt.
619 1292 650 1344 G.
672 1294 767 1346 Herw.
797 1295 1035 1349 coniunctionem
1060 1304 1091 1349 stt
1115 1299 1228 1350 omittit

80 1378 153 1411 unus
173 1362 222 1413 01.
249 1361 291 1414 De
316 1360 498 1430 Ephororum
545 1371 662 1415 otestate
681 1363 739 1414 vid,
759 1365 813 1418 Cro
835 1366 895 1416 ium
922 1367 956 1418 de
974 1369 1042 1438 Rep.
1062 1368 1227 1420 Lacedaem.

79 1449 108 1499 p.
130 1435 163 1486 ⁷6
182 1449 242 1501 sqq.
263 1434 372 1485 Ubbon.
392 1434 500 1485 Emmii
520 1381 695 1488 (lmeoorum
713 1385 848 1520 resppgl.
869 1453 896 1521 p.
912 1440 965 1492 288
982 1456 1043 1508 sqq.
1063 1457 1090 1508 p.
1101 1441 1154 1492 ³14
1163 1456 1226 1509 sqq.

80 1500 159 1565 Quod
171 1501 200 1553 h.
212 1503 232 1553 l.
245 1504 315 1556 dicit
334 1502 386 1555 leil
391 1504 450 1556 ori
466 1505 552 1571 uultu,
571 1507 625 1558 slis
643 1507 729 1557 huius
746 1508 880 1560 adsectirr
891 1509 981 1558 forms
991 1509 1086 1560 utitur
1096 1508 1130 1560 de
1139 1509 1226 1560 Finn.

79 1574 112 1623 V.
122 1575 165 1626 30.
175 1575 298 1626 scribens
316 1573 440 1627 hilara
457 1576 523 1627 sito.
546 1579 611 1628 Mox
619 1576 685 1629 Gud.
697 1577 770 1629 Gud.
791 1586 819 1629 et
829 1587 888 1629 tres
900 1579 968 1630 On.
980 1578 1110 1639 dixisset,
1123 1579 1229 1631 omisso

79 1657 138 1711 que.
160 1644 412 1711 Constructioest,
432 1648 511 1715 quasi
530 1647 672 1716 scriptum
691 1647 743 1699 sit:
771 1653 808 1713 et,
828 1653 868 1711 ut,
888 1664 968 1716 pssum
986 1648 1106 1700 elisisset
1123 1648 1151 1699 es‘
1169 1658 1225 1701 etc.

77 1715 183 1765 Vocem
201 1715 229 1767 ei
247 1717 384 1767 omittunt
403 1716 457 1768 duo
476 1717 557 1781 Oxx.,
576 1717 650 1768 nlius
667 1716 751 1769 habet
770 1717 883 1769 cuidam
899 1735 952 1787 pro
971 1717 1091 1786 quidum.
1112 1719 1185 1770 Gud.
1198 1721 1225 1774 Ἰ.

77 1790 316 1911 iiimlffl‘
333 1786 562 1922 ittdtttt
582 1787 754 1924 ssssilitl',
768 1786 1226 1928 lztt;„3⁰‘;tt¹t;tltttt;

76 1926 211 1998 neglecto
234 1927 402 1997 compendio
428 1927 477 1978 els’t
501 1928 529 1978 id
554 1935 595 1980 est
623 1927 705 1980 eterit.
741 1928 814 1980 Gud.
843 1928 927 1980 hebet
952 1928 1156 1995 respondens:
1194 1937 1224 1981 et

75 2011 144 2046 mox
163 2013 228 2047 cum
246 1996 318 2070 Aug.
338 1997 417 2049 illis.
438 1996 522 2048 vind.
544 2002 567 2051 l.
587 1995 661 2072 Aug.-
675 2013 818 2064 ¹euagrium.
843 1998 927 2050 Vind.
947 2000 973 2052 2.
998 1997 1152 2050 maximum
1175 1997 1244 2074 itti,

75 2066 201 2132 gratiam
225 2064 318 2120 labeo.
343 2066 440 2119 Duisb.
467 2067 594 2134 gratiam
620 2070 787 2121 marimens.-
822 2087 894 2121 unus
913 2071 963 2122 Ox.
992 2068 1143 2120 mariniane
1159 2070 1225 2136 gla-

75 2138 166 2219 riamz
190 2138 266 2189 idem
284 2138 394 2190 omittit
419 2136 511 2190 labeo.
549 2140 687 2209 Sequitur
711 2140 742 2191 in
768 2138 835 2192 eod.
861 2140 924 2193 car.
949 2138 1048 2208 Stoph.
1074 2140 1147 2209 quod
1168 2156 1223 2210 pro

75 2222 148 2329 tt.
165 2209 1224 2350 extistit,{tutustituit?:intestati⁰22¹:

74 2347 171 2400 hibent
189 2348 252 2401 s'lls's
269 2366 322 2419 pro
341 2349 397 2400 illi.
437 2350 543 2402 Omissa
566 2359 663 2402 tamen
686 2359 728 2403 est
747 2367 779 2402 es
803 2350 945 2402 correctio
973 2348 1003 2399 in
1021 2350 1095 2423 Aug.
1115 2352 1141 2402 ².
1210 2350 1222 2401 i

75 2418 144 2470 item
163 2418 280 2472 exhibet
298 2419 367 2471 illis.
406 2419 551 2472 scribitur
577 2422 608 2471 in
635 2438 713 2490 seqq.
739 2421 799 2472 sine
815 2418 1016 2471 mutatione
1043 2419 1075 2470 in
1093 2435 1150 2471 uuo
1169 2367 1221 2472 llil.

74 2488 147 2563 Aug.
173 2490 259 2542 Msrb.
284 2493 359 2541 Mon.
381 2496 404 2545 l.
424 2490 495 2542 Edd.
519 2493 549 2543 P.
569 2490 618 2553 A.;
646 2493 708 2543 sine
734 2490 1036 2544 commutuatioue
1069 2489 1100 2540 in
1128 2489 1223 2542 tribus

75 2560 161 2624 Oxx.;
190 2560 220 2611 in
246 2577 302 2614 uno
328 2562 426 2614 valeo
452 2561 512 2614 sine
532 2561 711 2614 mutuatione.
749 2561 825 2613 Tum
844 2567 870 2612 et
889 2560 950 2612 sine
972 2575 1080 2611 usuro
1098 2568 1224 2628 quatuor

75 2630 143 2682 Oxx.
164 2631 299 2699 (quorum
317 2650 390 2683 unus
407 2651 493 2701 supra
509 2632 562 2684 lin.
582 2640 692 2683 tantum
711 2631 796 2684 habet
813 2631 858 2684 uel
874 2630 972 2694 usura)
992 2630 1065 2682 Gne
1086 2633 1111 2685 2
1132 2632 1218 2683 Marb.

77 2701 156 2753 t'ind.
178 2706 201 2754 l.
223 2703 335 2765 (omisso
354 2702 426 2766 sine)
447 2705 520 2754 ltlon.
542 2706 566 2756 1.
587 2702 660 2754 Gud.
680 2702 751 2754 Edd.
776 2704 809 2754 H.
830 2703 899 2753 ven.
928 2709 1016 2752 nostr.
1041 2701 1163 2755 HWolf.
1189 2702 1220 2753 in

74 2772 237 2841 parenthesi
256 2791 353 2824 rursus
372 2774 448 2825 lecto
463 2773 632 2842 compendio
650 2774 676 2824 u’
697 2771 784 2836 (uer),
804 2773 884 2841 quasi
902 2773 939 2824 sit
959 2772 1089 2841 simplex.
1110 2788 1135 2822 u.
1156 2773 1218 2824 Mr.

143 2842 205 2895 sine
222 2843 394 2896 mrttuatione
413 2850 438 2894 et
457 2843 519 2896 sine
536 2842 665 2908 versura]
702 2844 743 2896 De
761 2843 816 2895 hoc
835 2843 898 2895 loco
925 2842 1005 2894 docta
1028 2851 1070 2894 est
1093 2842 1220 2911 disputa·

72 2912 113 2963 tio
133 2913 173 2965 cl.
195 2913 324 2966 Salinasii
352 2916 383 2965 iu
406 2913 482 2966 libro
505 2915 547 2966 De
567 2914 647 2966 Modo
666 2914 824 2966 Usurarum
846 2931 874 2982 p.
894 2914 1063 2968 tet-3⁰1.
1092 2930 1127 2964 ex
1152 2931 1219 2982 qus,

72 2985 139 3051 quia
158 2985 251 3035 rarior
269 2994 319 3048 est,
347 3001 418 3053 quae
442 2984 500 3035 huc
518 2983 674 3054 pertinent,
693 3001 760 3036 cum
779 2984 834 3036 reli
857 2984 910 3047 nis,
938 2999 1009 3051 quse
1034 2983 1149 3034 adrem
1169 3000 1219 3034 ex-

69 3054 231 3122 plicandam
248 3056 370 3117 faciunt,
390 3055 421 3105 in
438 3053 598 3107 Excursum
617 3055 800 3106 couiecimus.
837 3001 898 3107 lte.
1210 3112 1214 3122 1

142 3140 224 3190 quom
245 3140 428 3191 —possem
447 3124 623 3189 dissolvere]
660 3125 744 3176 vind.
765 3128 789 3178 1.
816 3123 932 3190 possim,
961 3123 1037 3193 quod
1060 3124 1153 3193 recipi
1172 3125 1218 3175 iu-

70 3193 151 3244 bebat
170 3193 298 3255 Bothum,
318 3213 417 3263 parum
435 3204 579 3264 reputans,
599 3196 806 3264 Imperfectum
825 3194 903 3262 poni,
924 3201 955 3243 ut
974 3195 1218 3264 quasiconsilium

70 3263 246 3336 legislatoris
269 3264 460 3336 significetur,
488 3265 535 3316 cui
559 3265 682 3338 gretiam
705 3282 734 3317 se
761 3265 825 3317 ideo
851 3264 892 3314 ait
914 3263 1027 3316 hebere.
1063 3263 1174 3318 Possim
1192 3264 1218 3316 si

68 3333 183 3396 scribas,
203 3333 278 3385 dicet
296 3334 472 3402 simpliciter
490 3344 637 3387 eventum:
658 3336 810 3387 consilium
828 3350 886 3385 uon
904 3334 1085 3409 significabit.
1123 3336 1182 3389 Mr.

141 3403 274 3456 Ooirum
293 3405 397 3473 Sparta
425 3405 557 3471 dignum!
580 3410 615 3456 ut
640 3403 712 3458 mili
736 3404 847 3474 quidem
867 3404 916 3470 -]
953 3404 1020 3456 God.
1041 3407 1114 3457 Mon.
1135 3409 1158 3458 l.
1188 3411 1216 3457 et

68 3492 121 3545 pro
139 3483 177 3529 ut.
214 3476 267 3528 Est
284 3476 314 3528 h.
334 3476 354 3527 1.
374 3483 405 3528 ut
424 3475 645 3541 consecutivum,
670 3485 703 3527 ut
720 3477 754 3529 de
774 3474 826 3527 eff.
847 3475 869 3528 1.
889 3477 932 3531 26·
953 3479 982 3530 9:
1012 3476 1085 3528 ulter
1109 3492 1216 3544 semper

68 3563 196 3613 magnus,
222 3549 297 3600 alter
323 3563 405 3615 saepe
429 3546 622 3614 turpissimus:
647 3552 684 3599 ut
707 3554 780 3600 recte
804 3546 966 3614 praecipere
984 3546 1143 3612 uideantur,
1168 3543 1217 3613 qus‘

67 3625 176 3670 mouent
195 3627 250 3670 etc.
288 3620 323 3671 ln
342 3618 407 3671 Cod.
428 3617 515 3670 Maru.
540 3617 650 3691 legitur
672 3619 778 3683 quidem
794 3614 874 3672 mili.
912 3616 990 3682 Quod
1013 3619 1145 3687 sequitur
1186 3615 1216 3669 us'

68 3689 177 3740 omittit
196 3708 268 3740 unus
288 3691 353 3754 0x.‚
386 3689 459 3741 alius
482 3687 566 3739 habet
591 3688 684 3740 animo
711 3687 835 3753 fueris.
862 3686 950 3740 nehd.
977 3688 1061 3739 vind.
1087 3692 1113 3742 2.
1154 3689 1164 3706 ¹
1187 3687 1215 3739 d.

67 3761 148 3810 Junt.
173 3760 236 3811 Asc.
257 3763 282 3814 2.
309 3761 383 3814 Cam.
409 3759 498 3826 suerit
525 3757 627 3811 auimo.
653 3759 727 3811 Gud.
747 3761 772 3814 2.
803 3756 913 3812 omittit
939 3757 1102 3811 damnatus.-
1139 3757 1216 3826 quod

67 3847 135 3881 cave
154 3831 261 3897 probes.
298 3833 358 3885 Mr.
646 3858 651 3869 ·

138 3907 235 3952 nostro
255 3901 356 3954 ciuitas
374 3902 450 3968 tulit]
471 3901 554 3955 codd.
576 3902 649 3955 Gud.
669 3900 765 3953 Duisb.
786 3899 887 3953 ciuitas
906 3905 1014 3952 nostra.
1038 3898 1105 3951 Cod.
1126 3898 1212 3952 llarb.

65 3973 210 4038 protulit,
230 3973 307 4042 quod
325 3982 365 4025 est
385 3973 566 4036 correctoris,
590 3972 664 4024 unde
684 3972 715 4022 iu
733 3971 839 4024 duobus
858 3971 926 4023 Oxx.
953 3970 1026 4021 male
1046 3970 1215 4022 factumest

65 4044 215 4109 pertulits
252 4043 334 4094 Alius
358 4045 456 4118 pergit
479 4044 529 4097 sed
554 4042 697 4112 quidem
716 4070 748 4080 -
768 4040 945 4094 nerninem.
983 4038 1026 4091 Ad
1043 4058 1079 4100 y,
1107 4040 1213 4093 scribut

66 4114 136 4167 Cato
153 4114 324 4168 Bouhierius
348 4116 466 4167 credere
492 4114 606 4184 quidem
625 4113 666 4165 ait
684 4115 712 4165 P.
730 4113 899 4176 Manutium,
917 4109 973 4162 hoc
992 4127 1049 4163 esse
1068 4120 1215 4181 sumptum

66 4201 101 4235 ex
120 4185 233 4237 Catonis
253 4183 439 4252 Originibus.
458 4185 512 4237 sibi
531 4193 626 4236 sutem
643 4182 735 4236 videri
757 4191 924 4268 excerptum
943 4198 978 4234 ex
1003 4181 1078 4234 libro
1103 4181 1137 4235 de
1160 4179 1214 4232 Di·

65 4253 187 4322 soiplina
205 4256 345 4309 Militari.
376 4259 441 4308 Non
460 4254 630 4308 meminerat
647 4255 695 4306 vir
712 4253 821 4319 doctus,
841 4270 934 4324 ipsum
953 4252 1089 4306 Catonem
1107 4270 1123 4303 a
1134 4251 1214 4302 Cios-

73 4342 135 4378 une
164 4327 195 4377 in
220 4326 295 4378 libro
320 4326 354 4381 de
373 4326 527 4381 Senectute
554 4327 720 4396 loquentem
746 4324 897 4377 inductum
915 4340 940 4375 c.
960 4325 1003 4377 20.
1023 4322 1133 4401 dicere:
1159 4319 1214 4370 Re·

67 4397 171 4449 certior
192 4427 223 4438 —
243 4397 367 4465 legiones
385 4402 495 4450 nostras
514 4395 619 4465 (quod
636 4395 775 4466 scripsi
793 4391 1081 4464 inoriginibus)
1109 4404 1138 4442 m
1153 4405 1215 4442 eunt
