2828 5070
515 318 644 381 LIBER
665 318 691 395 1,
712 318 763 382 so.
1156 319 1219 385 379

63 485 199 555 bunum,
221 493 280 546 ant
300 484 427 546 nullum
450 484 571 545 malurn
594 504 665 546 esse
687 485 915 569 cognovimus.
955 480 1114 545 Secundis
1135 501 1218 545 vero

62 570 133 630 suis
156 569 256 629 rebus
270 569 361 630 volet
373 571 473 630 etiam
491 569 594 630 mori:
616 586 683 630 non
698 570 787 630 enim
800 576 868 628 tam
884 565 1037 628 cumulus
1051 566 1218 628 bonorum

106 700 108 702 .
141 697 256 703 ...Μ-ω
281 696 516 704 -.-.----·--—-—-·

62 755 181 807 omnino
207 756 290 808 male.
328 755 386 807 Aut
411 756 489 807 enim
513 755 705 820 scribendum,
730 771 779 809 res
796 757 863 821 fert,
895 753 1131 825 quemadmodum
1149 753 1218 805 daut

63 827 174 881 Victor.
193 826 305 880 Elisus.
346 844 370 879 r.
391 844 446 880 sec.
466 835 516 880 aut
533 842 581 880 ret
599 827 684 892 feret,
704 828 749 879 uti
759 827 914 879 Lambinus
933 825 1034 888 edidit,
1053 823 1217 879 auctoribus

63 897 214 951 &clantio
235 896 301 950 Div.
322 845 394 952 lust.
414 898 543 963 V11,1o.
567 894 777 967 nonnullisque
796 896 892 950 Tullii
911 895 1072 950 (lodicibus.
1109 894 1146 952 D.

135 987 164 1038 η’
181 986 223 1039 itu
251 1004 309 1041 res
333 985 460 1052 feren]
499 988 544 1041 ita
562 987 667 1058 scripsi
686 987 804 1062 liuguae
823 986 937 1061 legibus
956 985 1118 1048 obsecutus,
1148 1001 1218 1039 curn

64 1058 242 1127 optimorum
262 1059 411 1126 ceteroqui
430 1066 459 1111 et
476 1059 741 1111 vetustissimorum
761 1058 900 1111 Codicum
919 1058 1041 1127 scriptio
1064 1055 1140 1109 terri
1158 1070 1218 1109 nou

63 1131 157 1199 possit
184 1128 234 1192 (si
257 1129 299 1182 ita
324 1129 476 1193 refert),
510 1136 539 1181 et
566 1127 654 1182 facile
681 1128 877 1204 intelligatur,
901 1128 1045 1198 quomodo
1064 1126 1218 1194 scriptoris

63 1200 346 1324 ῗαηυενροέτιέιηςὲ
372 1201 509 1323 lllluffill
542 1199 587 1322 fit
610 1198 718 1324 lpabgnt
747 1216 847 1322 ¹pos-pm
878 1200 1065 1324 scsrtiptponffim
1088 1204 1218 1320 lquactuor

89 1287 417 1324 xx.1n..ue.
509 1288 638 1324 .m.
770 1290 867 1325 ,san
933 1288 998 1324 e.
1050 1284 1108 1321 ou.
1160 1283 1215 1320 am.

64 1342 128 1394 Ald.
150 1341 238 1395 Goth.
267 1340 376 1394 sturm.
402 1341 487 1394 Leod.
508 1341 630 1396 HWolt'.
659 1289 746 1412 Syllll)
769 1349 798 1396 et
815 1342 897 1398 Scur.
917 1289 980 1396 Alll.
1000 1357 1071 1409 quas
1089 1337 1218 1392 contulit

64 1412 160 1467 Reisk.
187 1415 315 1483 itemque
342 1413 426 1465 Verb.
455 1411 529 1465 Lall.
557 1411 701 1468 FAWolt'.
727 1430 805 1482 seqq.
843 1413 877 1467 lu
901 1411 987 1467 Codd.
1011 1409 1098 1463 narb.
1124 1407 1216 1464 Rehd.

63 1485 137 1559 Aug.
165 1484 238 1538 lilon.
262 1489 286 1538 Ι.
306 1487 331 1536 7.
358 1482 431 1535 Edd.
456 1482 491 1533 Η.
513 1483 541 1535 Ρ.
562 1484 594 1536 Α.
614 1483 644 1535 Β.
665 1484 694 1539 S.
714 1483 748 1540 E.
779 1484 811 1541 C.
838 1484 936 1537 Herw.
965 1485 998 1535 V.
1025 1484 1095 1535 Vsu.
1124 1487 1217 1535 nostr.

63 1558 130 1608 Asc.
152 1561 175 1611 1.
195 1559 227 1612 7.·
248 1557 329 1608 Juut.
357 1556 441 1607 Grut.
465 1554 536 1606 Ero.
565 1554 633 1609 Rsk.
659 1573 695 1610 ex
718 1554 837 1610 Raiskk.
862 1557 932 1609 Ven.
954 1558 977 1608 Ι.
997 1557 1023 1611 2
1050 1551 1123 1607 Med.
1145 1556 1169 1606 l·
1189 1553 1216 1608 2·

64 1635 121 1680 est:
141 1628 168 1679 si
186 1643 245 1680 res
263 1627 355 1690 sert,
375 1626 406 1678 in
425 1623 478 1676 Ed.
500 1626 535 1678 M.
556 1625 585 1678 si
602 1625 646 1678 ito
663 1628 866 1695 respefern
895 1627 927 1679 in
945 1623 1019 1680 Gud·
1048 1623 1076 1676 ei
1095 1623 1139 1676 ita
1157 1637 1219 1674 re·

62 1698 175 1764 ferris
211 1698 241 1750 in
269 1697 391 1766 reliquis
415 1697 442 1749 si
464 1695 507 1747 ita
533 1697 622 1761 refert
651 1697 782 1767 (excepta
809 1700 880 1751 Vsu.
905 1697 1012 1760 Alteri,
1040 1711 1112 1764 quae
1130 1691 1219 1747 habet

63 1769 187 1835 referet)
214 1786 249 1822 ox
274 1769 378 1837 quibus
401 1785 475 1819 unus
496 1767 553 1818 Pal.
572 1767 660 1821 habet
684 1767 810 1842 glossam
835 1769 961 1834 expedite
990 1765 1041 1819 sed
1059 1765 1114 1818 hoo
1132 1779 1219 1818 sensu

63 1857 122 1893 non
151 1841 226 1893 dixit
252 1840 356 1892 Cicero
380 1839 477 1902 refert.
523 1838 655 1892 Fortasse
680 1846 777 1891 autem
801 1847 899 1891 ortum
925 1846 969 1892 est
993 1835 1051 1889 hoc
1076 1838 1164 1900 refert
1187 1835 1220 1887 iu

64 1909 152 1964 codd.
183 1928 219 1963 ex
243 1911 360 1980 antiqua
386 1909 625 1979 pronuntiatione
651 1908 808 1962 verborum
834 1925 880 1962 res
904 1910 972 1973 fert,
1000 1925 1056 1976 qua
1073 1923 1089 1959 s
1109 1908 1140 1958 iu
1159 1906 1219 1961 flua

64 1981 238 2037 elidebatur:
267 1997 441 2051 quemquam
471 1980 591 2033 verbum
621 1980 816 2048 impersonale
843 1981 932 2044 refert
960 1977 1076 2048 (priore
1108 1975 1219 2047 syllaba

64 2054 217 2124 producta)
237 2070 272 2106 ex
291 2055 323 2104 re·
351 2052 408 2115 sert
432 2059 529 2104 ortum
549 2064 608 2104 esse
627 2050 761 2105 concedo.
799 2050 930 2106 Tertiam
958 2051 1003 2103 sin
1027 2048 1116 2102 ularis
1136 2046 1219 2101 verbi

64 2125 159 2189 resero
177 2125 288 2194 corripi
307 2129 408 2175 notum
429 2130 480 2176 est.
517 2118 664 2174 Similiter
680 2121 794 2175 locutus
814 2130 858 2176 est
876 2129 976 2176 noster
993 2065 1148 2191 illiiippic.
1170 2117 1217 2170 lv.

62 2198 89 2251 6.
113 2199 160 2251 Ι4τ
186 2195 212 2247 ss·
236 2211 281 2246 ree
304 2195 348 2246 ito
375 2192 495 2247 tolieret.
533 2192 650 2248 Similes
674 2191 815 2263 loquendi
837 2193 982 2246 formulae
1000 2198 1069 2246 sunt
1092 2190 1220 2243 uoluntas

62 2268 129 2332 sert.
149 2267 180 2318 in
199 2268 280 2319 verr.
302 2266 353 2319 lll.
373 2268 416 2321 23.
437 2269 486 2328 573
506 2270 613 2331 tempus
629 2262 696 2329 fert,
716 2264 751 2317 ad
771 2262 823 2328 Qu.
842 2262 940 2316 Frate.
960 2263 983 2314 1.
1001 2266 1033 2327 43
1053 2261 1132 2314 ratio
1150 2262 1218 2326 fert,

62 2337 98 2390 ad
116 2339 224 2390 Famm.
245 2338 277 2388 V.
298 2341 331 2400 lt
351 2341 452 2389 nutura
471 2338 538 2403 fert,
558 2335 655 2389 domu.
676 2333 752 2405 Scip.
774 2339 824 2398 113
841 2335 958 2400 fortuna
976 2334 1042 2398 fert,
1061 2332 1218 2385 adlamm.

63 2408 109 2490 lv.
131 2412 180 2470 13;
200 2414 278 2460 aetus
295 2409 361 2473 fert,
382 2408 428 2460 Or.
449 2423 503 2477 pro
523 2405 637 2460 Cluent.
657 2407 835 2469 oo‚1oo.-
862 2405 896 2458 lu
915 2421 993 2473 seqq.
1015 2402 1086 2457 coo.
1107 2405 1181 2488 lton.
1193 2400 1218 2456 1.

63 2486 434 2615 ttttzftg‘temtt
461 2478 775 2616 ttsfwtgttttt,
793 2475 875 2601 itt.
894 2475 924 2617 l
960 2472 1220 2609 ulmei:

64 2639 138 2692 quae
156 2628 239 2673 antea
257 2621 334 2672 dicta
360 2627 435 2672 sunt.
473 2619 533 2671 Mr.

85 2760 106 2813 h
135 2691 270 2745 Secundis
287 2707 351 2743 vero
375 2690 438 2743 suia
456 2690 538 2742 relus
560 2687 633 2741 solet
653 2687 744 2741 etiam
761 2686 854 2756 mori]
890 2687 985 2741 Notus
1004 2694 1048 2742 est
1065 2687 1221 2763 Mimogra·

107 2763 118 2815 i
136 2763 309 2825 versiculus,

64 2780 84 2832 p
231 2832 315 2886 Mori
333 2839 374 2885 est
392 2829 497 2897 felicia,
522 2837 667 2899 antequem
684 2837 802 2884 snortem
820 2830 935 2884 invocet.

65 2905 142 2957 Hinc
160 2904 268 2958 Seneca
287 2903 372 2957 Cone.
393 2902 428 2956 ad
447 2903 584 2955 Marciam
603 2919 662 2972 cap.
682 2901 739 2955 XX.
777 2904 853 2955 Mors
879 2901 913 2954 de
936 2898 1023 2953 nullis
1045 2900 1147 2954 melius
1164 2916 1221 2954 me

65 2977 135 3040 rita,
155 2991 234 3042 quum
253 2975 287 3028 de
306 2973 360 3039 lis,
391 2974 430 3027 ud
448 2988 515 3040 quoa
539 2972 610 3026 oeeit
635 2979 782 3042 antequam
801 2973 989 3026 invocaretur.
1028 2972 1090 3025 Hoc
1108 2988 1167 3025 non
1185 2970 1221 3025 ad

64 3047 140 3099 solos
161 3049 280 3100 iuvenes
304 3046 444 3116 pertinet,
470 3052 504 3096 ut
520 3060 675 3114 perperam
699 3044 765 3096 vult
788 3041 972 3097 doctissimus
991 3041 1123 3111 Lipsius3
1154 3056 1220 3095 nam

65 3119 145 3180 etii,
174 3116 310 3189 gravibus
335 3116 508 3168 infortuniis
526 3115 631 3184 pressi,
657 3121 783 3168 mortem
802 3114 915 3183 possint
934 3114 1087 3175 iuvocare;
1118 3112 1166 3165 sed
1185 3110 1222 3165 ad

65 3202 122 3245 eos,
154 3188 352 3254 cuiuscunque
377 3186 494 3239 demum
520 3185 580 3238 sint
607 3186 721 3249 aetatis,
749 3198 875 3254 quorum
902 3200 950 3236 res
976 3190 1046 3236 eunt
1069 3197 1220 3252 prospere,
1253 3238 1256 3245 ,

65 3256 174 3325 quique
194 3255 285 3305 nullis
303 3254 396 3307 adhuc
415 3255 632 3309 molestioribus
650 3262 699 3308 aut
717 3255 808 3307 animi
831 3262 880 3306 aut
897 3255 1033 3311 fortunae
1050 3260 1100 3304 aut
1119 3268 1221 3321 corpo·

66 3327 108 3377 ris
132 3325 236 3377 arctati
262 3332 329 3376 suut
358 3323 557 3377 incommodis.
592 3325 665 3379 Vide
690 3332 720 3380 et
742 3341 805 3395 cap.
823 3324 896 3376 xxl.
934 3324 1092 3394 Euripides
1111 3322 1218 3380 Hecub.

65 3415 107 3451 vs.
131 3399 192 3452 497.

232 3467 303 3531 «oso,
323 3472 388 3536 φεῦ,
406 3464 497 3535 γέρων
513 3483 565 3533 μεν
584 3464 649 3534 εἶμ’,
678 3460 752 3537 ὅμως
771 3465 806 3519 dl
818 3484 869 3532 μοι
886 3469 985 3522 θανεῖν

231 3542 292 3604 Εἴη,
312 3540 378 3608 nplv
397 3537 502 3605 αἰσχρᾷ
520 3541 676 3607 περιπεσεῖν
698 3539 766 3604 τύχῃ
786 3541 849 3590 stri.

65 3609 113 3664 Sic
132 3608 384 3684 Zarmauochegas
402 3605 491 3660 ludus
515 3625 545 3661 se
565 3609 688 3672 censuit,
714 3608 822 3661 ἅπαντα
846 3610 914 3661 κατὰ
940 3611 1054 3681 γνώμην
1080 3611 1220 3681 πράξαντα

64 3683 152 3749 μέχρι
169 3688 230 3744 νῦν,
249 3680 362 3732 ἀπιέναι
380 3677 449 3738 δεῖν,
468 3685 533 3749 μήτι
552 3679 606 3733 τῶν
623 3677 781 3748 ἀβουλήτων
799 3685 956 3749 χρονίζονιι
974 3683 1111 3750 συμπέσῃ,
1130 3688 1163 3734 ut
1177 3684 1221 3736 ait

66 3752 168 3805 Strabo
187 3752 236 3803 lib.
257 3752 314 3803 XV.
334 3768 400 3825 pag.
422 3753 502 3806 1048.
539 3749 603 3802 Huc
629 3750 701 3803 facit
724 3750 802 3821 quod
820 3750 1007 3806 Antisthenes
1031 3751 1178 3821 iuuentute
1195 3759 1223 3809 τί

65 3825 268 3948 μακαριὸὃιτεῗν
288 3819 323 3945 ἓν
346 3821 526 3891 ἄνθρώηοιςς
553 3823 607 3890 ἔφη
631 3819 799 3905 εὐτυχοῦντα
826 3820 989 3879 ἀποθανεῖν.
1031 3824 1104 3877 Vide
1131 3824 1220 3878 Laer-

65 3894 140 3946 tium
199 3928 207 3954 ‚
246 3934 252 3947 .
317 3928 324 3943 .

137 3963 266 4015 secundis
287 3978 351 4015 vero
376 3963 438 4016 suis
459 3964 543 4016 relus
568 3963 641 4015 volet
673 3963 758 4016 etiam
782 3963 874 4028 mori]
911 3963 981 4017 God.
1006 3964 1090 4018 Viud.
1111 3971 1136 4023 1.
1164 3982 1220 4036 pro

65 4049 131 4092 cero
149 4033 236 4087 habet
256 4032 351 4097 etium,
368 4032 423 4087 hac
441 4049 511 4087 vocs
528 4042 594 4103 post
612 4035 684 4086 uolet
702 4033 815 4087 omissa.
853 4036 908 4088 l’ro
927 4035 1013 4088 etiam
1037 4036 1068 4088 in
1087 4055 1143 4091 sec.
1162 4037 1217 4094 Ed.

64 4104 198 4157 Davisius
224 4104 312 4156 nimis
337 4105 441 4174 cupide
465 4112 617 4175 receperat
641 4104 699 4156 iam
727 4121 763 4158 ex
793 4103 920 4159 Bentleii
947 4108 1123 4161 coniectus-s.
1164 4106 1220 4162 Sed

65 4176 151 4228 etium
169 4183 213 4229 cst
238 4176 257 4230 i.
278 4192 305 4244 q.
326 4175 403 4228 adeo.
442 4174 546 4229 Probat
570 4175 687 4245 quidem
711 4174 788 4228 illud
811 4176 869 4229 ium
892 4177 1000 4248 Wopk.
1025 4179 1118 4233 laectt.
1138 4178 1218 4233 Tull.

65 4263 94 4315 p·
115 4250 158 4302 il.
177 4246 232 4309 (77.
254 4246 368 4311 Haud),
386 4247 436 4300 sed
453 4250 573 4300 trustra.
613 4245 693 4312 Quod
709 4254 804 4300 autem
820 4247 1017 4318 Wopkeusius
1036 4250 1080 4303 bis
1100 4251 1220 4319 scripsit

66 4315 110 4366 uti
133 4332 187 4383 pro
212 4317 295 4382 mori,
328 4317 360 4371 id
388 4318 490 4372 calami
512 4317 597 4388 lapeu
620 4320 730 4372 factum
749 4317 877 4383 videtur,
902 4336 988 4389 quem
1012 4336 1071 4375 nou
1089 4319 1220 4374 snimad·

65 4386 160 4437 vertit
176 4386 314 4442 Handius.
352 4388 503 4442 UnusOx.
522 4384 680 4459 proelium
698 4387 835 4442 habetet.
873 4390 934 4444 Mr.

138 4454 200 4508 Non
225 4458 298 4512 caim
322 4465 381 4513 tam
406 4460 531 4515 camum
555 4458 740 4527 deseram]
785 4456 858 4519 osu
876 4459 907 4517 ls.
927 4460 948 4517 l
972 4476 1030 4516 non
1047 4460 1085 4516 ds
1101 4457 1218 4515 divitiis
