2828 5070
88 318 128 383 Ε
545 312 672 375 Lllllill
699 311 741 388 ll,
776 312 823 374 19.
911 314 916 321 ’
945 322 952 339 ·
974 346 977 353 ·
999 360 1002 365 -
1213 312 1276 377 5ὕὸ

88 477 252 549 titudinis
275 496 335 538 nec
355 476 588 540 diuturnitatis
620 476 771 537 modum:
805 480 844 534 ut
863 474 975 548 sciam,
1004 473 1083 554 quid
1111 492 1277 538 summum

89 561 215 635 gdicat
235 564 270 621 iu
292 560 420 638 dolore,
453 560 531 643 quid
554 562 655 625 breve
686 561 721 619 in
747 566 907 637 tempore.
961 555 1160 619 Omittamus
1188 557 1357 620 huncum·

88 646 233 729 „igitur
268 643 350 704 nihil
381 664 518 724 prorsus
545 642 726 704 dicentem:
757 658 796 699 co
820 656 979 718 amesque
1009 641 1179 715 confiteri,
1208 660 1276 701 non
1300 629 1324 663 ³·

88 744 198 807 ‚csse
218 727 259 786 ab
281 744 320 787 eo
343 726 470 786 doloris
491 723 637 785 remedia
652 659 852 803 quaerenda,
875 724 934 800 qui
950 719 1100 782 dolorem
1112 723 1277 785 malarum

88 811 273 885 ‘omnium
295 814 474 869 maximum
496 807 635 868 dixerit:
668 807 816 888 quamvis
843 802 929 864 idem
958 805 1153 865 forticulum
1174 824 1209 864 se
1240 806 1277 865 in

300 936 345 944 -a
350 935 579 943 -.----—-—-·--.

123 978 232 1029 satione
251 995 316 1029 usus
334 994 393 1030 esse
410 976 505 1028 videri
523 975 612 1046 possit
631 975 662 1026 in
679 975 788 1027 verbis:
809 973 859 1042 qui
883 973 999 1041 egregie
1024 974 1157 1029 cordatus
1181 980 1209 1025 et
1229 988 1275 1025 ca·

87 1032 108 1065 ¹
123 1053 169 1101 tua
197 1046 270 1112 fuit3
299 1049 322 1099 is
347 1049 407 1117 ipse
432 1048 512 1099 lucus
536 1048 688 1101 confimnat
716 1045 873 1099 Goerenzii
901 1047 1082 1098 sententiam.
1127 1044 1277 1097 Praecedit

87 1104 202 1173 'enim
231 1120 393 1170 notissimus
420 1118 471 1170 ille
497 1118 588 1169 Ennii
612 1135 723 1170 versus:
753 1116 880 1185 Egregie
906 1117 1036 1170 cordatus
1062 1114 1149 1180 lama,
1174 1121 1276 1167 catut

87 1178 217 1243 ,²Acliu'
236 1187 346 1243 Statua:
366 1189 437 1241 huic
455 1198 551 1241 autem
569 1189 665 1241 versui
684 1188 761 1241 addit
781 1189 906 1241 Laelius:
935 1187 983 1257 qui
1002 1187 1117 1255 egregie
1142 1187 1277 1239 cordatus

87 1248 152 1315 fet
171 1264 252 1311 catus
269 1261 327 1324 tuit
354 1266 385 1311 et
404 1260 443 1310 ab
470 1258 582 1311 liuuio
608 1258 727 1310 dictus
746 1265 797 1311 eet
826 1257 883 1322 [vir
902 1259 1018 1326 quidam
1042 1259 1140 1309 doctus
1159 1257 1189 1306 in
1210 1256 1276 1308 See·

89 1320 200 1385 ,¹b0dii
220 1329 306 1380 Arch.
327 1332 347 1380 f.
368 1329 471 1382 Philol.
493 1331 529 1381 ll.
552 1334 575 1383 l.
595 1348 622 1398 p.
645 1332 703 1384 143.
723 1330 803 1380 vult:
825 1335 861 1380 ul
881 1330 914 1380 ab
934 1329 1023 1381 Ennio
1042 1329 1067 1380 d.
1089 1328 1141 1393 e.]:
1162 1327 1211 1377 ubi
1230 1327 1276 1378 his

87 1390 107 1427 ⁸
123 1399 193 1471 ipsis
213 1400 243 1450 in
260 1401 364 1465 verbis,
385 1418 456 1469 quae
474 1408 633 1470 sequuntur
651 1409 713 1469 post
732 1407 810 1451 catus
828 1399 896 1463 suit,
923 1399 1009 1450 habes
1027 1417 1092 1450 usus
1118 1398 1200 1449 istius
1226 1413 1277 1450 vo·

87 1464 108 1499 ¹
122 1470 219 1522 cabuli
239 1473 459 1523 excusationem.
497 1472 620 1523 Restitui
641 1471 742 1544 igitur,
763 1471 933 1522 assentiente
957 1470 1044 1521 etiam
1063 1469 1209 1531 lliihnero,
1235 1469 1277 1520 le·

87 1534 249 1593 ¹·''ctionem
268 1542 409 1593 librorum
426 1550 538 1593 tantum
562 1558 618 1593 nnn
646 1542 783 1595 omnium.
821 1541 932 1593 Habent
958 1540 1034 1593 enim
1054 1547 1134 1592 catus
1160 1538 1277 1591 nonnisi

86 1608 94 1641 ¹
121 1610 209 1665 codd.
230 1616 303 1664 lllon.
324 1615 348 1667 2.
370 1614 441 1687 Aug.
461 1612 533 1665 Edd.
559 1613 627 1663 Dav.
655 1612 726 1664 Ern.
747 1612 808 1680 Bip.
837 1612 981 1666 FAWolf.
1003 1611 1087 1664 sehr.
1108 1612 1155 1663 Or.
1184 1609 1275 1662 Nobb.

86 1684 105 1715 Β·
121 1683 195 1734 Tbn.
232 1685 354 1735 lllorum
381 1693 476 1735 autem
504 1683 638 1734 Codicum
663 1684 813 1736 adeundum
841 1683 944 1759 exigua
975 1691 1017 1735 est
1045 1683 1212 1734 auctoritas.
1243 1710 1274 1723 -·

93 1752 105 1785 ¹
122 1755 203 1807 Unus
223 1755 288 1806 Cod.
311 1757 360 1806 Ox.
382 1755 467 1805 habet
485 1753 520 1807 si
538 1771 591 1822 pro
611 1754 668 1807 secl.
706 1755 764 1805 Mr.

194 1824 336 1888 terminat]
373 1825 456 1875 Vind.
473 1829 497 1878 l.
518 1824 692 1888 determinat,
712 1842 767 1893 qua
787 1824 818 1874 in
836 1824 993 1894 scriptione
1011 1821 1141 1897 agnoscis
1158 1838 1277 1873 manum

86 1912 105 1951 μ
121 1897 295 1946 correctoris
322 1895 369 1945 vel
394 1896 566 1968 glossatoris.
604 1896 719 1947 Modum
744 1895 904 1957 terminare,
932 1894 1173 1956 mummuleno,
1201 1891 1277 1943 dixit

86 1984 101 2023 ι
122 1964 209 2016 etiam
230 1966 331 2017 Cicero
351 1965 446 2016 Parad.
467 1967 513 2017 Vl.
533 1968 559 2019 3.
579 1964 642 2016 vid.
663 1967 794 2041 Borgers.
820 1965 855 2017 ad
873 1964 932 2017 Cic.
953 1964 1048 2016 Parad.
1067 1982 1096 2033 p.
1115 1966 1158 2019 52.
1195 1963 1276 2015 Unus

86 2052 101 2095 ‚r
122 2034 173 2087 Ox.
194 2035 277 2087 habet
296 2035 466 2099 terminavit,
488 2035 564 2104 quod
588 2034 658 2087 item
681 2045 776 2107 potest
803 2036 897 2088 videri
922 2036 1104 2088 correctoris.
1143 2035 1177 2085 In
1195 2049 1274 2102 seqq.
1369 2060 1373 2069 ·

86 2120 102 2167 ι·
121 2105 196 2157 Gud.
220 2110 243 2159 1.
264 2106 352 2177 (apr.
373 2109 423 2171 m.)
443 2107 525 2158 Vind.
546 2109 570 2160 2.
593 2108 667 2158 lllon.
687 2110 713 2161 2.
736 2113 760 2163 l.
779 2124 853 2159 unus
871 2107 921 2158 Ox.
942 2107 1013 2158 Edd.
1033 2105 1186 2159 Reiskiane
1204 2105 1274 2156 Ven.

86 2202 94 2235 ι
124 2181 147 2230 1.
168 2180 193 2231 2.
215 2178 286 2229 llled.
308 2181 330 2231 l.
351 2180 377 2232 2.
397 2186 544 2248 praeterea
562 2180 590 2228 P.
612 2176 644 2228 Α.
664 2178 694 2229 B.
715 2179 745 2232 O.
776 2178 858 2244 [haec
878 2179 908 2228 in
926 2194 1016 2251 marg.
1035 2175 1137 2242 sciam]
1164 2175 1228 2227 Asc.
1250 2178 1274 2229 l.

85 2270 94 2307 t
120 2250 147 2301 2.
168 2250 236 2300 Ven.
258 2257 346 2300 nostr.
367 2251 446 2301 Junt.
468 2257 510 2302 est
534 2248 616 2312 aciat,
642 2249 718 2301 unde
737 2247 863 2300 coniecit
885 2248 980 2300 Reisk.
1011 2248 1193 2299 obliteratam
1216 2260 1275 2298 essa

85 2340 92 2379 r
119 2334 219 2368 veram
238 2320 425 2387 scriptionem
445 2321 577 2393 neglecto
595 2319 775 2389 compendio,
802 2327 831 2370 et
849 2337 865 2370 a
882 2318 1021 2370 Cicerone
1044 2319 1208 2386 profectum
1232 2316 1276 2367 vi-

119 2388 223 2439 deatur
249 2391 366 2441 sciatur.
405 2390 514 2442 Eodem
537 2389 601 2440 iure
628 2390 716 2459 possis
741 2389 889 2465 corrigere
914 2388 999 2441 scias.
1037 2391 1102 2440 Mox
1127 2404 1200 2439 unus
1224 2388 1273 2440 Ox.

85 2486 87 2497 =
121 2458 226 2511 dicam.
247 2460 320 2511 Gud.
343 2465 365 2514 l.
386 2462 502 2512 breuem.
540 2460 598 2512 Mr.
1170 2464 1173 2469 '

193 2529 361 2582 Omittamus
379 2529 450 2582 tunc
467 2528 573 2597 igitur]
610 2530 690 2583 Unus
715 2530 764 2582 Or.
790 2545 867 2583 uuuc.
890 2530 963 2584 Gud.
984 2534 1009 2586 2
1037 2528 1148 2582 omittit
1170 2526 1273 2596 igitur.

120 2599 267 2652 scribitur
284 2601 379 2670 igitur
396 2599 468 2654 hiena
487 2604 517 2653 in
535 2601 620 2655 Codd.
643 2601 713 2675 Aug.
736 2603 810 2652 lllon.
833 2606 855 2655 l.
876 2610 905 2655 et
923 2602 995 2653 Edd.
1016 2610 1081 2653 ante
1102 2602 1185 2654 Grut.
1219 2598 1275 2652 Sed

121 2670 206 2722 Codd.
227 2672 336 2740 reliqui
357 2672 455 2735 (etiam
474 2671 601 2742 Gryph.>
619 2671 724 2722 habent
743 2670 815 2724 huuc
833 2671 932 2738 igitur.
954 2671 1049 2724 Duisb.
1070 2672 1156 2724 habet
1181 2669 1276 2723 diceu-

122 2747 177 2794 tem
193 2757 321 2808 ρνονααα.
346 2745 426 2795 Unus
446 2743 495 2795 Ox.
515 2757 654 2810 cogamus,
681 2744 784 2795 omisso
803 2759 863 2812 que,
890 2743 1072 2812 quodetiam
1095 2744 1126 2793 in
1154 2742 1227 2794 Gud.
1250 2744 1273 2795 l.

120 2830 205 2880 supra
225 2813 275 2863 lin.
297 2822 409 2865 tantum
428 2814 554 2865 additum
574 2822 624 2866 est.
647 2816 680 2865 ln
699 2830 776 2884 seqq.
798 2814 884 2865 illarb.
905 2815 1030 2866 remedia
1045 2815 1180 2882 peteuda3
1199 2812 1276 2882 qued

120 2891 163 2934 est
188 2884 360 2956 glossatoris.
385 2885 481 2936 Duisb.
511 2885 621 2937 dixerit
648 2884 804 2938 marimum.
834 2884 907 2937 Gud.
931 2889 953 2939 l.
974 2901 1052 2953 apr.
1074 2903 1112 2936 in.
1139 2884 1273 2937 duxerit.

122 2953 165 3004 Ad
190 2973 216 3005 v.
242 2956 404 3019 forticulum
432 2955 515 3007 lieod.
540 2974 555 3006 a
578 2954 705 3020 Quercus
742 2955 811 3020 „Ad
834 2964 1032 3023 contemptum
1059 2955 1191 3025 Epicuri,
1224 2954 1274 3018 sit,

119 3042 185 3074 usus
204 3035 246 3077 est
264 3026 319 3077 hoc
339 3026 549 3078 deminutivo.“
576 3027 656 3078 Omns.
677 3026 801 3078 Turneb.
830 3025 994 3078 Adversarr.
1015 3026 1073 3077 XX.
1096 3029 1138 3080 16.
1164 3042 1192 3093 p.
1214 3025 1272 3077 188.

123 3122 155 3131 -
174 3097 252 3146 linus
272 3098 320 3149 Ox.
342 3098 427 3149 habet
446 3098 595 3161 dixeruat3
616 3097 670 3148 duo
689 3097 740 3147 alii
760 3097 897 3149 omittunt
916 3112 960 3159 αις
979 3114 1052 3146 uuus
1071 3113 1137 3147 cum
1153 3094 1226 3146 Gud.
1245 3096 1273 3147 2.

120 3165 205 3215 habet
232 3167 420 3219 carminibus.-
451 3169 594 3237 posterior
624 3181 725 3236 quam
751 3168 826 3220 idem
851 3184 904 3236 pro
930 3167 1088 3237 quamuis
1113 3166 1195 3218 idem.
1232 3164 1274 3217 Ila

121 3236 288 3288 terminibus
308 3238 325 3287 i.
348 3256 371 3288 e.
392 3237 545 3306 doesureptq
564 3239 667 3312 longus
687 3247 728 3289 est
746 3237 909 3301 Beroaldus,
934 3239 1015 3288 cuius
1043 3237 1087 3290 rei
1107 3235 1276 3306 explicatio·
1299 3288 1307 3304 .

122 3322 187 3355 netu
212 3305 270 3356 huc
293 3307 391 3358 afferri
416 3309 459 3359 nil
484 3310 597 3360 attinet.
639 3308 784 3361 Tormiaea
802 3326 856 3380 pro
880 3309 1004 3360 tarotiua
1031 3308 1147 3376 scripsit
1165 3307 1275 3359 Nonius

122 3376 141 3425 l.
162 3392 186 3426 c.
225 3379 362 3428 Peccator
389 3394 404 3428 a
427 3379 554 3430 librariis
580 3380 610 3428 in
636 3396 706 3430 vnce
733 3379 848 3431 insolita
873 3378 1057 3445 stranguria:
1086 3379 1127 3429 ita
1154 3377 1227 3430 Gud.
1247 3378 1273 3431 2.

120 3446 205 3497 habet
225 3448 403 3515 transguria,
424 3450 508 3500 llarb.
529 3450 656 3501 instratus
674 3449 783 3517 gurim*
798 3450 830 3502 ln
850 3452 920 3502 Ven.
942 3450 1035 3501 Alteri
1053 3458 1219 3501 correctum
1232 3456 1275 3500 est

121 3519 295 3583 stranguria.
324 3520 357 3571 lu
376 3536 466 3593 marg.
496 3521 561 3572 Ccd.
591 3521 674 3571 Vind.
695 3523 720 3574 2.
741 3529 796 3573 est:
835 3521 1035 3589 „Strauguria
1054 3520 1155 3572 urinae
1175 3518 1276 3572 restri-

120 3589 209 3641 ctio.“
228 3590 295 3640 Cod.
317 3590 387 3655 Anu.
408 3609 486 3659 apr.
507 3609 544 3641 m.
565 3590 650 3642 habet
666 3592 789 3658 praebet.
828 3593 887 3644 Mr.

192 3661 323 3714 ortamota
341 3636 416 3712 idem
435 3662 597 3725 forticulum
619 3677 650 3714 se
674 3661 706 3714 iu
731 3663 897 3715 torminibus
924 3669 950 3714 et
974 3662 1007 3714 iu
1030 3660 1205 3730 stranguria
1221 3676 1275 3713 sua

119 3729 263 3798 praebeat]
301 3733 408 3784 Laudat
435 3735 545 3785 Nonius
569 3732 599 3783 in
624 3733 764 3785 leminea.
802 3734 945 3803 Epicurus
970 3733 1003 3785 in
1026 3733 1118 3802 Epist.
1145 3733 1180 3784 ad
1202 3732 1276 3783 Her-

121 3800 253 3851 machum
279 3802 328 3853 lib.
355 3804 391 3854 11.
419 3804 453 3855 de
482 3806 546 3855 F'm.
575 3820 636 3872 cap.
662 3807 705 3858 3⁰.
745 3806 814 3857 Cum
841 3819 989 3871 ageremus
1011 3803 1085 3856 citae
1111 3804 1220 3855 deatum
1247 3807 1275 3854 et

120 3871 237 3922 eundem
262 3890 428 3941 supremum
453 3875 538 3940 diem,
563 3874 750 3927 scribebamus
774 3874 848 3930 haec.
889 3874 973 3927 Tanti
998 3879 1090 3926 autem
1113 3871 1205 3925 mardi
1222 3873 1275 3926 ad·
1365 3911 1369 3917 -

120 3946 202 3994 nuru
221 3942 328 3994 uesicae
347 3950 372 3995 et
390 3945 534 3997 viscerum
554 3946 663 4014 (ineque
682 3946 738 3998 Pal.
758 3963 802 4016 pr.
824 3955 853 3997 et
873 3946 1018 3998 Victorius
1042 3943 1148 3996 habent
1175 3942 1276 3997 tormi-

120 4030 193 4073 uum,
217 4014 288 4064 licet
313 4014 388 4066 hanc
413 4016 506 4067 Tullii
530 4034 646 4067 inanum
671 4032 730 4068 esse
754 4017 934 4068 vociferetur
957 4018 1017 4068 Jac.
1045 4015 1218 4080 Gronovius)
1242 4019 1275 4067 att

120 4083 195 4137 uitii
212 4086 250 4137 ad
269 4101 365 4137 eorum
383 4086 608 4155 magnitudinem
627 4089 714 4156 possit
734 4086 814 4160 (Lag.
833 4088 940 4155 pascet)
959 4087 1097 4139 accedere.
1117 4087 1193 4139 llaec
1212 4094 1275 4138 tsn-

120 4172 205 4224 qnam
233 4174 268 4208 ex
287 4156 397 4209 titteris
424 4159 458 4209 ad
477 4158 659 4210 idomeneum
680 4159 751 4210 datis
769 4159 879 4209 Graece
907 4158 948 4209 sic
976 4160 1068 4210 refert
1090 4157 1221 4211 mettius
1240 4154 1273 4220 Χ,

119 4226 163 4278 22.
204 4231 260 4292 Τὴν
277 4235 415 4298 μακαρίαν
441 4230 553 4296 ἄγοντες
577 4233 621 4280 καὶ
644 4228 702 4293 ἅμα
724 4229 1011 4279 rammam
1024 4226 1129 4298 ludam
1146 4233 1197 4281 rod
1213 4230 1295 4290 βίον.

120 4294 280 4418 ἔγράφοὲαεν
304 4299 370 4363 ὑμῖν
394 4307 484 4353 ruurt·
515 4304 697 4370 στραγγουρία
724 4316 753 4353 re
775 4301 1007 4371 παρηκολουθήκει
1032 4301 1081 4352 eat
1104 4297 1275 4364 δυςαναερικὰ

120 4367 196 4429 ,τάθη
234 4374 367 4436 αερβολὴν
385 4370 433 4423 οὐκ
452 4370 635 4427 ἀπολείποντα
655 4374 706 4423 τοῦ
724 4367 754 4423 ἕν
771 4368 875 4433 ἑαυτοῖς
892 4371 1031 4440 μεγέθους-
1069 4371 1115 4423 Ex
1128 4367 1275 4421 Ciceronis

118 4436 251 4490 versione
270 4442 485 4496 rescribendum
502 4445 552 4510 τὴν
568 4445 707 4515 μακαρίαν
730 4440 843 4511 drame
867 4447 912 4497 nat
934 4442 994 4513 dua
1022 4437 1278 4495 ΤΜΕΠΔΓΛΝ

86 1812 92 1861 l
