2812 5064
487 308 618 374 sucu
638 305 683 387 11,
704 307 755 373 ss.
1150 271 1212 372 eet

10 464 12 479 '
58 476 120 538 hoc
142 484 367 558 praeceptum,
388 473 477 558 quod
497 474 540 538 de
560 475 678 539 dolore
699 473 810 552 detur,
831 479 923 554 petet
942 472 1053 536 letius.
1097 473 1211 536 Omni-

59 560 120 622 bus
141 562 231 620 enim
252 559 364 636 rebus,
387 579 453 620 non
475 560 583 623 solum
605 558 728 629 dolori,
749 558 853 619 simili
879 557 1093 620 contentione
1106 556 1212 619 enimi

59 640 280 703 resistendum
293 651 353 708 est.
387 641 441 703 Ire
457 639 652 719 exardescit,
672 640 778 703 libido
794 641 1000 715 concitatum
1022 641 1058 705 in
1071 636 1211 702 eundem

58 743 169 785 arcem
191 724 452 810 confugiendum
474 734 542 787 ests
576 723 690 787 eadem
711 733 791 787 sunt
811 742 905 784 erma
926 720 1095 785 sumenda.
1145 719 1212 783 Sed

10 611 16 649 Ι

10 694 15 735 Ι

10 781 15 818 Ι

10 846 15 903 4
58 808 214 889 quoniam
236 807 276 868 de
298 806 414 869 dolore
436 808 615 888 loquimur,
636 807 695 870 illa
717 809 920 869 omittamus.
964 803 1016 868 dd
1036 802 1212 866 terendum

57 892 165 974 igitur
192 889 343 953 dolorem
364 890 490 972 placide
511 889 744 972 atquesedate
789 889 948 951 lurimum
979 887 1115 971 proficit
1141 895 1211 950 toto

10 948 15 991 ¹
53 983 196 1051 pectore,
217 971 413 1050 utfdicitur,
435 976 596 1057 cogitare,
618 992 715 1054 quem
737 909 971 1034 id'honcstum
991 972 1046 1034 eit.
1090 968 1212 1032 Sumus

10 1037 13 1135 f
58 1057 148 1117 enim
168 1067 301 1134 natura,
323 1063 460 1118 utente
480 1055 560 1130 dixi,
582 1054 773 1133 (dicendum
794 1062 845 1116 cst
866 1055 956 1117 enim
975 1052 1121 1136 saepius)
1143 1061 1212 1122 stu2

59 1183 68 1190 ι
85 1184 174 1192 ..-—-
516 1184 597 1193 ——oe-
851 1194 854 1199 ‚
874 1183 947 1191 ·--·-

129 1242 262 1296 Omnitue
283 1245 355 1298 enim
378 1244 470 1311 reduc]
506 1243 622 1309 „Reduc
646 1259 704 1295 non
727 1242 832 1314 plscet,
865 1241 934 1312 quis
960 1241 1047 1294 nimis
1074 1239 1211 1316 generale

56 1322 110 1366 est.
147 1316 282 1391 Legerim
299 1317 458 1370 tumoribus.
496 1316 611 1369 Literse
628 1321 685 1367 tum
703 1314 789 1366 facile
808 1313 925 1366 suntab
943 1312 1016 1366 enini
1033 1310 1212 1383 obsorptse“

55 1384 168 1438 Nieeen.
206 1388 268 1440 Hoc
289 1403 360 1440 vero
384 1396 427 1440 est
449 1386 584 1439 criticam
607 1386 749 1438 iactitare.
777 1385 866 1438 Rehd.
892 1385 1004 1438 omittit
1032 1384 1123 1437 esium
1147 1390 1212 1454 post

56 1473 122 1520 non,
142 1457 215 1510 Gud.
236 1461 262 1514 1.
287 1457 371 1512 hebet
398 1474 459 1511 nec
478 1460 574 1511 ectum.
595 1455 652 1510 MS.
677 1457 709 1507 in
726 1473 772 1508 ma
811 1457 902 1508 ‚Asc
921 1457 947 1510 2.
974 1456 1070 1511 doiori
1094 1470 1148 1508 non
1165 1470 1211 1507 ee-

56 1529 123 1580 lum.
161 1529 252 1583 Verba
271 1530 321 1583 Iro
338 1546 428 1600 nsque
446 1530 481 1582 sd
498 1528 712 1595 coniugieedm
728 1533 770 1580 eet
788 1545 803 1580 a
822 1535 889 1579 sunt
912 1525 945 1580 eb
971 1542 1029 1579 uno
1048 1526 1099 1583 Ox.
1127 1524 1212 1579 oculo
1250 1590 1252 1595 Ι

55 1599 198 1668 scriptore
217 1600 251 1652 ab
269 1601 453 1654 antecedente
472 1606 513 1654 est
530 1599 679 1652 aberrante
698 1599 732 1651 ed
749 1598 900 1668 posterius.
938 1597 999 1652 Me.

127 1668 179 1723 Ira
205 1673 371 1737 exardescit,
397 1671 487 1725 libido
505 1669 689 1737 concitatus-3]
726 1670 778 1722 Fst
799 1670 909 1723 locutio
932 1668 1134 1722 conditionalis
1157 1684 1211 1740 pro

57 1743 86 1795 ei
104 1742 147 1794 iro
167 1768 200 1779 -
217 1743 245 1797 ¹ei
264 1744 353 1798 iibido
371 1750 426 1797 eto.
447 1742 495 1794 ubi
513 1752 579 1814 post
599 1751 757 1810 utrumque
779 1742 901 1795 verbum
926 1740 1127 1816 interrogandi
1153 1741 1212 1867 sifi·

57 1829 126 1863 num
144 1815 240 1882 posuit
257 1814 327 1869 Dev.
348 1815 481 1885 idemque
500 1815 565 1868 fleri
583 1814 687 1867 volunt
705 1812 893 1868 Ruddimonn.
920 1813 990 1867 Inst.
1016 1811 1069 1866 Gr.
1089 1813 1150 1867 luet.
1202 1849 1209 1863 .

55 1900 84 1954 Ρ.
105 1885 166 1937 356.
186 1893 216 1937 et
234 1885 385 1940 Thorteen.
403 1887 424 1937 l.
445 1902 470 1940 c.
490 1904 518 1957 Ρ.
539 1888 582 1941 74.
620 1884 675 1938 Sed
700 1901 728 1935 v.
749 1884 906 1938 Stellbaum
928 1883 963 1937 ad
987 1884 1121 1938 Ruddim.
1141 1882 1162 1934 Ι.
1183 1900 1210 1937 c.

57 1973 85 2024 Ρ.
105 1957 166 2010 356.
188 1957 218 2007 in
237 1967 331 2010 annot.
353 1958 404 2028 qui
421 1957 519 2011 laudat
537 1959 568 2011 in
586 1957 690 2029 primis
709 1956 859 2008 Heindorf.
879 1955 914 2008 sd
932 1956 1032 2008 Horat.
1061 1954 1118 2010 sit.
1139 1954 1162 2007 Ι.
1182 1958 1209 2011 l.

56 2028 100 2081 45.
122 2026 173 2095 qui
192 2026 372 2082 Graecorum
391 2029 478 2082 etiam
497 2029 672 2100 scriptorum
689 2027 810 2080 eundem
828 2044 911 2079 usum
926 2027 1063 2079 illustrat.
1085 2024 1212 2079 -Scri-

56 2096 136 2148 bitur
154 2101 346 2152 excitatorio
365 2099 450 2152 Godd.
470 2100 578 2152 duobus
595 2100 666 2152 Oxx.
684 2100 759 2151 Mon.
781 2102 804 2154 1.
824 2098 849 2150 ².
876 2097 950 2151 Gud.
975 2097 1047 2150 md.
1075 2099 1104 2150 P.
1124 2094 1158 2148 A.
1177 2096 1208 2148 B.

56 2167 85 2220 S.
104 2169 138 2219 E.
160 2168 189 2221 C.
210 2172 291 2226 Junt.
317 2172 388 2227 Ven.
413 2179 502 2222 nostr.
529 2171 570 2238 [in
594 2187 650 2239 que
673 2177 717 2222 est
743 2172 785 2223 ite
800 2185 854 2239 pro
873 2169 928 2238 ire]
955 2168 1019 2223 Asc.
1049 2174 1073 2226 1.
1093 2170 1120 2223 2·
1155 2169 1211 2220 Pro

56 2255 150 2291 arcem
168 2242 242 2293 mele
260 2242 398 2294 scribitur
415 2249 503 2294 ortem
521 2242 552 2293 in
570 2240 637 2295 Cod.
656 2239 746 2317 Augu
767 2241 845 2293 idem
862 2240 946 2294 hebet
964 2254 1046 2295 orm
1069 2245 1138 2292 eunt.
1175 2239 1211 2291 In

56 2328 136 2381 seqq.
157 2311 231 2364 Gud.
254 2317 276 2368 1.
297 2314 332 2365 de
349 2320 414 2365 ente
433 2315 557 2367 dotorem
575 2329 661 2385 supra
677 2312 731 2364 lin.
752 2311 881 2365 additum
897 2313 993 2378 hebet,
1021 2311 1071 2365 sed
1097 2311 1130 2363 ab
1149 2309 1209 2364 end.

56 2400 96 2433 m.
132 2384 214 2438 Unus
245 2384 295 2436 01.
321 2384 437 2437 exhibet
482 2385 572 2439 uondo
603 2401 656 2456 pro
685 2385 823 2452 quoniam.
865 2384 920 2438 Pro
946 2384 1104 2438 omittemus
1135 2381 1212 2435 solus

56 2453 124 2592 de.
145 2455 213 2579 Εἷς.
234 2458 375 2580 emptitium
392 2456 457 2510 exci
479 2457 502 2509 't
519 2455 722 2528 compendium
738 2455 817 2508 vocis
834 2469 869 2508 ue
887 2455 937 2526 [9].
974 2456 1073 2531 Pergit
1090 2453 1164 2511 oud.
1183 2455 1209 2510 2

57 2540 75 2577 o
97 2541 159 2578 eren
182 2543 234 2578 um.
308 2544 334 2579 e.

10 2620 12 2625 ·
126 2599 238 2665 placide
256 2606 360 2668 atque
378 2599 482 2668 eednte]
518 2602 563 2654 lte
586 2599 665 2654 dedit
688 2599 769 2664 Dav,
793 2598 855 2651 sine
878 2599 965 2653 dubio
983 2615 1019 2653 ex
1036 2597 1104 2653 eod.
1123 2599 1208 2672 Rege

58 2686 124 2719 narn
152 2670 193 2720 ita
219 2669 327 2723 habent
351 2672 424 2725 Gud.
448 2677 471 2727 1.
499 2672 585 2725 Bern.
611 2671 684 2726 Gud.
710 2672 737 2726 2.
763 2669 807 2723 Au
829 2709 836 2722 .
865 2674 939 2724 Mon.
961 2676 985 2727 1.
1016 2671 1105 2725 nent.
1134 2666 1209 2720 Gud.

56 2740 154 2791 Duisb.
175 2741 261 2793 Mart.
282 2743 365 2794 Vind.
387 2745 413 2798 2.
433 2745 615 2814 Receperunt
634 2743 709 2795 idem
727 2743 777 2797 Fu
822 2741 872 2796 oli.
891 2741 979 2796 Koel.
991 2741 1038 2796 Or.
1058 2740 1131 2794 Tbn.
1156 2739 1212 2794 Re·

56 2811 133 2881 liqui
150 2812 261 2880 placide
278 2820 310 2866 et
328 2814 427 2868 eedote.
465 2814 507 2866 De
525 2814 672 2867 locutione
691 2816 844 2885 plurimum
867 2831 935 2883 pro
942 2813 957 2878 f
963 2813 1030 2868 icit
1051 2812 1110 2867 vid.
1134 2810 1212 2864 Med·

57 2883 117 2963 vig.
138 2883 301 2940 Emendatt.
322 2886 353 2937 in
372 2885 431 2939 cic.
449 2885 653 2956 Philosophice
671 2887 693 2939 l.
713 2904 742 2956 Ρ.
764 2888 822 2942 184.
842 2885 892 2939 ubi
912 2893 941 2938 et
959 2884 1016 2937 slis
1038 2885 1126 2937 huius
1143 2898 1211 2935 usus

56 2955 190 3023 exempta
208 2954 377 3010 efferuntur.
415 2955 459 3010 Ad
476 2973 555 3080 seqp
575 2957 651 3009 cont.
671 2957 731 3010 Cic.
750 2957 784 3010 de
803 2957 891 3034 [segg.
901 2957 925 3009 1.
947 2959 988 3012 19.
1008 2959 1058 3012 49:
1077 2955 1126 3009 ubi
1139 2955 1211 3007 item

57 3035 99 3078 est
117 3032 172 3078 toto
187 3034 305 3095 pectore,
324 3035 354 3081 ut
372 3030 489 3084 diuitiae:
517 3045 533 3080 ι
570 3044 656 3097 quem
674 3028 770 3082 iocum
787 3027 845 3080 vid.
867 3035 964 3081 annot.
989 3037 1078 3081 nostr.
1097 3046 1126 3098 p.
1148 3021 1208 3080 11).

57 3098 101 3153 ed.
121 3105 209 3150 nostr.
230 3108 259 3152 ct
277 3099 325 3152 Gr·
352 3100 423 3154 Add.
444 3099 605 3154 Gernhord.
625 3099 660 3151 ed
678 3100 737 3153 cic.
757 3099 836 3151 isael.
856 3102 900 3154 26·
918 3102 962 3154 97.
982 3117 1011 3170 Ρ.
1034 3102 1093 3156 193.
1118 3095 1211 3151 verbe

57 3177 87 3223 ut
110 3169 215 3224 dicitur
239 3170 342 3225 absunt
366 3191 382 3225 e
407 3171 473 3226 Cod.
500 3188 558 3225 uno
583 3172 632 3225 Ox.
660 3171 733 3226 Gud.
760 3185 792 3222 ee
815 3169 901 3222 habet
923 3178 989 3222 unte
1012 3177 1068 3225 toto
1090 3178 1209 3239 pectore.

56 3243 196 3293 Ernestus
214 3260 280 3295 cum
298 3260 356 3296 non
374 3251 531 3314 repeteret,
546 3244 658 3312 proficit
675 3243 752 3296 idem
762 3259 830 3308 esse,
850 3241 926 3311 quod
941 3243 1066 3311 prodest,
1086 3238 1211 3295 coniecit

56 3313 209 3384 aliquando
228 3317 356 3381 cogitem
372 3333 426 3386 pro
444 3317 582 3381 cogitare:
602 3314 678 3385 qnod
697 3314 727 3365 in
746 3332 810 3367 ann.
831 3314 865 3365 ed
883 3311 912 3365 h.
933 3312 953 3368 l.
973 3314 1152 3366 retractavit.
1175 3309 1212 3361 In

55 3400 135 3454 seqq.
155 3383 209 3437 duo
229 3386 298 3438 Oxx.
319 3394 461 3441 numera.
498 3385 542 3441 Ad
560 3387 731 3439 sententiam
750 3387 825 3439 cont.
846 3385 898 3437 111.
920 3385 944 3440 1.
964 3381 986 3448 Ι.
1007 3387 1039 3439 1ε
1059 3392 1121 3438 eunt
1139 3389 1212 3442 enim

55 3457 180 3523 ingeniis
206 3459 310 3511 noetrie
335 3461 443 3512 semino
459 3456 557 3511 innato
583 3459 723 3512 uirtutum
760 3459 826 3511 Mox
844 3456 919 3512 Gud.
947 3457 1093 3511 dicendum
1119 3461 1212 3513 enim

56 3536 121 3582 eet.
143 3527 216 3579 Gud.
236 3531 261 3582 1.
282 3529 393 3581 omittit
412 3535 463 3583 est.
500 3529 560 3581 Me.

126 3598 281 3653 Dicendum
298 3608 340 3656 est
356 3601 434 3656 enim
452 3598 573 3684 saepius]
608 3601 678 3685 Leg-
697 3607 795 3656 ouem.
815 3601 907 3653 Nemo
925 3601 987 3654 tero
1005 3600 1107 3667 nescit,
1125 3615 1211 3666 quem

56 3672 158 3725 crebro
175 3671 304 3725 Librerii
321 3688 405 3725 voces
422 3671 508 3725 hosce
525 3680 705 3725 miscuerint.
742 3671 779 3725 D.

127 3741 280 3799 Dimndum
298 3751 338 3797 est
356 3746 442 3799 enim
459 3741 581 3814 saepius]
619 3738 713 3808 ,‚st.
733 3741 867 3798 substitui
884 3743 955 3796 huic
973 3743 1126 3815 posteriori
1138 3744 1213 3797 enim

56 3813 122 3866 vult
140 3819 236 3869 auten.
274 3813 330 3868 Sed
347 3817 420 3869 enim
436 3816 541 3885 passim
559 3813 720 3877 adhibetur,
740 3813 799 3878 ubi,
827 3815 958 3884 quemvis
976 3815 1132 3881 obscurius,
1157 3814 1212 3867 ali-

56 3903 114 3954 qus
130 3892 227 3939 nmen
244 3886 476 3939 antecedentium
493 3887 568 3939 ratio
586 3885 726 3939 redditur.
755 3887 799 3939 Its
816 3885 867 3938 hic
888 3902 970 3940 cerus
988 3888 1126 3949 refertur,
1143 3903 1213 3951 ‚cur

54 3956 129 4008 haec
146 3965 328 4024 repetentur:
349 3958 425 4027 quod
442 3965 535 4010 essent
552 3956 672 4009 dicenda
690 3957 810 4026 saepius.
830 3955 923 4027 Supra
940 3975 964 4011 c.
978 3963 1020 4012 11.
1036 3957 1074 4010 cd
1091 3956 1213 4026 ineptiae

56 4028 159 4081 redies
179 4028 375 4093 illudentes,
402 4029 475 4099 quod
491 4045 533 4080 me
550 4029 677 4096 ungebat,
697 4044 752 4081 non
770 4029 878 4083 eximie.
906 4027 1003 4081 Dicin.
1024 4028 1062 4082 11.
1082 4030 1126 4099 26.
1163 4030 1211 4081 An
1294 4061 1296 4065 .

54 4100 124 4153 iliae
142 4113 215 4163 noes,
234 4100 292 4153 niei
309 4115 391 4170 quum
409 4101 535 4165 uicerint,
554 4117 651 4153 canere
668 4117 722 4153 ooo
740 4098 848 4155 colent?
872 4098 912 4154 Ae
929 4106 986 4153 tum
1003 4099 1143 4166 cumton,
1163 4115 1214 4152 nee

56 4172 192 4224 ciceroni:
213 4171 245 4223 id
262 4171 351 4224 enim
368 4176 420 4232 eet,
436 4172 553 4239 inquies,
572 4177 718 4225 ostentum.
747 4170 782 4224 de
800 4172 837 4224 N.
857 4170 890 4222 D.
911 4170 963 4224 111.
983 4172 1015 4226 t:
1040 4173 1135 4225 multis
1160 4185 1210 4222 or·

53 4243 194 4309 genuistis
218 4242 284 4295 deor
307 4257 367 4297 cere
391 4243 489 4296 docere
513 4243 633 4298 ootumti.
672 4239 750 4297 MiM
776 4245 863 4298 euim
888 4259 971 4296 unum
995 4247 1041 4296 eat
1058 4247 1124 4295 eret.
1163 4241 1208 4294 Gt.

54 4313 140 4368 Finn.
160 4312 184 4364 1.
203 4313 231 4367 2·
249 4312 328 4367 cort.
348 4313 384 4367 ad
401 4313 510 4367 Fatum.
530 4314 579 4367 lx.
599 4317 643 4372 il.
680 4312 725 4365 Ad
741 4311 811 4367 heec
830 4322 860 4369 et
878 4313 969 4367 multe
988 4312 1067 4378 telis,
1096 4312 1127 4363 in
1146 4312 1211 4382 qui·

53 4385 103 4435 bus
127 4398 192 4435 nom
216 4391 245 4435 et
263 4385 335 4438 enim
358 4385 537 4455 relationem⁴
557 4384 592 4439 ed
618 4402 651 4437 su
673 4384 766 4437 eriora
794 4383 1050 4438 incommodiorem
1076 4382 1211 4448 habeant,

51 4453 194 4507 conticuit
219 4453 305 4521 st„
330 4455 383 4527 qui
405 4463 502 4511 umen
520 4462 549 4510 ot
570 4455 601 4509 h.
621 4456 642 4511 1.
676 4454 746 4510 'tem
764 4455 855 4511 morit
873 4457 944 4514 etl.
970 4458 1020 4512 to:
1048 4454 1085 4512 N.
1106 4453 1206 4508 Deorr.

580 4634 607 4669 f
