2828 5070
460 299 590 364 Lmen
610 297 637 379 1,
657 299 710 366 27.
729 297 783 368 18.
1154 302 1216 372 228

59 465 134 527 Nec
153 481 228 526 cero
249 463 329 525 deses
347 464 427 545 ipse,
448 466 505 545 otti
524 464 723 547 intelligitur
742 483 764 525 c
784 462 890 541 nobis,
922 463 989 528 elio
1008 466 1100 528 tsodo
1120 466 1216 530 intel-

60 547 129 627 tigs·
147 550 269 626 potest,
288 548 355 609 nisi
375 564 459 608 mens
480 545 587 609 eoisto
609 547 762 628 psseeicm
781 556 814 609 et
835 546 949 624 libem,
976 558 1153 631 segregato
1174 549 1217 617 ob

61 631 149 692 ossni
170 632 373 690 concretione
392 628 533 707 mortali,
561 633 666 693 orasis
691 631 833 693 sentisse
860 637 893 691 et
918 648 1054 708 mecm,
1080 633 1216 715 ipsuqss

58 710 214 792 praedito
232 719 319 772 motu
339 714 540 790 sempiterno.

145 792 223 854 Hoc
243 812 264 854 e
284 811 407 877 genere
427 802 528 873 etque
550 791 665 856 eedem
687 813 706 855 c
727 802 848 857 nature
875 803 925 856 est
944 794 1090 856 humana
1109 796 1258 863 mensas

61 873 129 937 Ubi
149 876 267 961 igitur,
298 883 358 935 eut
378 875 484 957 qualis
506 881 557 936 est
578 877 642 936 ista
663 873 773 937 meos!
817 873 883 938 Ubi
910 886 980 953 tus,
1013 885 1073 937 eut
1094 875 1256 1003 quelisipt

134 1058 193 1112 Nec
218 1075 284 1112 cero
301 1059 379 1112 Deus
397 1089 431 1099 -
448 1057 572 1112 sentiens
597 1063 625 1111 et
651 1059 770 1126 nocem]
806 1060 883 1112 Hsec
909 1061 1023 1130 profert
1049 1062 1217 1114 Instantius

60 1127 134 1181 inst.
153 1128 218 1182 Div.
238 1129 289 1180 lib.
309 1130 332 1182 1.
352 1146 412 1199 cap.
433 1132 458 1184 b.
478 1138 507 1183 et
527 1146 563 1182 ex
581 1145 613 1182 ec
632 1129 781 1182 Salvianus
790 1128 864 1183 Gub.
883 1128 937 1182 Dei
956 1130 1006 1182 lib.
1018 1131 1041 1184 1.
1061 1147 1121 1201 esp.
1134 1137 1158 1186 1.
1179 1132 1216 1185 D.

134 1198 192 1253 Nec
209 1214 276 1253 cero
294 1200 362 1253 deus
382 1198 449 1265 etc]
486 1199 530 1252 Ad
548 1199 721 1252 sententiam
738 1199 814 1252 benc
838 1216 907 1251 vere
925 1201 1102 1254 l’lstonicem
1121 1201 1217 1256 laudat

61 1268 218 1322 Kbhnerus
234 1287 318 1321 suum
326 1270 434 1322 librum
447 1270 482 1321 dc
492 1270 552 1322 cic.
569 1269 601 1321 in
614 1269 719 1323 Philon.
735 1269 848 1324 meritis
859 1287 888 1338 p.
902 1274 951 1324 ltt
958 1288 1019 1341 sqq.
1037 1275 1088 1327 188
1099 1291 1140 1341 sq.
1161 1273 1217 1338 Qui

60 1348 181 1410 prseter
197 1339 277 1391 hunc
295 1339 329 1392 sd
347 1338 494 1393 Ciceronis
512 1340 547 1393 de
565 1340 619 1394 deo
635 1341 808 1393 sententiam
825 1340 959 1392 laudandi
977 1343 1045 1405 sint,
1075 1359 1123 1395 eos
1141 1343 1218 1397 inti·

61 1411 192 1464 cavimus
210 1410 245 1462 ad
263 1410 372 1463 calcem
390 1410 613 1463 introductionis
630 1411 666 1463 sd
684 1411 848 1465 versionem
865 1419 994 1464 noctram
1012 1412 1217 1466 Gemnsnicam

61 1481 208 1534 librorum
226 1480 286 1534 Cic.
306 1480 341 1534 de
359 1482 425 1533 Nat.
446 1481 573 1533 Deorum
589 1499 617 1551 p.
640 1483 708 1537 1413
725 1499 767 1551 sq.
804 1481 849 1534 Ad
875 1480 962 1534 verba
989 1481 1049 1548 qus·
1073 1482 1217 1550 intelligi·
1268 1522 1273 1532 .

61 1558 115 1603 tus·
132 1565 151 1602 α
168 1551 257 1615 sodis,
276 1552 352 1603 Nise.
378 1550 511 1615 „ieiune‚
538 1551 589 1615 ait,
607 1551 728 1615 dictum,
753 1552 777 1602 si
802 1551 872 1621 quid
895 1550 989 1604 video.
1027 1553 1126 1606 Malim
1144 1562 1236 1607 cusn'

61 1620 237 1687 intelligitur
259 1637 277 1672 c
298 1620 410 1676 nobie.“
447 1621 550 1672 Melius
573 1638 603 1673 se
630 1622 808 1674 intellexisse
831 1621 930 1674 locum
959 1624 1130 1676 monstravit
1158 1625 1217 1676 iam

60 1691 188 1788 Leodep.
208 1708 225 1742 a
242 1691 356 1756 Quercu
374 1689 496 1743 adhaec
514 1691 601 1744 rerba
618 1691 786 1761 explicandi
802 1690 921 1744 addecet
941 1706 1018 1756 ,Μ
1035 1695 1087 1747 sud
1104 1708 1217 1747 sensum

61 1760 154 1815 cudit.
213 1759 258 1812 Ad
274 1778 302 1810 v.
322 1776 398 1814 mens
424 1763 538 1813 confert
555 1760 710 1815 Beroaldus
734 1762 920 1837 Anmgorae
944 1766 1023 1816 scir.
1044 1793 1078 1806 -
1109 1765 1217 1817 Vocem

63 1831 203 1902 quaedum
220 1831 330 1882 omittit
348 1831 426 1884 Edit.
446 1831 481 1883 H.
520 1831 578 1883 Mr.

137 1897 296 1968 Segregatis
314 1900 347 1954 oi
366 1900 439 1954 esst
456 1899 640 1967 concretione]
675 1902 742 1956 God.
761 1902 844 1956 Vind.
854 1908 878 1958 1.
897 1909 1032 1970 aepcroto
1050 1929 1085 1942 -
1102 1919 1217 1958 conere-

63 1970 172 2024 atione.
191 1971 275 2023 Vind.
295 1973 320 2026 1.
340 1970 437 2023 Duisb.
457 1972 510 2024 Ed.
531 1973 566 2024 tt
586 1978 617 2024 et
635 1978 792 2040 segregato.
812 1972 870 2027 MS.
890 1974 921 2026 in
936 1991 1027 2049 marg.
1047 1975 1130 2027 Verb.
1151 1990 1217 2028 cora·

62 2040 246 2109 gregatim:
266 2040 342 2111 quod
357 2042 476 2095 videtur
493 2043 675 2109 correctoris,
702 2044 755 2111 qui
774 2044 806 2096 in
824 2059 874 2097 suo
893 2044 961 2097 eod.
981 2044 1056 2097 mole
1074 2047 1217 2117 scriptum

63 2113 223 2182 reperisset
246 2112 449 2178 maceratione,
476 2112 543 2166 inde
585 2129 601 2165 e
627 2113 662 2167 sd
685 2131 785 2168 rerem
808 2115 997 2185 scriptionem
1030 2116 1126 2169 redire
1157 2132 1217 2169 non

61 2191 168 2252 posset.
204 2182 386 2249 Segregandi
402 2183 523 2236 verbum
567 2183 675 2237 ’ceroni
703 2185 734 2236 iu
758 2184 812 2243 tali
830 2187 972 2237 sententia
995 2185 1147 2239 admodum
1172 2188 1216 2238 ia-

62 2252 181 2306 milisre
201 2261 251 2305 est.
288 2253 330 2306 De
349 2253 434 2306 Finn.
454 2253 507 2306 111.
527 2257 553 2309 9.
572 2256 616 2309 30.
636 2253 767 2306 virtutem
785 2268 804 2305 α
821 2268 928 2307 summo
945 2255 1016 2306 bono
1034 2270 1217 2321 segrego·

61 2328 208 2377 verente
227 2323 305 2375 inim
323 2326 355 2376 V.
375 2326 419 2379 18.
439 2326 483 2379 81.
504 2323 575 2387 (vita
583 2323 676 2390 beata)
694 2323 827 2378 comitatu
841 2322 1032 2391 pulcherrimo
1046 2330 1216 2390 segregatae

61 2392 116 2447 ubi
133 2393 214 2447 vides
230 2394 371 2447 variatim
389 2393 644 2460 constructionem,
785 2401 882 2447 tamen
900 2393 1056 2447 Schdtaius
1081 2394 1178 2446 addito
1197 2409 1217 2448 u

61 2463 96 2516 in
115 2473 279 2518 consuetum
302 2464 435 2517 mutavit.
471 2464 526 2516 Pro
548 2463 643 2518 omniu
695 2480 740 2514 cn.
765 2463 846 2516 Roel.
867 2462 1012 2518 rtwots.
1040 2463 1158 2516 cenete.
1187 2471 1217 2516 et

62 2534 156 2589 Nobb.
183 2535 348 2604 metaque.
385 2535 445 2587 Nos
470 2549 538 2585 cum
565 2534 611 2587 Or.
640 2534 784 2586 librorum
809 2533 1000 2603 scriptionem
1025 2534 1216 2600 restituimus,

63 2621 152 2674 quem
170 2621 224 2658 cur
241 2605 442 2674 relinquerent
461 2603 509 2655 illi
526 2603 596 2669 viri,
615 2604 697 2656 nulla
715 2611 777 2656 erat
795 2619 877 2656 causa
900 2602 1010 2656 idoneo.
1046 2604 1108 2660 Mr.

136 2708 161 2744 c.
182 2695 225 2748 18.
246 2694 306 2745 Hoc
323 2709 339 2745 e
356 2706 460 2758 genere
484 2696 567 2760 utque
593 2691 686 2744 eadere
711 2708 726 2746 e
749 2691 864 2758 muru]
900 2690 1046 2744 scribitur
1070 2705 1088 2741 o
1111 2696 1217 2744 soture

63 2763 98 2815 in
115 2761 188 2815 Edd.
208 2763 241 2814 A.
259 2764 291 2814 B.
311 2762 339 2814 S.
359 2763 424 2813 Asc.
443 2764 469 2816 1.
490 2761 572 2826 (baec
590 2761 709 2814 veroin
728 2778 819 2836 marg.
845 2779 881 2814 ex
899 2761 956 2814 MS.
975 2761 1062 2814 habet
1079 2761 1105 2827 e)
1132 2764 1214 2815 Junt.

63 2833 137 2885 Ven.
161 2841 250 2886 nostr.
288 2832 531 2902 Praepositionem
556 2832 696 2883 omittunt
723 2833 852 2914 quinque
881 2831 966 2884 Ocdd.
993 2832 1063 2884 Oxx.
1093 2834 1167 2885 Mon.
1186 2834 1214 2886 1.

65 2900 141 2957 (ted.
160 2902 248 2957 nene
269 2911 299 2953 et
316 2902 370 2954 Ed.
390 2901 533 2955 HWollii.
569 2900 738 2955 terbellis
765 2902 862 2969 igetur
879 2932 913 2946 -
932 2902 991 2954 isto
1014 2916 1092 2955 mens
1115 2902 1216 2956 absunt

63 2988 82 3025 a
99 2971 166 3026 cod
190 2971 277 3024 Marb.
315 2973 380 3024 Post
405 2987 481 3024 mens
503 2973 575 3024 Ern.
591 2970 710 3044 addidit
733 2971 880 3025 Auditoris
905 2972 1148 3048 significationem
1166 2971 1216 3038 1.,

63 3042 193 3095 laudatus
212 3060 229 3093 a
247 3042 388 3105 Nissenio,
408 3042 513 3094 merito
530 3042 711 3111 vituperatus
728 3057 745 3093 s
763 3042 925 3098 FAWolbo
953 3050 983 3094 et
1001 3041 1048 3093 Or.
1068 3040 1217 3115 frigidum

63 3128 124 3166 esse
150 3112 240 3165 salem
266 3113 525 3196 interrogationem
547 3119 646 3164 monet
663 3111 755 3182 prior,
782 3119 811 3162 et
829 3111 919 3163 Murci
942 3111 1101 3163 cretionem
1126 3125 1217 3178 usque

63 3182 100 3235 ad
116 3181 140 3247 1.
161 3186 203 3238 18.
224 3183 396 3235 continuam.
433 3183 497 3252 lpse
514 3181 655 3233 nimirum
674 3181 732 3234 Gic.
752 3182 873 3262 opponit
894 3179 948 3231 sibi
974 3179 1050 3230 hano
1076 3178 1218 3248 quaestic-

63 3270 142 3318 nem,
162 3254 197 3305 ad
214 3268 332 3321 esseque
351 3253 512 3322 respondet.
550 3251 607 3304 Sed
624 3259 705 3303 recte
723 3250 764 3302 ita
787 3251 894 3302 iudicet
911 3249 1105 3303 Camerarius:
1142 3248 1217 3315 „in-

63 3323 183 3390 tellexit
201 3323 260 3376 Cic.
280 3340 325 3374 sna
347 3324 432 3376 nifice
451 3322 569 3390 quidem
586 3320 658 3374 baec
676 3321 735 3374 dici
752 3320 857 3385 verbis,
882 3320 953 3373 Esse
975 3319 1061 3374 deum
1088 3327 1216 3371 mentem

63 3394 280 3464 sempiternom,
299 3340 430 3457 scineae,
451 3394 548 3445 cannia
565 3392 734 3464 agitantem:
759 3390 808 3444 sed
825 3390 937 3459 requiri
956 3390 1064 3454 statim,
1090 3389 1144 3441 Vbi
1162 3407 1217 3512 εἳ

63 3471 114 3517 tus
139 3463 201 3527 ills,
227 3473 277 3516 aut
301 3463 469 3526 cuiusmodi,
498 3463 636 3530 cuiusque
658 3460 872 3514 constitutionis
898 3461 945 3513 sit.
983 3461 1059 3514 ilsec
1083 3460 1142 3514 alia
1167 3476 1184 3512 o

63 3534 190 3588 iectione
209 3533 310 3596 eludit,
330 3535 361 3585 in
380 3550 436 3601 qua
454 3541 497 3586 est
515 3531 592 3584 bella
607 3530 767 3584 similitudo
784 3532 872 3596 oculi,
892 3530 1037 3584 cernentis
1047 3529 1103 3585 elia
1121 3529 1216 3584 omnia

63 3613 182 3741 titt
280 3601 1217 3743 ittettindsslttittttltt.⁸⁹¹².¹.¹'.·.2.i⁰‘.²t.tt

65 3730 122 3815 qius
141 3746 173 3796 in
190 3744 286 3796 enimc
305 3761 338 3796 ea
355 3744 399 3797 vis
417 3745 464 3809 sit,
483 3744 514 3794 in
532 3760 589 3811 qun
607 3741 757 3795 reluceant
781 3751 866 3811 atque
884 3758 951 3812 resp
965 3742 1086 3796 sedeant
1107 3708 1215 3807 'omnim

65 3814 202 3885 interque
220 3813 273 3866 illa
290 3815 379 3866 etism
397 3815 467 3884 ipse,
486 3811 723 3882 quemadmodum
741 3813 773 3863 in
790 3811 917 3882 speculo,
943 3828 1001 3864 non
1019 3813 1112 3865 solum
1136 3815 1216 3865 frons

65 3893 206 3949 sturnus,
232 3884 280 3937 sed
306 3885 393 3937 etism
419 3883 498 3936 oculi
523 3889 785 3953 repraesentantur,
812 3892 844 3934 ut
867 3898 927 3935 sese
945 3882 1136 3966 contemplari
1152 3897 1217 3952 pos·

64 3953 154 4007 sint.“
185 3953 305 4008 Rathius
331 3953 417 4007 verba
438 3952 494 4007 Uli
521 3953 614 4022 igitur
632 3978 665 3992 -
685 3957 797 4020 potesne
824 3952 918 4006 dicere
937 3952 1073 4006 Aucb'tors
1096 3951 1215 4018 tribuite

105 4041 137 4078 ae
155 4033 325 4095 sequuntur,
353 4026 456 4077 Marco.
484 4024 551 4078 cod.
570 4022 667 4077 Duisb.
692 4023 777 4076 hebet
798 4021 854 4078 Ubi
875 4037 972 4091 ergo.
1009 4025 1075 4076 Mox
1094 4021 1167 4077 (iud.
1187 4025 1214 4079 1.

97 4095 151 4149 isi
169 4101 227 4148 tuo.
265 4094 329 4146 Duo
348 4093 417 4147 011.
437 4095 575 4149 omittunt
592 4101 635 4147 est
654 4101 720 4147 ante
738 4093 806 4147 s’et'o.
845 4094 907 4148 Mr.

138 4182 194 4236 Ubi
210 4190 270 4248 tuo,
289 4187 340 4233 aut
358 4180 484 4248 paelici]
522 4181 665 4235 scribitur
682 4186 732 4234 cot
751 4179 842 4249 puelia
860 4186 916 4234 eat
940 4181 973 4232 in
990 4179 1062 4234 md.
1082 4180 1115 4232 A.
1134 4181 1165 4232 B.
1185 4178 1214 4233 8.

63 4255 98 4307 E.
119 4252 151 4306 0.
170 4255 250 4306 Junt.
270 4252 334 4305 Asc.
355 4256 378 4307 l.
399 4254 424 4307 2.
444 4253 514 4304 Ven.
535 4261 623 4304 nostr.
643 4253 720 4305 Cam.
748 4254 783 4305 ln
800 4251 867 4304 Cod.
880 4250 976 4303 Duieb.
996 4252 1095 4308 Mosei
1112 4264 1216 4303 nomen

134 4324 237 4397 flgitur
251 4324 317 4375 voci
333 4322 397 4374 Ans
424 4339 513 4390 quare
539 4323 655 4376 ridetur
681 4322 742 4376 eius
765 4321 891 4393 scriptor
907 4322 1086 4393 quaestiones
1102 4327 1216 4373 antece-

64 4341 165 4449 111111
183 4394 313 4448 tribuere
331 4391 474 4447 Auditori.
511 4393 571 4448 Mr.
