2828 5070
577 305 706 370 LIBER
733 305 819 386 1,AE
1014 378 1017 383 ,
1234 305 1279 371 33

119 473 280 559 iungeres
317 472 369 534 sic
383 470 493 570 ‘nobis
518 471 638 571 plapet,
666 491 728 535 nee
747 470 936 613 pristinam
964 467 1278 570 dinannensium

120 552 1278 718 33.“”,’ζ’.εἰὶ.ἒῖ.““ἶι33333.“333333ῑέ3333ἒὲ

121 839 215 899 marg.
236 819 429 874 collationum
448 834 565 873 marum
583 817 723 882 laudavit,
749 814 784 870 de
803 815 850 870 Or.
870 815 924 867 lll.
945 819 990 879 16,
1008 818 1060 872 tls
1095 816 1171 870 ilino
1188 819 1279 873 disci·

122 892 200 946 dus
218 890 295 945 illud
312 889 424 942 exstitit
441 888 530 958 {quan
553 887 667 957 linguae
691 894 773 956 atque
796 886 905 951 cordis,
929 886 1080 939 absurdum
1096 903 1164 940 sane
1190 896 1217 942 et
1233 891 1279 944 in·

122 963 193 1017 stile
211 967 241 1015 el
259 957 524 1029 reprehendendum,
541 965 573 1010 at
591 959 646 1012 alii
665 974 717 1010 nos
733 968 873 1026 sapere,
909 957 962 1009 alii
988 956 1113 1011 dicere
1139 958 1279 1017 docerent.

123 1032 283 1095 Gruterus,
302 1047 368 1083 cum
386 1047 476 1100 prava
492 1029 680 1082 distinctione
699 1028 835 1082 edidisset
858 1028 951 1080 dicere
976 1028 1063 1081 etiam
1081 1029 1184 1096 coepit,
1211 1032 1281 1084 ado-

123 1104 263 1157 lmesses
291 1102 389 1154 docere
415 1102 515 1167 (quam
540 1097 649 1154 habent
674 1099 730 1152 iam
755 1098 829 1151 Edd.
848 1099 918 1151 Van.
945 1098 1013 1152 non.
1041 1106 1070 1152 et
1095 1099 1160 1152 Oar-
1179 1099 1279 1171 steph.

123 1175 188 1229 asc.
212 1179 237 1227 1.
257 1174 284 1228 2
304 1169 387 1224 Boul.
408 1168 524 1240 Gryph.
545 1168 632 1223 Goth.
652 1170 747 1223 lamb.
761 1171 786 1225 2.
808 1169 884 1221 lunt.
904 1167 1014 1239 εγω),
1033 1169 1175 1224 Ernestus
1194 1172 1283 1226 verba

125 1245 219 1298 siem
237 1250 270 1297 et
288 1243 394 1307 docere,
422 1256 481 1293 non
500 1239 595 1294 deleta
613 1239 804 1293 distinctione
821 1240 1010 1309 transposuit,
1038 1241 1069 1292 in
1088 1242 1166 1293 notis
1184 1251 1282 1296 autem

125 1316 215 1368 rerba
233 1320 390 1367 contextus
409 1311 538 1380 scripsit,
584 1312 646 1362 uasi
670 1310 823 1379 utrobique
847 1310 982 1362 inlibris
1004 1317 1075 1363 vett.
1097 1319 1171 1365 esset
1188 1312 1281 1366 dicere

126 1385 221 1448 (certe
250 1385 294 1436 ita
322 1390 366 1437 est
390 1382 422 1433 in
446 1381 499 1435 Fal
554 1327 648 1434 densi
667 1380 777 1446 18⁰2),
808 1380 885 1450 quod
913 1398 948 1432 ex
974 1382 1084 1434 nostris
1111 1382 1143 1434 in
1162 1399 1220 1436 uno
1239 1390 1282 1437 est

126 1458 202 1509 lton
222 1457 251 1510 2.
276 1453 402 1505 Etcum
420 1468 480 1506 non
497 1459 577 1532 recte
600 1451 784 1526 intelligeret
801 1452 951 1505 Ciceronis
976 1451 1073 1518 verba,
1099 1454 1282 1519 factumest,

128 1535 162 1579 ut
177 1524 400 1579 annotationem
424 1521 629 1587 conscriberet,
666 1539 751 1591 quam
779 1522 897 1575 silentio
919 1538 1051 1592 premere
1073 1532 1208 1591 praestat.
1246 1525 1283 1577 ln

127 1594 181 1648 Bel.
202 1594 270 1648 ald
291 1592 399 1658 (1⁶52)
418 1600 463 1646 est
481 1592 590 1646 discere
607 1608 662 1661 pro
682 1592 788 1654 dicere,
809 1609 962 1660 operarum
982 1607 1093 1653 errore,
1117 1593 1221 1655 (habet
1239 1603 1282 1649 ts·

127 1684 194 1720 men
222 1665 314 1718 etism
339 1663 409 1717 Cod.
427 1662 516 1738 Aug.)
541 1678 598 1732 quo
621 1663 733 1715 lactum
758 1671 801 1716 est
819 1664 916 1724 etiam,
939 1670 973 1714 ut
994 1663 1027 1715 iu
1049 1661 1103 1714 Ed.
1122 1663 1219 1718 Alteri
1237 1665 1282 1719 bis

128 1736 273 1806 seriptum
298 1735 338 1785 sit
360 1734 469 1799 docere,
498 1750 553 1786 nec
574 1733 675 1803 priore
706 1733 771 1786 loco
799 1734 898 1786 dicere.
945 1731 1107 1786 Boulserius
1131 1735 1162 1786 in
1193 1734 1281 1789 Codd.

129 1808 227 1861 neseio
247 1803 351 1873 quibus
373 1821 440 1857 cum
464 1804 622 1872 reperisset
646 1805 774 1857 docere
799 1803 886 1856 etiam
915 1801 1003 1869 coepit
1029 1802 1222 1869 adolescentes,
1250 1810 1282 1858 et

129 1876 208 1946 prad
229 1883 285 1929 etc.
305 1872 382 1926 hano
399 1874 557 1927 lectionem
575 1875 729 1928 manifesto
747 1875 877 1943 peiorem
896 1870 1031 1924 Ciceroni
1048 1872 1162 1926 volebat
1185 1875 1286 1927 obtru-

132 1948 206 2001 dere.
245 1946 282 1999 ln
300 1945 458 1998 cellatione
481 1943 549 1997 cod.
575 1944 659 1997 Vind.
679 1949 704 1999 1.
748 1942 866 1996 Alterus
893 1950 972 1995 recte
1003 1942 1153 1997 intellexit
1176 1944 1286 2008 locum,

133 2015 318 2084 contulitque
337 2014 477 2068 Graecam
494 2013 675 2067 locutionem
700 2006 841 2070 διδάσκειν
863 2008 928 2075 τοὺς
949 2012 1028 2070 rtooe
1049 2013 1155 2082 llyssrs
1180 2014 1285 2069 melius
1361 2026 1366 2035 ’

131 2087 255 2141 dixisset
283 2085 377 2152 λέγειν
409 2078 558 2137 διδάσκειν.
610 2084 699 2138 Recte
732 2085 804 2139 item
834 2080 985 2136 intellexit
1018 2081 1078 2136 loci
1111 2087 1286 2140 sententiam

132 2157 260 2222 Nissen,
279 2152 385 2208 seldene
402 2173 430 2224 p.
450 2157 487 2209 3:
516 2153 614 2207 Etiam
639 2154 674 2209 sd
695 2155 788 2208 dicere
805 2154 945 2225 pertinet,
964 2168 1023 2205 non
1041 2153 1077 2207 sd
1095 2157 1209 2219 docere3
1237 2155 1288 2210 sed

188 2244 205 2281 e
233 2234 406 2295 sequuntur,
436 2231 462 2278 et
487 2225 664 2292 prudentiam
689 2241 750 2278 asns
773 2225 929 2292 eloquentia
956 2224 1073 2288 iungere
1100 2243 1166 2279 eum
1189 2228 1286 2281 dasne

144 2297 256 2369 caepit)
274 2294 440 2349 cohaerent.
461 2294 529 2348 con.
549 2294 624 2349 Gud
645 2298 670 2350 2
690 2297 790 2348 decen
809 2310 912 2363 quoque
930 2294 1027 2361 coepit.
1056 2295 1116 2347 Mr.

202 2374 231 2419 et
253 2366 437 2433 prudentiam
467 2382 528 2418 casn
559 2367 719 2435 eloquentia
745 2365 881 2431 iungere]
916 2362 960 2415 Ad
990 2366 1162 2418 sententiam
1188 2366 1288 2420 laudat

134 2437 262 2494 ofellius
281 2434 342 2488 cic.
369 2435 403 2490 de
429 2435 496 2488 Die.
515 2435 553 2487 11.
575 2441 599 2489 1.
620 2441 645 2491 t·
669 2435 720 2488 ubi
739 2443 797 2490 est:
832 2435 950 2499 cumque
975 2434 1147 2487 Aristoteles
1170 2437 1288 2504 itemque

136 2504 356 2576 recuperastis,
376 2505 541 2559 escellentes
558 2505 618 2558 oiri
635 2523 696 2558 eum
713 2505 870 2557 subtilitate
893 2509 951 2554 tum
969 2504 1060 2570 copia,
1086 2522 1148 2557 cuns
1164 2504 1289 2573 philoso-

133 2578 202 2650 pls'a
225 2576 378 2631 dicendi
406 2577 515 2628 etiam
533 2584 684 2644 praecepta
702 2574 898 2628 coniunxerint
926 2582 978 2627 eto.
1017 2574 1057 2626 Et
1075 2585 1154 2629 reete
1172 2577 1289 2630 Beroal-

136 2652 203 2704 dus:
223 2648 366 2714 „nomine
382 2646 617 2715 prudentiaehoo
637 2649 668 2700 in
686 2647 751 2699 loco
762 2645 928 2721 significare
942 2644 1061 2698 videtur
1071 2646 1288 2718 philosophiam

136 2720 324 2788 studiumque
343 2718 509 2788 sapientiae,
539 2716 645 2785 [plane‚
670 2723 702 2768 ut
726 2716 791 2769 loco
816 2734 851 2769 ex
876 2715 922 2768 0r.
951 2715 1003 2766 111.
1024 2718 1066 2771 16.
1094 2720 1139 2782 61,
1167 2736 1287 2789 supraa

136 2791 219 2844 nobis
237 2788 367 2855 laudato,
384 2788 475 2841 verbo
493 2785 612 2855 sapere,]
637 2788 719 2839 ouius
737 2787 880 2839 unanimus
897 2787 1047 2855 professor
1065 2795 1127 2842 erat
1144 2789 1289 2843 Aristote-

137 2861 185 2915 les.
223 2860 311 2913 Dixit
329 2867 426 2911 tamen
444 2861 480 2910 Μ.
500 2856 580 2909 Tull.
601 2859 632 2910 in
653 2863 676 2911 l.
697 2855 731 2909 de
751 2856 861 2909 Officiis
887 2854 922 2920 [c.
943 2860 968 2910 l.
987 2859 1012 2911 Β.
1033 2860 1058 2911 4.
1079 2859 1113 2911 de
1130 2860 1289 2913 Aristotele

139 2940 167 2986 et
183 2931 316 2984 isoes-ste
334 2928 490 2999 loquens]=
522 2944 638 2997 quorum
654 2934 768 2996 uterque
785 2944 836 2979 sao
859 2925 954 2978 studio
972 2928 1123 2980 delectatas
1140 2930 1289 2983 contemsit

139 3005 268 3055 alterans.
306 3001 411 3066 „idem
427 2999 503 3053 dixit
520 2999 581 3052 cic.
601 3003 637 3052 de
655 2999 753 3050 0r.11.
773 3000 818 3053 33.
839 2998 897 3051 160.
918 2997 1106 3052 Aristotelem
1124 2999 1290 3070 adspexisse

138 3073 258 3196 Tmen)
278 3088 321 3136 ea,
352 3089 426 3141 quae
452 3069 489 3124 ad
514 3070 630 3123 dicendi
653 3079 746 3123 artem
793 3068 965 3150 ertinerent,
992 3078 1083 3121 artem
1109 3086 1178 3122 vero
1197 3072 1290 3150 ipsam

139 3141 441 3277 sills‘s‘llitciisi‘,
459 3141 776 3281 1131331..
793 3135 1291 3276 {tererenturetr

138 3291 247 3352 septa
274 3287 307 3335 et
337 3283 515 3352 loquendi.
565 3281 605 3333 Et
631 3281 729 3351 paullo
756 3282 905 3351 superius:
941 3280 1110 3334 Aristoteles
1137 3310 1169 3321 —
1197 3295 1292 3331 rerum

139 3353 330 3422 cognitionem
346 3370 409 3405 oum
427 3351 568 3406 orationis
587 3352 786 3406 exercitatione
805 3349 965 3405 coniunxit.-
989 3354 1064 3405 cont.
1083 3351 1118 3404 de
1136 3349 1182 3401 Or.
1203 3351 1226 3403 l.
1246 3353 1291 3406 1⁰.

139 3429 182 3482 43.
203 3424 244 3477 ll.
267 3428 309 3480 lo.
328 3426 371 3479 43.
408 3424 444 3476 ln
462 3423 583 3477 Oratore
601 3421 724 3492 denique
739 3423 786 3475 lv.
807 3426 852 3486 13,
872 3422 991 3474 nomine
1009 3438 1067 3475 non
1085 3421 1181 3475 addito
1200 3421 1290 3475 dixit:

139 3495 303 3566 eloquentia
320 3495 446 3558 forensis
463 3501 559 3562 spreta
582 3509 600 3544 a
615 3491 788 3561 philosoplis
813 3500 840 3546 et
858 3493 1016 3560 repudiata.
1044 3494 1104 3546 Mr.

211 3582 264 3618 nec
280 3565 435 3633 pristinum
453 3560 568 3617 dicendi
580 3564 704 3617 studium
714 3564 860 3631 deponere]
880 3563 976 3628 Recte,
992 3571 1025 3616 ut
1043 3575 1143 3620 monet
1154 3565 1291 3626 Orouion,

138 3634 288 3691 &aliems
306 3634 378 3689 haee
396 3635 484 3687 verba
501 3634 646 3718 intelligit
664 3634 699 3688 de
726 3632 993 3697 declamationibus,
1021 3653 1090 3704 quas
1109 3653 1142 3690 eo
1160 3647 1293 3706 tempore

139 3710 174 3761 in
191 3705 359 3759 Tusculano
377 3704 459 3758 horis
478 3706 713 3759 antemeridianis
732 3722 798 3758 eum
817 3707 929 3773 aliquot
946 3705 1139 3761 familiaribus
1158 3710 1293 3760 institue·

139 3784 188 3831 rat
212 3777 336 3831 Cicero:
364 3776 440 3828 laud.
468 3775 553 3829 Tusc.
573 3776 610 3828 ll.
637 3778 663 3830 3.
688 3779 713 3830 9.
757 3775 799 3828 De
818 3776 1043 3829 Constructione
1067 3791 1116 3829 nec
1135 3806 1168 3816 -
1187 3785 1224 3843 et,
1244 3778 1294 3842 (in

142 3866 201 3971 es
216 3847 537 3970 antestet
551 3845 819 3969 tinente
842 3845 1036 3970 tenu
1051 3848 1230 3973 terr
1253 3840 1299 3973 ⁹·l'

141 3985 212 4042 Sall
234 3936 341 4063 legii.
361 4004 389 4057 p.
410 3991 435 4044 Β.
464 3994 492 4040 et
511 4004 583 4056 quae
610 3954 827 4040 noainoaus'nuss¹
851 3988 886 4040 sd
912 3935 1031 4042 Cioidpe·
1052 3957 1112 4057 rep:
1131 3937 1292 4044 ‘'11:122an

142 4061 205 4116 498.
232 4060 311 4113 conf.
343 4075 415 4128 quae
440 4059 590 4127 posuimus
618 4057 653 4110 de
677 4059 894 4112 constructione
920 4074 1018 4111 nec-
1039 4076 1089 4127 que
1115 4060 1150 4115 ad
1174 4059 1233 4113 Cio.
1259 4007 1295 4113 de

142 4128 209 4184 Dir.
232 4135 257 4186 1.
277 4132 322 4185 33.
343 4131 435 4196 631)-
457 4130 515 4185 163
535 4127 570 4180 do
594 4127 664 4198 Rep.
686 4133 710 4182 1.
730 4132 773 4184 ut.
824 4167 829 4180 ·
851 4133 910 4184 141.
938 4129 1005 4182 Post
1022 4130 1157 4196 deponere
1174 4132 1206 4184 in
1222 4131 1293 4204 Reg.

143 4204 169 4257 3.
190 4202 343 4272 sequitur:
364 4205 391 4253 et
408 4198 460 4251 leae
476 4199 606 4252 uberiore
625 4198 738 4250 omissis
757 4147 868 4252 mediis.
897 4200 955 4252 Me.

215 4272 300 4325 Hanc
317 4271 391 4324 enim
407 4271 560 4338 perfectam
575 4266 783 4338 philosophiam
801 4286 909 4337 semper
927 4270 1062 4337 iudicans]
1090 4270 1158 4325 Cod.
1178 4271 1246 4344 Reg.
1266 4271 1293 4323 3.

144 4344 233 4398 etiam
258 4359 316 4414 pro
342 4342 417 4394 enim
443 4358 508 4409 cum
536 4340 603 4393 cod.
628 4338 717 4393 liehd.
755 4340 884 4410 Utraque
908 4340 995 4395 lectio
1014 4342 1113 4394 iuncta
1129 4343 1246 4394 videtur
1264 4337 1296 4388 in

145 4414 214 4471 Coei
235 4415 325 4472 Msrb.
345 4413 398 4483 qui
416 4409 534 4469 exhibet
550 4412 631 4469 liano
648 4411 774 4468 etesias
789 4412 947 4481 perlectam.
974 4415 1081 4466 Vocem
1096 4405 1297 4483 philosophiam
