2828 5070
533 303 663 371 uum
693 308 720 386 Ι,
748 309 798 375 1⁹.
819 306 869 371 20.
1216 306 1279 371 1⁵1

119 476 303 547 incensam,
324 473 493 537 exclusit.
536 470 724 553 Praecipua
750 488 835 532 vcro
855 472 1015 531 fruentur
1035 472 1102 547 ea‚'
1120 470 1181 550 'qui
1208 476 1280 529 tum

121 557 238 634 atium,
264 576 377 639 quum,
415 554 474 617 has
500 561 610 617 terras
640 553 836 631 incolentes,
869 553 1065 615 circumfusi
1085 560 1183 615 eraut
1203 552 1280 613 cali·

120 642 212 727 gine,
232 647 344 703 tumen
364 639 436 701 acio
459 638 580 699 montis
601 634 769 715 dispicere
790 634 979 717 cupiebant.

125 734 132 743 ·
204 723 363 783 Etenim
389 722 420 783 si
446 740 536 785 nunc
556 718 684 800 aliquid
705 719 899 801 arsoquiso
919 723 1052 799 putant,
1079 716 1137 799 qui
1158 717 1322 782 ostiumto

123 934 217 981 exstat
235 926 352 981 libellus
370 925 415 978 Jo.
435 924 563 989 meursii,
590 924 641 993 qui
667 923 839 977 inscribitur
860 921 1085 995 Theophrastus.
1110 922 1201 997 hugi.
1220 922 1280 976 aas

121 996 221 1053 unev.
243 998 320 1053 1640.
342 998 383 1052 12.
420 995 463 1048 De
482 994 543 1047 eius
562 994 694 1049 doctrina
712 1003 743 1047 at
765 993 947 1065 philosophia
972 995 1142 1067 loquuntur,
1167 1002 1282 1067 praeter

121 1070 222 1133 illurn,
255 1062 410 1138 scripturas
433 1064 571 1119 historiae
593 1065 743 1119 literariae
767 1074 795 1119 et
819 1064 1047 1137 philosophicae,
1078 1064 1172 1118 ubivis
1194 1062 1279 1118 obvii.

121 1140 178 1193 Pro
193 1134 396 1207 philosophiam
415 1137 481 1191 cod.
492 1135 582 1191 Rehd.
599 1134 821 1207 philosophandi.
847 1136 923 1190 Tum
942 1154 1015 1189 unus
1024 1136 1074 1191 Ox.
1093 1134 1280 1207 cupiditatem

121 1210 178 1263 Pro
206 1210 348 1263 incensam
370 1207 491 1261 Ncidius
524 1207 652 1260 coniecit
683 1208 808 1273 incensu,
846 1206 933 1276 idque
959 1208 990 1259 in
1012 1206 1121 1261 scholis
1147 1207 1282 1278 probabat

123 1280 267 1338 Wolflus:
295 1280 343 1333 scd
360 1288 441 1333 recte
459 1288 558 1331 mouet
575 1277 740 1343 Riihucrur,
758 1278 856 1349 paullo
874 1277 1007 1331 audacius
1031 1278 1153 1350 quidem*
1174 1278 1283 1333 dictam

124 1366 184 1405 esse
204 1348 414 1427 philosophiam
443 1348 617 1419 cognitionis
642 1349 794 1419 cupiditate
829 1349 973 1401 iucensam
1004 1366 1057 1419 pru
1107 1348 1283 1420 hilowphia,

124 1431 281 1545 ᾳιιαοᾶέιιι
299 1430 342 1475 est
360 1421 568 1545 e'tcogtnffloh'
587 1420 760 1543 plupiditate:
786 1437 842 1472 nec
858 1429 956 1545 taupeu
967 1420 1026 1543 itta,
1037 1427 1081 1543 'utt
1088 1368 1283 1544 Yecfihffln'

121 1500 442 1617 hhfflmmesssctihhehh
449 1508 585 1615 11οἳοίιιιιιιιθ
596 1509 675 1615 Ιίιυὲο
689 1507 1008 1633 ἶιῖιῖἒὴιῗὶῗιῗέἲοιιιίιιιοι
1025 1508 1167 1615 hisham
1182 1508 1283 1639 cignis

124 1633 212 1687 tionis
230 1634 387 1716 cupiditate
412 1632 550 1698 incendit,
581 1632 681 1703 sicque
704 1633 734 1683 in
759 1631 797 1685 iis
820 1630 1034 1703 philosophiam
1063 1634 1210 1687 excitavit.
1247 1634 1282 1687 ln

123 1722 180 1775 qua
198 1703 274 1757 miln
293 1704 405 1757 ratione
430 1702 669 1775 acquiescentium
685 1702 811 1756 ridetur.
849 1702 922 1757 Cum
944 1702 1023 1757 enim
1043 1700 1224 1773 philosophia
1242 1703 1282 1757 sit

123 1774 243 1845 proprie
271 1773 429 1847 supientiae
456 1790 547 1839 amar,
574 1791 628 1827 cur
652 1791 719 1829 aum
742 1790 869 1826 amorem
887 1790 945 1827 non
964 1774 1039 1827 dicat
1062 1774 1209 1829 incensum
1223 1792 1283 1828 csso

124 1845 304 1922 cognitionis
323 1845 481 1915 cupiditate
500 1844 631 1898 omnihus
654 1844 821 1899 homiuibus
841 1844 946 1897 insita?
971 1844 1033 1897 Mr.

123 1990 126 1995 ,
194 1932 349 2002 huam
366 1951 432 1988 uero
450 1936 582 2001 {rueretur
600 1932 646 1999 ec]
665 1933 773 1985 Vocem
789 1948 860 1987 aero
873 1933 985 1986 omittit
1003 1933 1070 1987 Cori.
1090 1933 1180 1988 Ruhd.
1216 1935 1284 1989 Per·

124 2004 170 2077 git
187 2022 260 2057 unus
279 2006 330 2059 Ox.
360 2004 500 2059 uitentur.-
532 2012 596 2057 tum
622 2003 696 2057 Gud.
716 2006 743 2059 2
771 2000 854 2069 itta,
882 2003 932 2074 qui
955 2009 1037 2057 tanc
1062 2020 1133 2058 cuna
1161 2007 1235 2058 ltlon.
1256 2010 1280 2061 l.

124 2072 290 2129 ericaeum
308 2073 368 2128 lus.
397 2077 483 2129 llarb.
509 2078 591 2130 etiam
610 2073 671 2146 qai
688 2072 759 2127 Ιιιιιι
785 2092 859 2141 uuus
885 2075 935 2143 tlx.
955 2084 985 2129 et
1000 2078 1078 2129 ltluu.
1100 2079 1123 2131 1.
1151 2075 1280 2131 colenter.

124 2144 176 2197 Ed.
196 2147 231 2197 H.
260 2161 359 2216 quum
385 2152 479 2201 tumen
502 2146 581 2199 acies
606 2163 682 2199 uuus
700 2145 751 2199 Ox.
778 2150 848 2199 tarr
869 2144 941 2199 acie.
969 2145 1055 2201 eota.
1084 2144 1128 2213 ᾼιι
1151 2185 1157 2197 .
1191 2144 1281 2201 Rehd.

125 2216 209 2269 vind.
232 2222 256 2271 l.
275 2217 328 2269 Ed.
349 2218 383 2269 H.
404 2218 568 2285 despicere.
606 2218 641 2271 lu
667 2216 726 2270 llus
744 2216 811 2269 God.
830 2214 906 2291 Aug.
924 2216 1060 2286 capiebat.
1098 2163 1150 2270 A}
1169 2226 1283 2270 senten-

122 2287 195 2339 tiam
213 2288 273 2341 loci
289 2288 456 2342 Beroaldus:
484 2286 692 2357 „Philosophus
718 2286 948 2360 siguificat-qui
964 2288 1120 2358 praecipue
1147 2288 1283 2343 fruentur

123 2356 344 2440 pulchritudine
371 2377 470 2413 rerum
494 2358 663 2413 caelestium
681 2364 711 2413 ut
737 2357 901 2431 agnitione:
935 2376 1060 2441 quorum
1077 2356 1169 2411 animi
1189 2357 1281 2411 adhuc

125 2428 229 2483 tuclusi
248 2446 333 2483 cacco
352 2430 481 2500 corporis
493 2428 638 2505 ergastulo
656 2426 720 2493 nisi
739 2436 807 2481 sunt
824 2443 879 2497 pro
896 2428 982 2481 viruli
999 2438 1081 2499 parta
1095 2444 1176 2480 nosse
1194 2428 1282 2482 subli-

124 2500 182 2551 mia
199 2508 229 2551 et
247 2515 357 2552 caussas
384 2518 483 2553 rerum
509 2497 719 2572 perscrutari.“
738 2522 783 2536 -·
806 2495 966 2567 Dispicera
992 2500 1036 2551 ait
1053 2496 1232 2555 FAWulflus
1250 2498 1282 2554 iu

123 2568 240 2633 scholis,
259 2587 313 2639 pru
334 2571 378 2623 rie
396 2571 507 2623 dicitur
525 2573 559 2625 da
578 2569 693 2633 catuliss
712 2569 774 2639 qui,
801 2569 880 2623 caeci
900 2570 972 2635 nuti,
990 2570 1055 2621 risu
1073 2568 1199 2644 gaudere
1218 2586 1282 2623 coo·

123 2648 244 2711 perant:
264 2641 311 2693 lau
398 2643 459 2696 Cic.
479 2641 513 2695 da
531 2640 618 2695 Finn.
639 2640 687 2693 lv,
708 2640 752 2695 2³.
790 2638 834 2693 lbi
853 2640 994 2695 nimirum
1011 2641 1142 2715 legitur:
1167 2647 1194 2695 et
1214 2658 1282 2712 quo-

125 2711 203 2765 nim
219 2711 350 2777 catali,
369 2713 418 2782 qui
435 2711 501 2765 iam
519 2709 719 2779 dispecturi
735 2714 809 2779 sunt,
828 2710 905 2765 caeci
926 2708 1114 2783 aequanti,
1133 2712 1184 2783 qui
1201 2715 1282 2767 moda

124 2783 193 2835 nuti.
230 2782 270 2835 Et
289 2783 434 2837 cornmode
454 2783 571 2853 quidem
589 2782 619 2835 h.
633 2781 652 2833 1.
666 2781 701 2837 dc
720 2781 822 2835 catulis
840 2783 935 2835 utitur
956 2799 989 2837 eo
1007 2782 1108 2835 verbo:
1129 2784 1194 2837 ideo
1211 2801 1282 2839 vero

126 2852 155 2907 it
177 2851 302 2921 proprie
325 2854 360 2905 de
378 2854 415 2905 iis
432 2854 503 2920 dici,
535 2871 593 2919 non
619 2850 760 2905 dixerim:
789 2852 867 2905 nihil
887 2854 966 2907 euim
991 2854 1076 2925 plane
1095 2863 1148 2921 est,
1176 2872 1230 2908 cur
1248 2857 1283 2909 ad

125 2924 234 2976 catulos
262 2924 292 2975 id
313 2925 417 2994 potius,
446 2942 532 2994 quam
555 2924 590 2977 arl
614 2922 749 2987 hemines
776 2931 805 2976 et
828 2924 863 2979 ad
885 2942 976 2979 unum
1004 2926 1137 2995 quodque
1163 2926 1283 2989 animal,

144 2994 202 3047 uorl
229 2994 347 3063 quidem
374 2995 526 3049 oculorum
550 2994 644 3049 aciem
670 2992 849 3065 aliquorsum
877 2996 1013 3061 intendit,
1036 2996 1283 3051 accommodatum

125 3064 365 3189 c'·cas.M0ptime
399 3075 495 3118 autem
524 3065 558 3119 tle
590 3065 647 3118 hoc
679 3064 769 3119 verbo
801 3066 935 3137 loquitur
961 3066 1102 3119 Ernestus
1139 3066 1170 3118 iu
1203 3066 1281 3120 Clav.

146 3152 184 3186 ιο.
257 3151 280 3186 r.

193 3240 218 3275 c.
238 3226 282 3277 20.
312 3223 340 3275 si
359 3240 431 3277 nanc
448 3225 558 3293 aliquid
583 3225 700 3296 assequi
717 3241 749 3279 se
764 3225 877 3295 patant]
912 3225 1021 3277 Vocem
1037 3225 1067 3278 ri
1085 3223 1195 3279 omittit
1215 3224 1283 3277 cod.

125 3294 210 3345 llarh.
239 3294 360 3364 Aliquid
378 3304 420 3347 est
438 3296 458 3347 i.
471 3314 498 3365 q.
514 3297 587 3366 qaod
604 3312 708 3366 operae
725 3296 853 3364 pretium
868 3294 923 3349 rit:
933 3304 976 3347 ut
990 3295 1067 3347 haud
1084 3311 1150 3347 raro
1161 3295 1284 3366 scripto·

124 3380 169 3417 ras
186 3365 302 3429 latini3
321 3365 425 3419 Gracci
444 3367 517 3420 item
534 3372 680 3421 vocaturi
699 3369 741 3419 its
758 3376 907 3439 usurpant.
946 3367 979 3417 V.
1005 3375 1115 3419 nostras
1134 3364 1283 3437 symbolas

123 3434 197 3488 crit.
217 3434 253 3487 ad
270 3436 330 3488 (lic.
351 3438 375 3489 l.
394 3454 422 3505 p.
443 3442 487 3493 lo.
513 3439 584 3493 aud.
610 3456 688 3491 nunc
717 3454 822 3491 noram
846 3437 1008 3490 Forcelliui
1026 3437 1080 3490 Ed.
1100 3436 1240 3491 Schuaeb.
1260 3456 1280 3491 r.

124 3523 149 3557 r.
170 3504 279 3576 uliquis
297 3525 324 3576 p.
349 3509 407 3562 154.
429 3525 453 3560 c.
479 3509 529 3561 uhi
553 3510 653 3578 plum
671 3509 820 3563 Ciceronis
842 3518 872 3562 at
896 3508 1022 3561 aliorum
1040 3508 1196 3561 laudantur
1212 3508 1280 3564 loci.

123 3577 279 3629 Hermann.
300 3578 335 3629 ad
352 3579 451 3651 Vigor.
471 3597 500 3649 p.
521 3582 581 3634 ⁷31.
602 3580 759 3633 Goultton.
777 3586 800 3635 1.
819 3596 874 3649 pru
892 3578 1008 3649 rraeqai
1025 3579 1110 3633 habet
1129 3579 1169 3631 αι’
1187 3582 1281 3649 repar}

123 3648 242 3701 fortasse
260 3656 453 3701 atramentum
472 3652 598 3715 annuit,
621 3658 656 3703 ut
674 3651 766 3703 fucrit
790 3651 933 3721 scriptum
956 3649 1084 3721 adsequi,
1121 3660 1154 3703 ut
1179 3651 1282 3707 literas

122 3718 142 3770 d
151 3719 298 3789 particula
308 3720 501 3774 interciderit.
530 3721 656 3775 Bentleii
675 3721 871 3775 coniecturam
889 3721 1015 3775 viderim
1032 3754 1065 3765 -
1080 3720 1206 3777 viderint
1225 3724 1282 3777 iam

121 3788 295 3842 Bouhierius
313 3792 419 3843 morito
436 3806 676 3862 supervacaneam
695 3792 780 3845 dizit.
810 3792 890 3857 Quod
902 3808 972 3846 vero
991 3793 1282 3849 dicuutFAWoltlus

122 3860 307 3925 morellius,
325 3861 492 3917 Bentlcium
510 3864 669 3918 coniecisse
687 3868 843 3929 assecutor,
867 3862 898 3917 itl
916 3864 959 3915 ita
976 3880 1079 3917 verum
1098 3872 1150 3929 est,
1168 3874 1202 3917 ιιι
1221 3883 1282 3919 eam

121 3931 314 4053 scriptionem
332 3933 363 3983 B.
383 3935 573 3987 necessariam
590 3934 749 4005 putaverit,
768 3935 793 3987 si
811 3943 945 3989 servetur
962 3935 1117 4003 utrobique
1134 3936 1281 3991 viderant:

122 4018 179 4071 quo
217 4019 308 4071 quum
327 4005 503 4073 reprobaret,
523 4015 552 4058 et
573 4006 603 4058 in
621 4005 745 4058 viderint
762 4006 931 4057 mutandum
950 4006 1105 4073 censuerit,
1124 4006 1186 4077 ipse
1203 4011 1283 4063 rola-

122 4072 170 4125 ιιι
188 4074 300 4125 serrari
320 4075 442 4144 assequi,
460 4085 493 4129 ut
511 4077 592 4129 vidos
603 4094 640 4129 ex
653 4078 715 4129 eius
733 4084 831 4131 annot.
860 4077 996 4131 Ceterum
1012 4095 1115 4131 verum
1133 4088 1187 4145 est,
1207 4082 1283 4150 quod

121 4143 163 4195 ait
180 4143 326 4208 wolfius·
340 4148 502 4199 accuratius
520 4148 690 4201 lucutumm
706 4149 796 4201 hrissu
814 4146 993 4211 Ciceronem,
1013 4149 1037 4202 si
1055 4150 1217 4220 scripsisset
1234 4166 1282 4203 ua·

122 4219 240 4267 amatos.
278 4216 352 4267 ltlira
378 4234 449 4272 vero
468 4228 509 4271 ast
527 4219 625 4273 Rathii
646 4219 802 4289 explicatio
820 4218 901 4272 illius
918 4220 1010 4273 vorbi.
1039 4220 1213 4304 „Equidem
1241 4220 1281 4271 sit

122 4285 186 4345 ille,
205 4284 333 4339 arbitror
351 4288 520 4343 Ciceronum
536 4292 644 4355 dicere,
672 4298 730 4355 eus,
755 4288 808 4359 qui
826 4289 910 4343 Ponti
933 4290 1041 4343 ostium
1067 4290 1221 4361 aliquando
1238 4289 1282 4339 vi-

124 4354 223 4411 derint
242 4365 272 4411 et
290 4356 347 4409 iam
366 4360 648 4432 radiarint‚'putare,
674 4362 748 4415 ratis
767 4360 937 4431 longinquus
960 4376 990 4414 ae
1009 4368 1105 4425 terras
1124 4360 1218 4412 onim
1237 4356 1281 4409 ιἰι-

125 4426 203 4481 turri
219 4442 309 4496 porse,
330 4428 359 4480 id
378 4438 419 4483 est
438 4432 516 4484 enim
535 4432 685 4502 adaequat-f
714 4435 819 4487 Vocem
837 4450 868 4486 rr
887 4432 1025 4489 omittunt
1046 4430 1130 4485 codd.
1160 4428 1232 4482 Gurt.
1257 4432 1279 4485 Ι.
