2828 5070
420 453 877 545 PRAEFATIO

205 600 435 669 numurus
476 602 748 669 usvtsnrvnn
789 604 953 668 eamne
998 604 1087 674 me.

152 705 288 832 Quam
309 760 516 844 paucissimis
533 778 704 845 exsequar,
773 780 811 822 ae
832 760 1012 847 praefanda
1033 778 1160 843 censeo,
1183 784 1226 826 ne

64 843 168 930 longa
190 842 372 906 verborum
398 843 535 930 ambage
560 842 644 905 mihi
665 846 732 906 scri
757 847 837 922 euti,
872 864 939 906 non
969 848 1076 908 minus
1101 868 1140 909 ac
1162 848 1225 910 tibi

66 927 205 1013 legenti,
229 937 363 989 creetur
384 925 539 989 taedium.

149 1008 341 1072 Editionem
365 1009 502 1072 lioberti
523 1007 581 1071 Ste
603 1007 693 1090 bani,
716 1030 793 1072 cum
815 1009 943 1073 duobus
966 1014 1100 1098 optimis
1111 1010 1226 1075 Msstis

66 1092 237 1171 collatam,
259 1092 344 1154 mihi
373 1101 489 1156 mutuo
522 1091 563 1153 de
587 1096 614 1155 it
634 1092 938 1155 Revereudissimus
959 1094 1104 1159 Antistes
1125 1094 1224 1160 Joan.
1273 1103 1278 1115 '

64 1178 183 1241 Morus
205 1178 247 1254 *).
297 1176 407 1237 Hosce
436 1176 540 1238 libros
571 1184 750 1261 propterea
781 1176 1004 1239 Norvicenses
1043 1179 1222 1323 appellavi,

64 1264 240 1343 quoniam,
273 1279 349 1320 cum
374 1279 430 1322 eos
455 1263 601 1345 primum
615 1332 618 1337 .
633 1263 758 1344 accepi,
788 1260 1048 1323 Norvicensium
1102 1263 1225 1324 ioecesi

57 1342 217 1428 'praefuit
237 1344 293 1404 vir
313 1340 373 1404 ille
417 1343 705 1419 raestautissimus,
729 1362 826 1425 quem
848 1346 990 1405 maxima
1011 1365 1070 1406 sua
1092 1349 1223 1424 merita,

63 1437 97 1488 et
124 1424 368 1487 serenissimae
393 1365 537 1514 Reginae
566 1427 686 1513 gratia,
718 1445 825 1510 nuper
851 1424 892 1487 ad
923 1424 1034 1489 sedem
1063 1428 1224 1493 Eiiensem

64 1519 322 1594 promoverunt„

148 1590 310 1654 Codicem
331 1608 433 1654 mauu
459 1601 641 1669 exaratum,
720 1609 771 1652 em
803 1600 914 1653 servat
935 1592 1143 1655 Bibliotheca
1164 1593 1224 1657 Pe-

65 1678 200 1750 trensis,
231 1674 375 1736 humane
397 1673 622 1777 suppeditavit
642 1611 787 1736 Tidmas
809 1672 994 1754 Stukesius,
1030 1678 1123 1738 illius
1147 1676 1224 1740 Col·

64 1758 145 1844 legii
169 1757 290 1820 Socins
311 1757 539 1845 dignissimum
563 1754 819 1844 Catabrigiensis
837 1767 947 1819 autem
966 1758 1048 1820 Msti
1071 1759 1225 1824 collatio-

64 1860 142 1902 nem
164 1843 283 1919 amice,
315 1852 355 1904 ut
376 1841 471 1921 solet,
505 1841 628 1903 obtulit
654 1842 711 1902 vir
738 1842 942 1901 clarissimus
963 1841 1030 1902 Jos.
1053 1840 1223 1905 Wassius.

65 1923 247 2008 impressos
279 1934 421 2001 veteres,
454 1943 596 2007 quorum
627 1925 749 2008 passim
777 1925 813 1983 in
844 1921 934 1984 hisce
956 1926 1044 1985 notis
1075 1927 1225 2002 memini,

67 2005 208 2067 utendos
238 2007 464 2091 praebuerunt
484 2006 626 2068 Joaunes
651 2006 702 2066 La
747 2005 878 2082 htouus‚
910 2009 1142 2069 meritissimus
1171 2008 1228 2069 Bi·

67 2089 255 2152 bliotbecae
276 2090 433 2151 Publicae
453 2089 656 2167 Praefectus,
679 2087 756 2150 Gu.
781 2089 937 2167 Piersius,
960 2100 995 2151 et
1015 2091 1097 2151 llob.
1122 2088 1226 2153 Gree-

65 2175 152 2250 nius‚
185 2172 242 2233 hic
263 2172 369 2234 Aulae
390 2171 567 2249 Clarensis,
594 2172 654 2232 illo
675 2189 757 2233 vero
779 2169 923 2258 Collegii
944 2173 1226 2235 Emmanuelensis

63 2253 185 2316 Socios
205 2254 462 2316 laudatissimus.
506 2255 640 2317 Horum
662 2256 811 2315 omnium
832 2257 966 2315 nomina
994 2260 1157 2335 recensui,
1187 2266 1226 2320 ut

63 2341 105 2398 iis
127 2336 257 2400 debitas
279 2340 403 2425 gratias
424 2338 598 2416 referrem,
620 2356 737 2421 meque
759 2336 997 2398 beneficiorum
1017 2360 1085 2400 non
1108 2342 1225 2401 imme·

62 2441 194 2483 morem
228 2441 297 2482 esse
317 2431 468 2484 testarer.
520 2418 625 2500 [Haec
658 2423 770 2482 omnia
799 2441 819 2480 a
850 2420 962 2481 verbis
983 2422 1093 2484 Hosce
1124 2421 1226 2486 libros

60 2539 102 2551 -
125 2513 276 2583 testarer,
308 2505 350 2565 ab
372 2504 479 2566 altera
500 2514 534 2565 et
555 2506 656 2566 tertia
677 2501 818 2581 absunt]

145 2587 212 2649 His
244 2586 399 2650 subsidiis
432 2585 502 2665 [Ed.
526 2588 556 2652 3.
593 2586 719 2667 opibus]
757 2589 954 2663 instructus,
987 2587 1125 2666 multas,
1159 2590 1226 2650 nisi

65 2671 181 2749 fallor,
204 2669 339 2732 mendas
361 2671 492 2748 sustuli,
519 2671 638 2752 quibus
660 2668 731 2747 [Ed.
755 2672 785 2734 3.
810 2689 874 2730 orn.
900 2667 970 2748 out]
999 2681 1057 2733 aut
1077 2672 1226 2735 solennis

132 2805 163 2874 ¹¹)
188 2810 254 2861 Post
277 2823 383 2860 nomeu
406 2805 435 2858 J.
460 2806 536 2859 lllori
558 2805 590 2858 in
614 2805 719 2858 duabus
743 2804 950 2876 posterioribus
973 2805 1045 2859 baec
1071 2806 1222 2882 leguntur:

59 2879 147 2943 „Hos
164 2879 314 2932 Eliensem
330 2878 460 2948 primum
476 2894 508 2930 ac
527 2876 684 2930 secundum
702 2877 857 2930 nominavi.
895 2876 935 2929 lis
958 2893 1030 2930 nunc
1054 2881 1172 2932 accessit
1190 2881 1224 2934 ab

60 2951 190 3015 „eadem
206 2969 295 3002 sumu
312 2950 416 3002 tertius
434 2949 465 3000 in
480 2966 656 3031 pergamena
675 2950 732 3001 sori
754 2957 806 3000 tus.
846 2947 921 3004 Quin
939 2955 966 3000 et
991 2957 1107 3020 praeter
1123 2951 1225 3005 Elian·

61 3039 132 3085 „ses
151 3022 220 3075 illos
244 3039 311 3074 usus
335 3039 400 3072 sum
418 3014 568 3073 Codicibus
588 3025 705 3090 quotuor
732 2967 773 3085 iin
792 3017 844 3074 Ed.
864 3036 919 3075 sec.
940 3019 1056 3088 quiaque
1073 3029 1169 3075 autam
1192 3023 1224 3075 in

62 3092 144 3156 „Ed
165 3091 247 3159 tert]
267 3109 337 3163 quos
354 3091 413 3142 viri
432 3090 590 3143 doctissimi
608 3090 909 3155 Richarduslllcadins,
930 3089 964 3155 [is
984 3090 1053 3162 ipse,
1074 3093 1125 3213 {si
1139 3093 1225 3163 quiu-

58 3171 151 3229 ,‚tum
171 3163 220 3217 cd.
243 3181 310 3217 cum
333 3162 448 3215 Davisio
473 3162 705 3226 communicavit,
730 3163 868 3229 cuiusque
896 3179 1000 3213 nomen
1025 3164 1056 3212 in
1101 3161 1128 3215 d.
1153 3171 1223 3215 tert.
1282 3216 1285 3222 ,

60 3235 172 3298 „modo
192 3234 369 3306 appellatur]
390 3233 515 3286 Thomas
532 3234 668 3297 Bakerus,
693 3232 817 3285 Thomas
841 3231 1001 3296 Stuliesius,
1026 3240 1055 3284 et
1080 3233 1225 3303 Josephus

58 3306 221 3369 „Wassius
246 3323 358 3358 mecum
384 3305 508 3378 benigne
536 3305 816 3358 communicarunt.“
857 3304 921 3356 Post
953 3302 1024 3355 haec
1054 3304 1140 3355 verba
1166 3306 1222 3359 Ed.

59 3385 128 3429 tert.
149 3377 223 3430 haec
242 3377 330 3429 addit:
358 3405 392 3414 -
428 3377 493 3442 „At
512 3376 668 3428 subsidium
692 3376 779 3428 lontre
799 3374 1071 3428 desideratissimum
1111 3377 1223 3430 raebuit

58 3448 311 3512 „humanissimus
339 3456 369 3501 et
393 3446 603 3500 eruditissimus
628 3447 655 3499 J.
675 3447 708 3497 Α.
728 3420 891 3510 fabricium
916 3447 939 3497 is
967 3446 1046 3498 enim
1065 3394 1108 3499 sd)
1127 3466 1173 3500 mc
1192 3448 1222 3513 i)

57 3519 225 3584 „Codimrm
243 3518 327 3594 Regii
344 3519 552 3589 Pithoeanique
577 3517 746 3570 collationes
764 3517 853 3569 misit.
891 3517 930 3569 Et
954 3519 988 3570 ad
1011 3519 1133 3593 Regium
1158 3521 1224 3589 qui-

57 3590 152 3657 „dem
173 3592 300 3655 blsstum,
325 3591 453 3641 omnium
472 3591 523 3659 qui
542 3591 604 3642 noti
621 3598 687 3640 sunt
709 3588 944 3654 vetustissimum,
969 3589 1051 3640 velut
1074 3590 1108 3642 ad
1127 3591 1224 3661 Cyno-

57 3680 194 3728 „suram,
222 3662 373 3737 dirigenda
395 3661 547 3712 videbatur
571 3661 644 3712 haec
669 3659 765 3712 editio.
816 3660 891 3726 Quin
916 3661 1002 3711 etiam
1027 3676 1084 3711 non
1119 3680 1222 3732 patrous

56 3734 301 3799 „emendationes
318 3733 484 3796 memoravi,
504 3749 576 3801 quae
594 3732 838 3801 perspicacissimo
857 3732 961 3781 sinnini
976 3733 1100 3783 Bentleii
1119 3732 1223 3785 deben-

56 3815 138 3870 „tur
157 3804 291 3879 ingenim
318 3804 474 3874 pluresque
493 3819 692 3867 rneruoraram,
722 3804 745 3853 si
768 3803 818 3855 vir
835 3802 1050 3867 celeberrimus,
1074 3812 1107 3854 ut
1125 3806 1221 3858 facere

52 3884 235 3941 ,‚statuerot,
255 3874 285 3926 in
304 3875 605 3926 Animadversiouibus
622 3873 692 3926 huic
710 3875 786 3927 libro
809 3874 1013 3948 subiungeudis
1040 3876 1220 3943 ostendisset,

53 3948 186 4018 „quibus
215 3946 409 3999 fundamentis
436 3947 519 3998 nixae
548 3946 668 3997 riserint.
706 3946 778 3998 Cum
797 3954 894 3997 tamen
914 3963 945 3997 ua
970 3964 1031 4016 spes
1050 3946 1220 4014 demisisset,

53 4020 189 4082 „multas
218 4017 369 4083 lectiones,
396 4030 466 4087 quas
495 4019 547 4070 illc
571 4017 750 4087 recipiendas
779 4017 929 4080 iudicarat,
957 4035 973 4068 a
997 4018 1053 4069 tide
1080 4019 1221 4072 Codicum

52 4091 207 4160 „pendere
231 4089 454 4142 declaravimus:
486 4089 516 4141 id
540 4088 626 4159 qnod,
660 4097 693 4140 ut
712 4089 826 4158 opinor,
854 4088 993 4140 lectorem
1019 4089 1140 4153 iuvabit,
1164 4092 1220 4144 hoc

49 4163 156 4226 „enim
175 4161 259 4214 modo
278 4177 337 4212 non
361 4170 480 4225 temere,
505 4177 558 4213 neo
584 4160 645 4211 sine
669 4160 752 4234 gravi
777 4177 859 4211 causa
883 4161 1031 4234 vulgatam
1062 4160 1219 4216 lectionem

49 4234 168 4297 „deseri
188 4232 331 4285 videbit.“

182 4320 204 4372 t)
219 4318 414 4361 zetilonensis.
431 4316 531 4383 Grypbii
545 4320 596 4382 lili
611 4328 662 4358 rum
683 4317 764 4360 Codice
778 4318 847 4382 itepio
862 4318 959 4382 roattslit
979 4320 1017 4360 tait·
1037 4320 1119 4364 mesor
1139 4325 1168 4363 Α.
1191 4324 1218 4363 1).

102 4378 154 4421 1623
167 4378 191 4416 et
210 4386 263 4415 cnm
280 4374 343 4416 Meto
363 4374 483 4415 Francius
503 4373 591 4416 Pstboes
605 4373 634 4416 A.
651 4371 680 4413 D.
697 4377 754 4417 1597.
785 4374 880 4416 diablus
902 4372 1047 4421 Pstlsoromoe,
1070 4389 1108 4416 mc
1129 4377 1218 4430 incipit,

100 4429 156 4527 :aa
176 4429 232 4527 odio
244 4430 303 4486 post
317 4427 409 4470 initium
423 4427 463 4472 lib.
473 4427 506 4468 11.
522 4439 573 4482 cop.
589 4429 621 4470 19.
636 4427 735 4481 adeoque
748 4428 852 4471 diversus
866 4430 900 4471 eat
915 4426 944 4469 ab
958 4439 991 4478 eo,
1006 4441 1070 4482 quem
1085 4430 1219 4474 Gulielmius
