<?xml version="1.0" encoding="UTF-8"?>
<!DOCTYPE html PUBLIC "-//W3C//DTD XHTML 1.0 Transitional//EN"
    "http://www.w3.org/TR/xhtml1/DTD/xhtml1-transitional.dtd">
<html xmlns="http://www.w3.org/1999/xhtml" xml:lang="en" lang="en">
 <head>
  <title>
</title>
<meta http-equiv="Content-Type" content="text/html;charset=utf-8" />
  <meta name='ocr-system' content='tesseract 3.04.00' />
  <meta name='ocr-capabilities' content='ocr_page ocr_carea ocr_par ocr_line ocrx_word'/>
</head>
<body>
  <div class='ocr_page' id='page_1' title='image "./mtulliiciceroni01davigoog_0571.png"; bbox 0 0 2828 5070; ppageno 0'>
   <div class='ocr_carea' id='block_1_1' title="bbox 119 257 1107 379">
    <p class='ocr_par' dir='ltr' id='par_1_1' title="bbox 119 257 1107 379">
     <span class='ocr_line' id='line_1_1' title="bbox 119 257 1107 379; baseline -0.001 -1"><span class='ocrx_word' id='word_1_1' title='bbox 119 310 186 378; x_wconf 78' lang='lat' dir='ltr'>uo</span> <span class='ocrx_word' id='word_1_2' title='bbox 323 307 554 376; x_wconf 76' lang='lat' dir='ltr'>nicanorus</span> <span class='ocrx_word' id='word_1_3' title='bbox 574 308 822 377; x_wconf 77' lang='lat' dir='ltr'>mscunan.</span> <span class='ocrx_word' id='word_1_4' title='bbox 843 257 1107 379; x_wconf 76' lang='lat' dir='ltr'>orseorar.</span> 
     </span>
    </p>
   </div>
   <div class='ocr_carea' id='block_1_2' title="bbox 120 475 1263 895">
    <p class='ocr_par' dir='ltr' id='par_1_2' title="bbox 120 475 1263 895">
     <span class='ocr_line' id='line_1_2' title="bbox 120 475 1261 581; baseline 0.004 -44"><span class='ocrx_word' id='word_1_5' title='bbox 120 485 226 553; x_wconf 81' lang='lat' dir='ltr'>teres,</span> <span class='ocrx_word' id='word_1_6' title='bbox 246 483 306 538; x_wconf 88' lang='lat' dir='ltr'>ant</span> <span class='ocrx_word' id='word_1_7' title='bbox 325 475 452 559; x_wconf 85' lang='lat' dir='ltr'>perditi</span> <span class='ocrx_word' id='word_1_8' title='bbox 473 478 636 556; x_wconf 82' lang='lat' dir='ltr'>homines,</span> <span class='ocrx_word' id='word_1_9' title='bbox 669 487 730 540; x_wconf 90' lang='lat' dir='ltr'>ant</span> <span class='ocrx_word' id='word_1_10' title='bbox 744 478 900 579; x_wconf 58' lang='lat' dir='ltr'>parlari,</span> <span class='ocrx_word' id='word_1_11' title='bbox 930 498 1032 561; x_wconf 81' lang='lat' dir='ltr'>quaa</span> <span class='ocrx_word' id='word_1_12' title='bbox 1054 480 1177 581; x_wconf 58' lang='lat' dir='ltr'>plagae</span> <span class='ocrx_word' id='word_1_13' title='bbox 1193 480 1261 561; x_wconf 68' lang='lat' dir='ltr'>pel</span> 
     </span>
     <span class='ocr_line' id='line_1_3' title="bbox 121 560 1260 646; baseline 0.004 -25"><span class='ocrx_word' id='word_1_14' title='bbox 121 562 219 623; x_wconf 88' lang='lat' dir='ltr'>runt!</span> <span class='ocrx_word' id='word_1_15' title='bbox 253 579 321 639; x_wconf 81' lang='lat' dir='ltr'>quo</span> <span class='ocrx_word' id='word_1_16' title='bbox 341 560 441 623; x_wconf 89' lang='lat' dir='ltr'>modo</span> <span class='ocrx_word' id='word_1_17' title='bbox 462 564 523 638; x_wconf 88' lang='grc'><strong>1111,</strong></span> <span class='ocrx_word' id='word_1_18' title='bbox 555 566 614 644; x_wconf 81' lang='lat' dir='ltr'>qui</span> <span class='ocrx_word' id='word_1_19' title='bbox 637 563 721 624; x_wconf 87' lang='lat' dir='ltr'>bene</span> <span class='ocrx_word' id='word_1_20' title='bbox 742 564 893 623; x_wconf 80' lang='lat' dir='ltr'>instituti</span> <span class='ocrx_word' id='word_1_21' title='bbox 914 572 1021 635; x_wconf 83' lang='lat' dir='ltr'>runt,</span> <span class='ocrx_word' id='word_1_22' title='bbox 1055 565 1260 646; x_wconf 50' lang='lat' dir='ltr'>aocrporest</span> 
     </span>
     <span class='ocr_line' id='line_1_4' title="bbox 120 644 1261 811; baseline 0.006 -27"><span class='ocrx_word' id='word_1_23' title='bbox 120 661 205 784; x_wconf 47' lang='lat' dir='ltr'>gfff!</span> <span class='ocrx_word' id='word_1_24' title='bbox 224 644 1137 790; x_wconf 34' lang='lat' dir='ltr'>agap&amp;¹parmanturvffitegoffipestafippaaigmsazpp</span> <span class='ocrx_word' id='word_1_25' title='bbox 1161 652 1261 811; x_wconf 44' lang='grc' dir='ltr'>ἔξω</span> 
     </span>
     <span class='ocr_line' id='line_1_5' title="bbox 120 744 1263 895; baseline 0.006 -28"><span class='ocrx_word' id='word_1_26' title='bbox 120 744 266 870; x_wconf 78' lang='lat' dir='ltr'>¹illittnnt</span> <span class='ocrx_word' id='word_1_27' title='bbox 287 812 388 871; x_wconf 75' lang='lat' dir='ltr'>etiarn</span> <span class='ocrx_word' id='word_1_28' title='bbox 405 748 605 872; x_wconf 58' lang='lat' dir='ltr'>&#39;titillentur</span> <span class='ocrx_word' id='word_1_29' title='bbox 624 809 768 872; x_wconf 84' lang='lat' dir='ltr'>coniecti</span> <span class='ocrx_word' id='word_1_30' title='bbox 788 808 832 873; x_wconf 81' lang='lat' dir='ltr'>ad</span> <span class='ocrx_word' id='word_1_31' title='bbox 854 774 1038 883; x_wconf 59' lang='lat' dir='ltr'>dominos:</span> <span class='ocrx_word' id='word_1_32' title='bbox 1060 815 1126 894; x_wconf 85' lang='lat' dir='ltr'>qui</span> <span class='ocrx_word' id='word_1_33' title='bbox 1143 817 1263 895; x_wconf 63' lang='lat' dir='ltr'>quaeri</span> 
     </span>
    </p>
   </div>
   <div class='ocr_carea' id='block_1_3' title="bbox 120 933 1264 1063">
    <p class='ocr_par' dir='ltr' id='par_1_3' title="bbox 120 933 1264 1063">
     <span class='ocr_line' id='line_1_6' title="bbox 120 933 1264 1063; baseline 0.001 -32"><span class='ocrx_word' id='word_1_34' title='bbox 120 933 490 1042; x_wconf 34' lang='lat' dir='ltr'>staffili-fibr-</span> <span class='ocrx_word' id='word_1_35' title='bbox 511 938 554 1032; x_wconf 80' lang='lat' dir='ltr'>ad</span> <span class='ocrx_word' id='word_1_36' title='bbox 563 979 593 1031; x_wconf 79' lang='lat' dir='ltr'>h.</span> <span class='ocrx_word' id='word_1_37' title='bbox 613 980 634 1030; x_wconf 93' lang='grc'>1.</span> <span class='ocrx_word' id='word_1_38' title='bbox 653 979 738 1032; x_wconf 82' lang='lat' dir='ltr'>haee:</span> <span class='ocrx_word' id='word_1_39' title='bbox 758 979 864 1042; x_wconf 82' lang='lat' dir='ltr'>„llaec</span> <span class='ocrx_word' id='word_1_40' title='bbox 882 996 932 1032; x_wconf 90' lang='lat' dir='ltr'>me</span> <span class='ocrx_word' id='word_1_41' title='bbox 949 979 1002 1032; x_wconf 81' lang='lat' dir='ltr'>sic</span> <span class='ocrx_word' id='word_1_42' title='bbox 1024 981 1264 1063; x_wconf 64' lang='lat' dir='ltr'>interpretari-t·</span> 
     </span>
    </p>
   </div>
   <div class='ocr_carea' id='block_1_4' title="bbox 119 1049 1292 3398">
    <p class='ocr_par' dir='ltr' id='par_1_4' title="bbox 119 1049 1292 3398">
     <span class='ocr_line' id='line_1_7' title="bbox 119 1049 1264 1124; baseline 0.003 -22"><span class='ocrx_word' id='word_1_43' title='bbox 119 1052 213 1103; x_wconf 85' lang='lat' dir='ltr'>mini:</span> <span class='ocrx_word' id='word_1_44' title='bbox 241 1049 316 1115; x_wconf 84' lang='lat' dir='ltr'><strong>Quid</strong></span> <span class='ocrx_word' id='word_1_45' title='bbox 334 1066 388 1124; x_wconf 76' lang='lat' dir='ltr'>ego</span> <span class='ocrx_word' id='word_1_46' title='bbox 406 1049 528 1101; x_wconf 85' lang='lat' dir='ltr'>athletas</span> <span class='ocrx_word' id='word_1_47' title='bbox 556 1054 769 1103; x_wconf 78' lang='lat' dir='ltr'>commemoro?</span> <span class='ocrx_word' id='word_1_48' title='bbox 803 1050 911 1115; x_wconf 76' lang='lat' dir='ltr'>Quibus</span> <span class='ocrx_word' id='word_1_49' title='bbox 928 1049 1163 1122; x_wconf 77' lang='lat' dir='ltr'><strong>Olympiorum</strong></span> <span class='ocrx_word' id='word_1_50' title='bbox 1179 1052 1264 1105; x_wconf 71' lang='lat' dir='ltr'>victu</span> 
     </span>
     <span class='ocr_line' id='line_1_8' title="bbox 120 1110 1265 1242; baseline 0.002 -68"><span class='ocrx_word' id='word_1_51' title='bbox 120 1123 197 1174; x_wconf 90' lang='lat' dir='ltr'>tanti</span> <span class='ocrx_word' id='word_1_52' title='bbox 221 1129 272 1185; x_wconf 84' lang='lat' dir='ltr'>est,</span> <span class='ocrx_word' id='word_1_53' title='bbox 304 1121 404 1191; x_wconf 89' lang='lat' dir='ltr'>quanti</span> <span class='ocrx_word' id='word_1_54' title='bbox 430 1121 509 1173; x_wconf 84' lang='lat' dir='ltr'>nobis</span> <span class='ocrx_word' id='word_1_55' title='bbox 531 1123 665 1174; x_wconf 82' lang='lat' dir='ltr'>Romanis</span> <span class='ocrx_word' id='word_1_56' title='bbox 690 1122 745 1173; x_wconf 80' lang='lat' dir='ltr'>tuit</span> <span class='ocrx_word' id='word_1_57' title='bbox 773 1110 921 1242; x_wconf 58' lang='lat' dir='ltr'>antiTffit&#39;</span> <span class='ocrx_word' id='word_1_58' title='bbox 936 1120 998 1173; x_wconf 82' lang='lat' dir='ltr'>ille</span> <span class='ocrx_word' id='word_1_59' title='bbox 1029 1123 1213 1187; x_wconf 77' lang='lat' dir='ltr'>consulatus,</span> <span class='ocrx_word' id='word_1_60' title='bbox 1238 1140 1265 1190; x_wconf 66' lang='grc' dir='ltr'><strong><em>ῃ</em></strong></span> 
     </span>
     <span class='ocr_line' id='line_1_9' title="bbox 120 1190 1266 1316; baseline 0.003 -72"><span class='ocrx_word' id='word_1_61' title='bbox 120 1192 217 1316; x_wconf 46' lang='lat' dir='ltr'>ffb</span> <span class='ocrx_word' id='word_1_62' title='bbox 235 1193 412 1263; x_wconf 85' lang='lat' dir='ltr'>amplissimo</span> <span class='ocrx_word' id='word_1_63' title='bbox 435 1193 488 1244; x_wconf 89' lang='lat' dir='ltr'>illo</span> <span class='ocrx_word' id='word_1_64' title='bbox 505 1192 615 1245; x_wconf 79' lang='lat' dir='ltr'>honore</span> <span class='ocrx_word' id='word_1_65' title='bbox 642 1202 754 1244; x_wconf 86' lang='lat' dir='ltr'>tantum</span> <span class='ocrx_word' id='word_1_66' title='bbox 771 1191 837 1243; x_wconf 86' lang='lat' dir='ltr'>&#39;man</span> <span class='ocrx_word' id='word_1_67' title='bbox 857 1190 976 1242; x_wconf 73' lang='lat' dir='ltr'>abattff:</span> <span class='ocrx_word' id='word_1_68' title='bbox 1007 1201 1046 1245; x_wconf 89' lang='lat' dir='ltr'>ut</span> <span class='ocrx_word' id='word_1_69' title='bbox 1077 1195 1266 1264; x_wconf 62' lang='lat' dir='ltr'>antiquae*</span> 
     </span>
     <span class='ocr_line' id='line_1_10' title="bbox 167 1262 1268 1336; baseline 0.003 -20"><span class='ocrx_word' id='word_1_70' title='bbox 167 1273 230 1316; x_wconf 85' lang='lat' dir='ltr'>atus</span> <span class='ocrx_word' id='word_1_71' title='bbox 248 1273 411 1334; x_wconf 87' lang='lat' dir='ltr'>opponatur</span> <span class='ocrx_word' id='word_1_72' title='bbox 428 1280 511 1328; x_wconf 81' lang='lat' dir='ltr'>novo,</span> <span class='ocrx_word' id='word_1_73' title='bbox 531 1265 581 1333; x_wconf 86' lang='lat' dir='ltr'>qui</span> <span class='ocrx_word' id='word_1_74' title='bbox 600 1273 662 1315; x_wconf 90' lang='lat' dir='ltr'>tum</span> <span class='ocrx_word' id='word_1_75' title='bbox 681 1282 697 1316; x_wconf 88' lang='lat' dir='ltr'>a</span> <span class='ocrx_word' id='word_1_76' title='bbox 714 1262 795 1315; x_wconf 87' lang='lat' dir='ltr'>Julio</span> <span class='ocrx_word' id='word_1_77' title='bbox 814 1263 933 1316; x_wconf 79' lang='lat' dir='ltr'>Caesare</span> <span class='ocrx_word' id='word_1_78' title='bbox 961 1264 1084 1316; x_wconf 78' lang='lat' dir='ltr'>amicis</span> <span class='ocrx_word' id='word_1_79' title='bbox 1103 1266 1197 1336; x_wconf 82' lang='lat' dir='ltr'>ipsius</span> <span class='ocrx_word' id='word_1_80' title='bbox 1211 1265 1268 1319; x_wconf 77' lang='lat' dir='ltr'>eti·</span> 
     </span>
     <span class='ocr_line' id='line_1_11' title="bbox 121 1332 1268 1433; baseline 0.001 -47"><span class='ocrx_word' id='word_1_81' title='bbox 121 1335 251 1410; x_wconf 77' lang='lat' dir='ltr'>indignis</span> <span class='ocrx_word' id='word_1_82' title='bbox 278 1344 364 1405; x_wconf 84' lang='lat' dir='ltr'>atque</span> <span class='ocrx_word' id='word_1_83' title='bbox 389 1335 457 1386; x_wconf 82' lang='lat' dir='ltr'>adeo</span> <span class='ocrx_word' id='word_1_84' title='bbox 478 1335 507 1385; x_wconf 90' lang='lat' dir='ltr'>in</span> <span class='ocrx_word' id='word_1_85' title='bbox 526 1353 616 1386; x_wconf 88' lang='lat' dir='ltr'>unum</span> <span class='ocrx_word' id='word_1_86' title='bbox 634 1335 721 1391; x_wconf 84' lang='lat' dir='ltr'>diem,</span> <span class='ocrx_word' id='word_1_87' title='bbox 744 1342 787 1433; x_wconf 60' lang='grc' dir='ltr'>111ί</span> <span class='ocrx_word' id='word_1_88' title='bbox 795 1332 917 1386; x_wconf 87' lang='lat' dir='ltr'>Caninio</span> <span class='ocrx_word' id='word_1_89' title='bbox 943 1333 1074 1399; x_wconf 79' lang='lat' dir='ltr'>Rebilo,</span> <span class='ocrx_word' id='word_1_90' title='bbox 1105 1353 1176 1390; x_wconf 86' lang='lat' dir='ltr'>eum</span> <span class='ocrx_word' id='word_1_91' title='bbox 1198 1348 1268 1411; x_wconf 68' lang='lat' dir='ltr'>mg!</span> 
     </span>
     <span class='ocr_line' id='line_1_12' title="bbox 122 1404 1271 1544; baseline 0 -15"><span class='ocrx_word' id='word_1_92' title='bbox 122 1404 930 1544; x_wconf 47' lang='lat' dir='ltr'>⁰⁰&#39;¹‘titttt?235⁰3‘2rtttzttttta1⁵¹63„</span> <span class='ocrx_word' id='word_1_93' title='bbox 949 1477 1006 1529; x_wconf 59' lang='lat'>01.</span> <span class='ocrx_word' id='word_1_94' title='bbox 1032 1478 1271 1535; x_wconf 58' lang='lat' dir='ltr'>ciram..</span> 
     </span>
     <span class='ocr_line' id='line_1_13' title="bbox 121 1546 1270 1615; baseline 0.003 -16"><span class='ocrx_word' id='word_1_95' title='bbox 121 1553 205 1610; x_wconf 66' lang='lat' dir='ltr'>tem</span> <span class='ocrx_word' id='word_1_96' title='bbox 224 1547 299 1597; x_wconf 89' lang='lat' dir='ltr'>idem</span> <span class='ocrx_word' id='word_1_97' title='bbox 319 1564 384 1599; x_wconf 83' lang='lat' dir='ltr'>mox</span> <span class='ocrx_word' id='word_1_98' title='bbox 401 1547 593 1615; x_wconf 60' lang='lat' dir='ltr'>perferentur.</span> <span class='ocrx_word' id='word_1_99' title='bbox 631 1548 672 1601; x_wconf 88' lang='lat' dir='ltr'>De</span> <span class='ocrx_word' id='word_1_100' title='bbox 692 1546 903 1600; x_wconf 74' lang='lat' dir='ltr'>Gladiatoribus</span> <span class='ocrx_word' id='word_1_101' title='bbox 929 1547 993 1598; x_wconf 84' lang='lat' dir='ltr'>vid.</span> <span class='ocrx_word' id='word_1_102' title='bbox 1018 1550 1115 1604; x_wconf 86' lang='lat' dir='ltr'>Hier.</span> <span class='ocrx_word' id='word_1_103' title='bbox 1138 1548 1270 1606; x_wconf 60' lang='lat' dir='ltr'>Mercu-i</span> 
     </span>
     <span class='ocr_line' id='line_1_14' title="bbox 121 1617 1271 1688; baseline 0.005 -19"><span class='ocrx_word' id='word_1_104' title='bbox 121 1617 157 1669; x_wconf 91' lang='lat' dir='ltr'>de</span> <span class='ocrx_word' id='word_1_105' title='bbox 175 1618 246 1669; x_wconf 82' lang='lat' dir='ltr'>Arte</span> <span class='ocrx_word' id='word_1_106' title='bbox 265 1617 371 1686; x_wconf 81' lang='lat' dir='ltr'>Gymn.</span> <span class='ocrx_word' id='word_1_107' title='bbox 391 1636 420 1688; x_wconf 89' lang='lat' dir='ltr'>p.</span> <span class='ocrx_word' id='word_1_108' title='bbox 444 1621 493 1673; x_wconf 79' lang='lat'>193</span> <span class='ocrx_word' id='word_1_109' title='bbox 505 1623 604 1675; x_wconf 80' lang='lat'>-195.</span> <span class='ocrx_word' id='word_1_110' title='bbox 625 1620 655 1670; x_wconf 93' lang='lat' dir='ltr'>in</span> <span class='ocrx_word' id='word_1_111' title='bbox 673 1618 776 1688; x_wconf 80' lang='lat' dir='ltr'>primis</span> <span class='ocrx_word' id='word_1_112' title='bbox 793 1625 889 1669; x_wconf 86' lang='lat' dir='ltr'>autem</span> <span class='ocrx_word' id='word_1_113' title='bbox 913 1617 1103 1674; x_wconf 79' lang='lat' dir='ltr'>lloffinanni</span> <span class='ocrx_word' id='word_1_114' title='bbox 1124 1624 1196 1677; x_wconf 79' lang='lat' dir='ltr'>Lex.</span> <span class='ocrx_word' id='word_1_115' title='bbox 1211 1620 1271 1675; x_wconf 65' lang='lat' dir='ltr'>Urit.</span> 
     </span>
     <span class='ocr_line' id='line_1_15' title="bbox 120 1687 1273 1760; baseline 0.008 -19"><span class='ocrx_word' id='word_1_116' title='bbox 120 1705 144 1741; x_wconf 81' lang='lat' dir='ltr'>e.</span> <span class='ocrx_word' id='word_1_117' title='bbox 162 1707 191 1740; x_wconf 79' lang='lat' dir='ltr'>v.</span> <span class='ocrx_word' id='word_1_118' title='bbox 212 1687 392 1741; x_wconf 77' lang='lat' dir='ltr'>Gladiatorii</span> <span class='ocrx_word' id='word_1_119' title='bbox 410 1687 494 1742; x_wconf 77' lang='lat' dir='ltr'>Ludi.</span> <span class='ocrx_word' id='word_1_120' title='bbox 514 1691 548 1741; x_wconf 85' lang='grc' dir='ltr'>Τ.</span> <span class='ocrx_word' id='word_1_121' title='bbox 568 1691 605 1743; x_wconf 91' lang='grc'>11.</span> <span class='ocrx_word' id='word_1_122' title='bbox 625 1707 653 1760; x_wconf 92' lang='lat' dir='ltr'>p.</span> <span class='ocrx_word' id='word_1_123' title='bbox 674 1692 728 1745; x_wconf 78' lang='grc'>396</span> <span class='ocrx_word' id='word_1_124' title='bbox 745 1706 786 1757; x_wconf 83' lang='lat' dir='ltr'>sq.</span> <span class='ocrx_word' id='word_1_125' title='bbox 812 1719 845 1728; x_wconf 97' lang='lat'>—</span> <span class='ocrx_word' id='word_1_126' title='bbox 873 1690 939 1740; x_wconf 81' lang='lat' dir='ltr'>Mox</span> <span class='ocrx_word' id='word_1_127' title='bbox 963 1689 1042 1742; x_wconf 85' lang='lat' dir='ltr'>Cod.</span> <span class='ocrx_word' id='word_1_128' title='bbox 1077 1694 1172 1747; x_wconf 79' lang='lat' dir='ltr'>Vind.</span> <span class='ocrx_word' id='word_1_129' title='bbox 1193 1698 1215 1750; x_wconf 86' lang='lat' dir='ltr'>l·</span> <span class='ocrx_word' id='word_1_130' title='bbox 1232 1691 1273 1759; x_wconf 60' lang='lat' dir='ltr'>tl·</span> 
     </span>
     <span class='ocr_line' id='line_1_16' title="bbox 119 1758 1273 1834; baseline -0.001 -21"><span class='ocrx_word' id='word_1_131' title='bbox 119 1776 190 1829; x_wconf 74' lang='lat' dir='ltr'>gom</span> <span class='ocrx_word' id='word_1_132' title='bbox 206 1761 313 1813; x_wconf 78' lang='lat' dir='ltr'>malunt</span> <span class='ocrx_word' id='word_1_133' title='bbox 331 1761 467 1829; x_wconf 78' lang='lat' dir='ltr'>occipere.</span> <span class='ocrx_word' id='word_1_134' title='bbox 487 1760 577 1814; x_wconf 81' lang='lat' dir='ltr'>Rehd.</span> <span class='ocrx_word' id='word_1_135' title='bbox 597 1760 725 1828; x_wconf 83' lang='lat' dir='ltr'>accipere</span> <span class='ocrx_word' id='word_1_136' title='bbox 749 1759 855 1812; x_wconf 71' lang='lat' dir='ltr'>malunt</span> <span class='ocrx_word' id='word_1_137' title='bbox 876 1758 1012 1826; x_wconf 78' lang='lat' dir='ltr'>pIagoa.</span> <span class='ocrx_word' id='word_1_138' title='bbox 1045 1763 1133 1817; x_wconf 83' lang='lat' dir='ltr'>Gud.</span> <span class='ocrx_word' id='word_1_139' title='bbox 1157 1771 1181 1821; x_wconf 76' lang='lat' dir='ltr'>l.</span> <span class='ocrx_word' id='word_1_140' title='bbox 1203 1765 1273 1834; x_wconf 68' lang='lat' dir='ltr'>,tuga</span> 
     </span>
     <span class='ocr_line' id='line_1_17' title="bbox 120 1831 1274 1903; baseline 0.003 -19"><span class='ocrx_word' id='word_1_141' title='bbox 120 1834 238 1885; x_wconf 79' lang='lat' dir='ltr'>molunt.</span> <span class='ocrx_word' id='word_1_142' title='bbox 259 1832 332 1884; x_wconf 86' lang='lat' dir='ltr'>Gud.</span> <span class='ocrx_word' id='word_1_143' title='bbox 353 1835 379 1887; x_wconf 79' lang='lat'>2.</span> <span class='ocrx_word' id='word_1_144' title='bbox 397 1831 514 1900; x_wconf 77' lang='lat' dir='ltr'>plagam</span> <span class='ocrx_word' id='word_1_145' title='bbox 532 1832 545 1883; x_wconf 82' lang='grc'>1</span> <span class='ocrx_word' id='word_1_146' title='bbox 551 1848 567 1881; x_wconf 78' lang='grc' dir='ltr'>ιι</span> <span class='ocrx_word' id='word_1_147' title='bbox 586 1833 703 1884; x_wconf 81' lang='lat' dir='ltr'>altum</span> <span class='ocrx_word' id='word_1_148' title='bbox 722 1846 814 1899; x_wconf 77' lang='lat' dir='ltr'>quem.</span> <span class='ocrx_word' id='word_1_149' title='bbox 851 1831 902 1885; x_wconf 79' lang='lat' dir='ltr'>Est</span> <span class='ocrx_word' id='word_1_150' title='bbox 921 1831 1017 1883; x_wconf 88' lang='lat' dir='ltr'>etiam</span> <span class='ocrx_word' id='word_1_151' title='bbox 1036 1835 1161 1903; x_wconf 73' lang='lat' dir='ltr'>plegae</span> <span class='ocrx_word' id='word_1_152' title='bbox 1186 1838 1216 1889; x_wconf 89' lang='lat' dir='ltr'>in</span> <span class='ocrx_word' id='word_1_153' title='bbox 1229 1835 1274 1886; x_wconf 71' lang='lat' dir='ltr'>dat</span> 
     </span>
     <span class='ocr_line' id='line_1_18' title="bbox 120 1900 1275 1972; baseline 0.003 -17"><span class='ocrx_word' id='word_1_154' title='bbox 120 1903 172 1955; x_wconf 82' lang='lat' dir='ltr'>bns</span> <span class='ocrx_word' id='word_1_155' title='bbox 191 1904 260 1956; x_wconf 84' lang='lat' dir='ltr'>Oxx.</span> <span class='ocrx_word' id='word_1_156' title='bbox 297 1904 372 1954; x_wconf 81' lang='lat' dir='ltr'>Tum</span> <span class='ocrx_word' id='word_1_157' title='bbox 397 1905 471 1955; x_wconf 80' lang='lat' dir='ltr'>Mon.</span> <span class='ocrx_word' id='word_1_158' title='bbox 495 1908 516 1958; x_wconf 84' lang='lat' dir='ltr'>l.</span> <span class='ocrx_word' id='word_1_159' title='bbox 537 1904 647 1954; x_wconf 89' lang='lat' dir='ltr'>omittit</span> <span class='ocrx_word' id='word_1_160' title='bbox 672 1900 761 1965; x_wconf 71' lang='lat' dir='ltr'>ail2&#39;13</span> <span class='ocrx_word' id='word_1_161' title='bbox 785 1920 859 1953; x_wconf 86' lang='lat' dir='ltr'>nnus</span> <span class='ocrx_word' id='word_1_162' title='bbox 887 1901 938 1953; x_wconf 78' lang='lat' dir='ltr'>ox.</span> <span class='ocrx_word' id='word_1_163' title='bbox 959 1919 1017 1972; x_wconf 88' lang='lat' dir='ltr'>pro</span> <span class='ocrx_word' id='word_1_164' title='bbox 1046 1906 1136 1960; x_wconf 65' lang='lat' dir='ltr'>nteit</span> <span class='ocrx_word' id='word_1_165' title='bbox 1153 1924 1202 1962; x_wconf 78' lang='lat' dir='ltr'>eoa</span> <span class='ocrx_word' id='word_1_166' title='bbox 1216 1904 1275 1958; x_wconf 74' lang='lat' dir='ltr'>hate</span> 
     </span>
     <span class='ocr_line' id='line_1_19' title="bbox 120 1972 1275 2044; baseline 0.002 -17"><span class='ocrx_word' id='word_1_167' title='bbox 120 1991 171 2027; x_wconf 83' lang='lat' dir='ltr'>eoa</span> <span class='ocrx_word' id='word_1_168' title='bbox 187 1974 253 2026; x_wconf 77' lang='lat' dir='ltr'>aiei.</span> <span class='ocrx_word' id='word_1_169' title='bbox 281 1974 368 2024; x_wconf 72' lang='grc'><strong>11111).</strong></span> <span class='ocrx_word' id='word_1_170' title='bbox 387 1974 472 2025; x_wconf 87' lang='lat' dir='ltr'>habet</span> <span class='ocrx_word' id='word_1_171' title='bbox 492 1990 539 2025; x_wconf 79' lang='lat' dir='ltr'>eor</span> <span class='ocrx_word' id='word_1_172' title='bbox 556 1973 647 2026; x_wconf 81' lang='lat' dir='ltr'>aelle</span> <span class='ocrx_word' id='word_1_173' title='bbox 665 1989 747 2043; x_wconf 74' lang='lat' dir='ltr'>qoam</span> <span class='ocrx_word' id='word_1_174' title='bbox 764 1972 810 2025; x_wconf 80' lang='lat' dir='ltr'>cel</span> <span class='ocrx_word' id='word_1_175' title='bbox 824 1973 951 2041; x_wconf 73' lang='lat' dir='ltr'>populo</span> <span class='ocrx_word' id='word_1_176' title='bbox 971 1973 1165 2043; x_wconf 69' lang='lat' dir='ltr'>satisfacere</span> <span class='ocrx_word' id='word_1_177' title='bbox 1178 1979 1221 2032; x_wconf 76' lang='lat' dir='ltr'>ael</span> <span class='ocrx_word' id='word_1_178' title='bbox 1233 1992 1275 2044; x_wconf 67' lang='lat' dir='ltr'>ap</span> 
     </span>
     <span class='ocr_line' id='line_1_20' title="bbox 122 2043 1277 2118; baseline 0.01 -23"><span class='ocrx_word' id='word_1_179' title='bbox 122 2045 179 2108; x_wconf 90' lang='lat' dir='ltr'>(rei</span> <span class='ocrx_word' id='word_1_180' title='bbox 202 2043 354 2114; x_wconf 86' lang='lat' dir='ltr'>publicae).</span> <span class='ocrx_word' id='word_1_181' title='bbox 379 2044 475 2095; x_wconf 87' lang='lat' dir='ltr'>Duisb.</span> <span class='ocrx_word' id='word_1_182' title='bbox 500 2044 586 2096; x_wconf 85' lang='lat' dir='ltr'>habet</span> <span class='ocrx_word' id='word_1_183' title='bbox 612 2060 693 2114; x_wconf 75' lang='lat' dir='ltr'>quom</span> <span class='ocrx_word' id='word_1_184' title='bbox 715 2043 826 2096; x_wconf 75' lang='lat' dir='ltr'>domino</span> <span class='ocrx_word' id='word_1_185' title='bbox 846 2044 1013 2112; x_wconf 78' lang='lat' dir='ltr'>placere.</span> <span class='ocrx_word' id='word_1_186' title='bbox 1047 2050 1147 2103; x_wconf 75' lang='lat' dir='ltr'>Vino.</span> <span class='ocrx_word' id='word_1_187' title='bbox 1171 2056 1195 2107; x_wconf 90' lang='lat'>1.</span> <span class='ocrx_word' id='word_1_188' title='bbox 1220 2062 1277 2118; x_wconf 63' lang='grc' dir='ltr'>μ</span> 
     </span>
     <span class='ocr_line' id='line_1_21' title="bbox 120 2113 762 2183; baseline 0.002 -18"><span class='ocrx_word' id='word_1_189' title='bbox 120 2116 167 2167; x_wconf 77' lang='lat' dir='ltr'>oei</span> <span class='ocrx_word' id='word_1_190' title='bbox 183 2113 293 2166; x_wconf 78' lang='lat' dir='ltr'>domino</span> <span class='ocrx_word' id='word_1_191' title='bbox 312 2114 356 2165; x_wconf 81' lang='lat' dir='ltr'>rel</span> <span class='ocrx_word' id='word_1_192' title='bbox 370 2114 471 2183; x_wconf 78' lang='lat' dir='ltr'>populo</span> <span class='ocrx_word' id='word_1_193' title='bbox 489 2115 664 2179; x_wconf 74' lang='lat' dir='ltr'>rotiasacere.</span> <span class='ocrx_word' id='word_1_194' title='bbox 702 2115 762 2167; x_wconf 85' lang='lat' dir='ltr'>Mr.</span> 
     </span>
     <span class='ocr_line' id='line_1_22' title="bbox 192 2184 1279 2267; baseline 0.003 -28"><span class='ocrx_word' id='word_1_195' title='bbox 192 2184 237 2239; x_wconf 81' lang='lat' dir='ltr'>ael</span> <span class='ocrx_word' id='word_1_196' title='bbox 260 2185 372 2237; x_wconf 77' lang='lat' dir='ltr'>domino</span> <span class='ocrx_word' id='word_1_197' title='bbox 399 2186 567 2252; x_wconf 69' lang='lat' dir='ltr'>satisfacere</span> <span class='ocrx_word' id='word_1_198' title='bbox 593 2188 638 2239; x_wconf 84' lang='lat' dir='ltr'>rel</span> <span class='ocrx_word' id='word_1_199' title='bbox 658 2185 778 2255; x_wconf 78' lang='lat' dir='ltr'>populo]</span> <span class='ocrx_word' id='word_1_200' title='bbox 823 2187 1056 2250; x_wconf 72' lang='lat' dir='ltr'>„Mummium</span> <span class='ocrx_word' id='word_1_201' title='bbox 1084 2186 1279 2267; x_wconf 63' lang='lat' dir='ltr'>significatil</span> 
     </span>
     <span class='ocr_line' id='line_1_23' title="bbox 123 2256 1280 2334; baseline 0.006 -24"><span class='ocrx_word' id='word_1_202' title='bbox 123 2265 176 2320; x_wconf 84' lang='lat' dir='ltr'>est,</span> <span class='ocrx_word' id='word_1_203' title='bbox 196 2257 336 2310; x_wconf 77' lang='lat' dir='ltr'>editorem</span> <span class='ocrx_word' id='word_1_204' title='bbox 355 2259 483 2310; x_wconf 83' lang='lat' dir='ltr'>muneris</span> <span class='ocrx_word' id='word_1_205' title='bbox 501 2259 677 2334; x_wconf 79' lang='lat' dir='ltr'>gladiatorii,</span> <span class='ocrx_word' id='word_1_206' title='bbox 708 2259 760 2327; x_wconf 91' lang='lat' dir='ltr'>qui</span> <span class='ocrx_word' id='word_1_207' title='bbox 778 2257 904 2309; x_wconf 76' lang='lat' dir='ltr'>familias</span> <span class='ocrx_word' id='word_1_208' title='bbox 921 2256 1139 2331; x_wconf 78' lang='lat' dir='ltr'>gladiatorum</span> <span class='ocrx_word' id='word_1_209' title='bbox 1159 2283 1178 2316; x_wconf 88' lang='lat' dir='ltr'>a</span> <span class='ocrx_word' id='word_1_210' title='bbox 1194 2261 1280 2316; x_wconf 65' lang='lat' dir='ltr'>baffi</span> 
     </span>
     <span class='ocr_line' id='line_1_24' title="bbox 123 2326 1281 2399; baseline 0.006 -18"><span class='ocrx_word' id='word_1_211' title='bbox 123 2328 519 2398; x_wconf 79' lang='lat' dir='ltr'>comparabat.“Beroa1dur.</span> <span class='ocrx_word' id='word_1_212' title='bbox 559 2331 593 2382; x_wconf 87' lang='lat' dir='ltr'>ln</span> <span class='ocrx_word' id='word_1_213' title='bbox 612 2347 690 2399; x_wconf 80' lang='lat' dir='ltr'>seqq.</span> <span class='ocrx_word' id='word_1_214' title='bbox 710 2328 800 2381; x_wconf 86' lang='lat' dir='ltr'>Bouh.</span> <span class='ocrx_word' id='word_1_215' title='bbox 820 2345 856 2379; x_wconf 88' lang='lat' dir='ltr'>ex</span> <span class='ocrx_word' id='word_1_216' title='bbox 874 2346 922 2380; x_wconf 83' lang='lat' dir='ltr'>aua</span> <span class='ocrx_word' id='word_1_217' title='bbox 940 2326 998 2379; x_wconf 76' lang='lat' dir='ltr'>Ed.</span> <span class='ocrx_word' id='word_1_218' title='bbox 1019 2340 1088 2383; x_wconf 83' lang='lat' dir='ltr'>vet.</span> <span class='ocrx_word' id='word_1_219' title='bbox 1121 2334 1204 2387; x_wconf 82' lang='lat' dir='ltr'>hane</span> <span class='ocrx_word' id='word_1_220' title='bbox 1219 2331 1281 2387; x_wconf 63' lang='lat' dir='ltr'>affl</span> 
     </span>
     <span class='ocr_line' id='line_1_25' title="bbox 121 2398 1283 2466; baseline 0.003 -14"><span class='ocrx_word' id='word_1_221' title='bbox 121 2400 293 2452; x_wconf 87' lang='lat' dir='ltr'>lectionem:</span> <span class='ocrx_word' id='word_1_222' title='bbox 313 2399 356 2451; x_wconf 83' lang='lat' dir='ltr'>Ac</span> <span class='ocrx_word' id='word_1_223' title='bbox 374 2407 438 2454; x_wconf 79' lang='lat' dir='ltr'>tuac</span> <span class='ocrx_word' id='word_1_224' title='bbox 456 2402 540 2453; x_wconf 84' lang='lat' dir='ltr'>etiam</span> <span class='ocrx_word' id='word_1_225' title='bbox 559 2400 718 2454; x_wconf 73' lang='lat' dir='ltr'>volneribus</span> <span class='ocrx_word' id='word_1_226' title='bbox 736 2399 857 2466; x_wconf 74' lang='lat' dir='ltr'>consecti</span> <span class='ocrx_word' id='word_1_227' title='bbox 875 2398 913 2450; x_wconf 85' lang='lat' dir='ltr'>od</span> <span class='ocrx_word' id='word_1_228' title='bbox 930 2398 1068 2453; x_wconf 76' lang='lat' dir='ltr'>dominor</span> <span class='ocrx_word' id='word_1_229' title='bbox 1089 2405 1228 2459; x_wconf 71' lang='lat' dir='ltr'>mittunt:</span> <span class='ocrx_word' id='word_1_230' title='bbox 1250 2420 1283 2456; x_wconf 73' lang='lat' dir='ltr'>o·</span> 
     </span>
     <span class='ocr_line' id='line_1_26' title="bbox 123 2468 1283 2546; baseline 0.004 -24"><span class='ocrx_word' id='word_1_231' title='bbox 123 2471 169 2522; x_wconf 89' lang='lat' dir='ltr'>ius</span> <span class='ocrx_word' id='word_1_232' title='bbox 186 2470 321 2523; x_wconf 82' lang='lat' dir='ltr'>lectionis</span> <span class='ocrx_word' id='word_1_233' title='bbox 340 2471 453 2522; x_wconf 90' lang='lat' dir='ltr'>nullum</span> <span class='ocrx_word' id='word_1_234' title='bbox 472 2473 541 2522; x_wconf 86' lang='lat' dir='ltr'>alibi</span> <span class='ocrx_word' id='word_1_235' title='bbox 560 2482 602 2525; x_wconf 82' lang='lat' dir='ltr'>est</span> <span class='ocrx_word' id='word_1_236' title='bbox 619 2472 785 2546; x_wconf 83' lang='lat' dir='ltr'>vestigium.</span> <span class='ocrx_word' id='word_1_237' title='bbox 819 2472 874 2522; x_wconf 87' lang='lat' dir='ltr'>Pro</span> <span class='ocrx_word' id='word_1_238' title='bbox 892 2468 1061 2524; x_wconf 67' lang='lat' dir='ltr'>vulneribus</span> <span class='ocrx_word' id='word_1_239' title='bbox 1083 2477 1283 2541; x_wconf 68' lang='lat' dir='ltr'>confectione·</span> 
     </span>
     <span class='ocr_line' id='line_1_27' title="bbox 123 2539 1284 2612; baseline 0.001 -17"><span class='ocrx_word' id='word_1_240' title='bbox 123 2543 174 2595; x_wconf 84' lang='lat' dir='ltr'>Ox.</span> <span class='ocrx_word' id='word_1_241' title='bbox 202 2542 247 2594; x_wconf 86' lang='lat' dir='ltr'>cel</span> <span class='ocrx_word' id='word_1_242' title='bbox 273 2541 385 2593; x_wconf 78' lang='lat' dir='ltr'>teribus</span> <span class='ocrx_word' id='word_1_243' title='bbox 410 2543 538 2606; x_wconf 72' lang='lat' dir='ltr'>conficti:</span> <span class='ocrx_word' id='word_1_244' title='bbox 570 2560 623 2596; x_wconf 88' lang='lat' dir='ltr'>cur</span> <span class='ocrx_word' id='word_1_245' title='bbox 650 2559 706 2594; x_wconf 88' lang='lat' dir='ltr'>non</span> <span class='ocrx_word' id='word_1_246' title='bbox 726 2543 814 2594; x_wconf 86' lang='lat' dir='ltr'>etiam</span> <span class='ocrx_word' id='word_1_247' title='bbox 832 2540 877 2593; x_wconf 81' lang='lat' dir='ltr'>vel</span> <span class='ocrx_word' id='word_1_248' title='bbox 902 2539 1027 2593; x_wconf 70' lang='lat' dir='ltr'>verubus</span> <span class='ocrx_word' id='word_1_249' title='bbox 1046 2549 1193 2612; x_wconf 71' lang='lat' dir='ltr'>confixit</span> <span class='ocrx_word' id='word_1_250' title='bbox 1228 2543 1284 2601; x_wconf 82' lang='lat' dir='ltr'>Gal</span> 
     </span>
     <span class='ocr_line' id='line_1_28' title="bbox 121 2610 1287 2694; baseline 0.007 -31"><span class='ocrx_word' id='word_1_251' title='bbox 121 2610 283 2664; x_wconf 78' lang='lat' dir='ltr'>mittuntur.</span> <span class='ocrx_word' id='word_1_252' title='bbox 302 2612 384 2662; x_wconf 85' lang='lat' dir='ltr'>Vind.</span> <span class='ocrx_word' id='word_1_253' title='bbox 407 2617 431 2666; x_wconf 90' lang='lat' dir='ltr'>l.</span> <span class='ocrx_word' id='word_1_254' title='bbox 451 2611 562 2676; x_wconf 71' lang='lat' dir='ltr'>amicti.</span> <span class='ocrx_word' id='word_1_255' title='bbox 582 2617 656 2689; x_wconf 81' lang='lat' dir='ltr'>Aug.</span> <span class='ocrx_word' id='word_1_256' title='bbox 677 2612 780 2678; x_wconf 70' lang='lat' dir='ltr'>offecti.</span> <span class='ocrx_word' id='word_1_257' title='bbox 799 2612 883 2664; x_wconf 85' lang='lat' dir='ltr'>Verb.</span> <span class='ocrx_word' id='word_1_258' title='bbox 903 2612 996 2663; x_wconf 80' lang='lat' dir='ltr'>refert</span> <span class='ocrx_word' id='word_1_259' title='bbox 1016 2612 1189 2671; x_wconf 65' lang='lat' dir='ltr'>Das-isium</span> <span class='ocrx_word' id='word_1_260' title='bbox 1205 2619 1287 2694; x_wconf 64' lang='lat' dir='ltr'>legen</span> 
     </span>
     <span class='ocr_line' id='line_1_29' title="bbox 122 2681 1288 2761; baseline 0.004 -27"><span class='ocrx_word' id='word_1_261' title='bbox 122 2682 240 2749; x_wconf 74' lang='lat' dir='ltr'>desecti:</span> <span class='ocrx_word' id='word_1_262' title='bbox 267 2682 343 2752; x_wconf 84' lang='lat' dir='ltr'>quod</span> <span class='ocrx_word' id='word_1_263' title='bbox 361 2681 385 2731; x_wconf 88' lang='lat' dir='ltr'>si</span> <span class='ocrx_word' id='word_1_264' title='bbox 402 2700 504 2735; x_wconf 85' lang='lat' dir='ltr'>verum</span> <span class='ocrx_word' id='word_1_265' title='bbox 523 2692 575 2748; x_wconf 85' lang='lat' dir='ltr'>est,</span> <span class='ocrx_word' id='word_1_266' title='bbox 600 2685 632 2735; x_wconf 92' lang='lat' dir='ltr'>in</span> <span class='ocrx_word' id='word_1_267' title='bbox 650 2685 702 2736; x_wconf 84' lang='lat' dir='ltr'>Ed.</span> <span class='ocrx_word' id='word_1_268' title='bbox 722 2685 818 2755; x_wconf 89' lang='lat' dir='ltr'>prima</span> <span class='ocrx_word' id='word_1_269' title='bbox 835 2683 903 2745; x_wconf 84' lang='lat' dir='ltr'>fuit,</span> <span class='ocrx_word' id='word_1_270' title='bbox 928 2681 1039 2737; x_wconf 84' lang='lat' dir='ltr'>merito</span> <span class='ocrx_word' id='word_1_271' title='bbox 1070 2686 1110 2738; x_wconf 86' lang='lat' dir='ltr'>in</span> <span class='ocrx_word' id='word_1_272' title='bbox 1130 2706 1216 2761; x_wconf 72' lang='lat' dir='ltr'>seqq.</span> <span class='ocrx_word' id='word_1_273' title='bbox 1239 2702 1288 2741; x_wconf 85' lang='lat' dir='ltr'>oor·</span> 
     </span>
     <span class='ocr_line' id='line_1_30' title="bbox 122 2752 1002 2825; baseline -0.001 -21"><span class='ocrx_word' id='word_1_274' title='bbox 122 2762 246 2804; x_wconf 88' lang='lat' dir='ltr'>rectum.</span> <span class='ocrx_word' id='word_1_275' title='bbox 283 2754 317 2805; x_wconf 86' lang='lat' dir='ltr'>ln</span> <span class='ocrx_word' id='word_1_276' title='bbox 336 2770 413 2823; x_wconf 84' lang='lat' dir='ltr'>seqq.</span> <span class='ocrx_word' id='word_1_277' title='bbox 435 2756 509 2805; x_wconf 82' lang='lat' dir='ltr'>Mon.</span> <span class='ocrx_word' id='word_1_278' title='bbox 531 2758 554 2807; x_wconf 93' lang='lat' dir='ltr'>l.</span> <span class='ocrx_word' id='word_1_279' title='bbox 577 2762 712 2825; x_wconf 61' lang='lat' dir='ltr'>premant</span> <span class='ocrx_word' id='word_1_280' title='bbox 731 2754 789 2825; x_wconf 78' lang='lat' dir='ltr'>qui</span> <span class='ocrx_word' id='word_1_281' title='bbox 806 2752 903 2806; x_wconf 76' lang='lat' dir='ltr'>velint.</span> <span class='ocrx_word' id='word_1_282' title='bbox 942 2753 1002 2805; x_wconf 84' lang='lat' dir='ltr'>Mr.</span> 
     </span>
     <span class='ocr_line' id='line_1_31' title="bbox 195 2821 1289 2900; baseline 0.005 -26"><span class='ocrx_word' id='word_1_283' title='bbox 195 2822 223 2874; x_wconf 81' lang='lat' dir='ltr'>ri</span> <span class='ocrx_word' id='word_1_284' title='bbox 240 2822 314 2875; x_wconf 81' lang='lat' dir='ltr'>aetia</span> <span class='ocrx_word' id='word_1_285' title='bbox 332 2821 376 2876; x_wconf 82' lang='lat' dir='ltr'>lia</span> <span class='ocrx_word' id='word_1_286' title='bbox 393 2825 499 2888; x_wconf 72' lang='lat' dir='ltr'>fortem</span> <span class='ocrx_word' id='word_1_287' title='bbox 517 2843 582 2878; x_wconf 79' lang='lat' dir='ltr'>non</span> <span class='ocrx_word' id='word_1_288' title='bbox 601 2827 668 2894; x_wconf 81' lang='lat' dir='ltr'>ait,]</span> <span class='ocrx_word' id='word_1_289' title='bbox 698 2826 785 2888; x_wconf 87' lang='lat' dir='ltr'>„Hoc</span> <span class='ocrx_word' id='word_1_290' title='bbox 803 2841 870 2876; x_wconf 87' lang='lat' dir='ltr'>cnm</span> <span class='ocrx_word' id='word_1_291' title='bbox 889 2823 1032 2893; x_wconf 78' lang='lat' dir='ltr'>optimam</span> <span class='ocrx_word' id='word_1_292' title='bbox 1053 2827 1226 2900; x_wconf 62' lang='lat' dir='ltr'>eloquatur</span> <span class='ocrx_word' id='word_1_293' title='bbox 1240 2847 1289 2883; x_wconf 79' lang='lat' dir='ltr'>sea-</span> 
     </span>
     <span class='ocr_line' id='line_1_32' title="bbox 123 2893 1290 2974; baseline 0.011 -29"><span class='ocrx_word' id='word_1_294' title='bbox 123 2893 253 2958; x_wconf 88' lang='lat' dir='ltr'>tentiam‚</span> <span class='ocrx_word' id='word_1_295' title='bbox 273 2911 327 2946; x_wconf 90' lang='lat' dir='ltr'>cur</span> <span class='ocrx_word' id='word_1_296' title='bbox 344 2896 525 2965; x_wconf 79' lang='lat' dir='ltr'>supprimere</span> <span class='ocrx_word' id='word_1_297' title='bbox 543 2896 648 2949; x_wconf 85' lang='lat' dir='ltr'>debui?</span> <span class='ocrx_word' id='word_1_298' title='bbox 671 2897 729 2948; x_wconf 87' lang='lat' dir='ltr'>scio</span> <span class='ocrx_word' id='word_1_299' title='bbox 749 2904 778 2948; x_wconf 91' lang='lat' dir='ltr'>et</span> <span class='ocrx_word' id='word_1_300' title='bbox 797 2895 858 2948; x_wconf 88' lang='lat' dir='ltr'>sine</span> <span class='ocrx_word' id='word_1_301' title='bbox 877 2893 1033 2968; x_wconf 78' lang='lat' dir='ltr'>negatione</span> <span class='ocrx_word' id='word_1_302' title='bbox 1060 2916 1192 2956; x_wconf 83' lang='lat' dir='ltr'>sensum</span> <span class='ocrx_word' id='word_1_303' title='bbox 1212 2901 1290 2974; x_wconf 72' lang='lat' dir='ltr'>expll-</span> 
     </span>
     <span class='ocr_line' id='line_1_33' title="bbox 124 2964 1290 3033; baseline 0.005 -17"><span class='ocrx_word' id='word_1_304' title='bbox 124 2965 185 3016; x_wconf 84' lang='lat' dir='ltr'>cari</span> <span class='ocrx_word' id='word_1_305' title='bbox 208 2980 265 3017; x_wconf 90' lang='lat' dir='ltr'>non</span> <span class='ocrx_word' id='word_1_306' title='bbox 293 2965 482 3031; x_wconf 88' lang='lat' dir='ltr'>incommode,</span> <span class='ocrx_word' id='word_1_307' title='bbox 512 2976 545 3018; x_wconf 88' lang='lat' dir='ltr'>ut</span> <span class='ocrx_word' id='word_1_308' title='bbox 573 2967 603 3018; x_wconf 93' lang='lat' dir='ltr'>in</span> <span class='ocrx_word' id='word_1_309' title='bbox 628 2968 699 3020; x_wconf 86' lang='lat' dir='ltr'>Edd.</span> <span class='ocrx_word' id='word_1_310' title='bbox 725 2974 818 3019; x_wconf 82' lang='lat' dir='ltr'>extat:</span> <span class='ocrx_word' id='word_1_311' title='bbox 854 2965 902 3017; x_wconf 87' lang='lat' dir='ltr'>aed</span> <span class='ocrx_word' id='word_1_312' title='bbox 925 2964 1001 3033; x_wconf 84' lang='lat' dir='ltr'>quod</span> <span class='ocrx_word' id='word_1_313' title='bbox 1027 2983 1093 3021; x_wconf 91' lang='lat' dir='ltr'>non</span> <span class='ocrx_word' id='word_1_314' title='bbox 1114 2980 1290 3026; x_wconf 75' lang='lat' dir='ltr'>commentas</span> 
     </span>
     <span class='ocr_line' id='line_1_34' title="bbox 123 3035 1290 3160; baseline 0.006 -73"><span class='ocrx_word' id='word_1_315' title='bbox 123 3052 196 3099; x_wconf 75' lang='lat' dir='ltr'>anm,</span> <span class='ocrx_word' id='word_1_316' title='bbox 215 3036 264 3088; x_wconf 89' lang='lat' dir='ltr'>sed</span> <span class='ocrx_word' id='word_1_317' title='bbox 282 3037 389 3105; x_wconf 89' lang='lat' dir='ltr'>reperi,</span> <span class='ocrx_word' id='word_1_318' title='bbox 409 3038 470 3090; x_wconf 86' lang='lat' dir='ltr'>sine</span> <span class='ocrx_word' id='word_1_319' title='bbox 489 3037 598 3103; x_wconf 78' lang='lat' dir='ltr'>fraude,</span> <span class='ocrx_word' id='word_1_320' title='bbox 617 3047 651 3089; x_wconf 89' lang='lat' dir='ltr'>ut</span> <span class='ocrx_word' id='word_1_321' title='bbox 669 3038 773 3108; x_wconf 84' lang='lat' dir='ltr'>opinor</span> <span class='ocrx_word' id='word_1_322' title='bbox 791 3054 837 3090; x_wconf 90' lang='lat' dir='ltr'>me</span> <span class='ocrx_word' id='word_1_323' title='bbox 855 3035 995 3160; x_wconf 46' lang='lat' dir='ltr'>rgperisse</span> <span class='ocrx_word' id='word_1_324' title='bbox 1013 3043 1131 3093; x_wconf 87' lang='lat' dir='ltr'>testari</span> <span class='ocrx_word' id='word_1_325' title='bbox 1153 3040 1290 3116; x_wconf 70' lang='lat' dir='ltr'>possam“</span> 
     </span>
     <span class='ocr_line' id='line_1_35' title="bbox 124 3106 1288 3179; baseline 0.009 -21"><span class='ocrx_word' id='word_1_326' title='bbox 124 3110 161 3163; x_wconf 83' lang='grc' dir='ltr'>Α,</span> <span class='ocrx_word' id='word_1_327' title='bbox 184 3107 326 3160; x_wconf 65' lang='lat' dir='ltr'>dumetae</span> <span class='ocrx_word' id='word_1_328' title='bbox 344 3107 520 3171; x_wconf 81' lang='lat' dir='ltr'>(Adversarr.</span> <span class='ocrx_word' id='word_1_329' title='bbox 541 3110 588 3161; x_wconf 82' lang='lat' dir='ltr'>lv.</span> <span class='ocrx_word' id='word_1_330' title='bbox 610 3112 651 3164; x_wconf 84' lang='lat'>15.</span> <span class='ocrx_word' id='word_1_331' title='bbox 671 3127 699 3179; x_wconf 90' lang='lat' dir='ltr'>p.</span> <span class='ocrx_word' id='word_1_332' title='bbox 721 3107 801 3173; x_wconf 68' lang='lat' dir='ltr'>m).</span> <span class='ocrx_word' id='word_1_333' title='bbox 840 3146 859 3172; x_wconf 89' lang='lat'><strong>„</strong></span> <span class='ocrx_word' id='word_1_334' title='bbox 892 3123 927 3159; x_wconf 78' lang='lat' dir='ltr'>on</span> <span class='ocrx_word' id='word_1_335' title='bbox 951 3106 1031 3158; x_wconf 83' lang='lat' dir='ltr'>addit</span> <span class='ocrx_word' id='word_1_336' title='bbox 1051 3110 1158 3166; x_wconf 84' lang='lat' dir='ltr'>Turn.</span> <span class='ocrx_word' id='word_1_337' title='bbox 1189 3134 1226 3170; x_wconf 79' lang='lat' dir='ltr'>ex</span> <span class='ocrx_word' id='word_1_338' title='bbox 1243 3112 1288 3168; x_wconf 72' lang='lat' dir='ltr'>tat</span> 
     </span>
     <span class='ocr_line' id='line_1_36' title="bbox 124 3177 1291 3254; baseline 0.009 -24"><span class='ocrx_word' id='word_1_339' title='bbox 124 3177 188 3254; x_wconf 80' lang='lat' dir='ltr'>Ego</span> <span class='ocrx_word' id='word_1_340' title='bbox 207 3188 303 3230; x_wconf 89' lang='lat' dir='ltr'>autem</span> <span class='ocrx_word' id='word_1_341' title='bbox 321 3179 403 3244; x_wconf 89' lang='lat' dir='ltr'>olim,</span> <span class='ocrx_word' id='word_1_342' title='bbox 422 3190 576 3249; x_wconf 83' lang='lat' dir='ltr'>antequam</span> <span class='ocrx_word' id='word_1_343' title='bbox 594 3188 665 3232; x_wconf 86' lang='lat' dir='ltr'>vett.</span> <span class='ocrx_word' id='word_1_344' title='bbox 686 3179 771 3232; x_wconf 90' lang='lat' dir='ltr'>Codd.</span> <span class='ocrx_word' id='word_1_345' title='bbox 792 3179 826 3231; x_wconf 93' lang='lat' dir='ltr'>ad</span> <span class='ocrx_word' id='word_1_346' title='bbox 843 3195 943 3231; x_wconf 81' lang='lat' dir='ltr'>manos</span> <span class='ocrx_word' id='word_1_347' title='bbox 970 3195 1049 3230; x_wconf 85' lang='lat' dir='ltr'>meas</span> <span class='ocrx_word' id='word_1_348' title='bbox 1076 3188 1291 3253; x_wconf 81' lang='lat' dir='ltr'>pervenissent,</span> 
     </span>
     <span class='ocr_line' id='line_1_37' title="bbox 125 3247 1291 3324; baseline 0.005 -22"><span class='ocrx_word' id='word_1_349' title='bbox 125 3250 306 3303; x_wconf 85' lang='lat' dir='ltr'>conieceram</span> <span class='ocrx_word' id='word_1_350' title='bbox 323 3249 478 3324; x_wconf 79' lang='lat' dir='ltr'>legendum</span> <span class='ocrx_word' id='word_1_351' title='bbox 497 3250 568 3303; x_wconf 76' lang='lat' dir='ltr'>alai</span> <span class='ocrx_word' id='word_1_352' title='bbox 586 3252 764 3318; x_wconf 61' lang='lat' dir='ltr'>satisfactum</span> <span class='ocrx_word' id='word_1_353' title='bbox 782 3250 821 3303; x_wconf 82' lang='lat' dir='ltr'>is&#39;a</span> <span class='ocrx_word' id='word_1_354' title='bbox 838 3249 888 3316; x_wconf 78' lang='lat' dir='ltr'>eit,</span> <span class='ocrx_word' id='word_1_355' title='bbox 915 3247 990 3317; x_wconf 86' lang='lat' dir='ltr'>quod</span> <span class='ocrx_word' id='word_1_356' title='bbox 1014 3248 1099 3303; x_wconf 82' lang='lat' dir='ltr'>idem</span> <span class='ocrx_word' id='word_1_357' title='bbox 1125 3257 1224 3310; x_wconf 77' lang='lat' dir='ltr'>valet</span> <span class='ocrx_word' id='word_1_358' title='bbox 1259 3255 1291 3309; x_wconf 73' lang='lat' dir='ltr'>Et</span> 
     </span>
     <span class='ocr_line' id='line_1_38' title="bbox 123 3319 1292 3398; baseline 0.003 -27"><span class='ocrx_word' id='word_1_359' title='bbox 123 3335 193 3373; x_wconf 81' lang='lat' dir='ltr'>vero</span> <span class='ocrx_word' id='word_1_360' title='bbox 213 3320 357 3391; x_wconf 86' lang='lat' dir='ltr'>quoniam,</span> <span class='ocrx_word' id='word_1_361' title='bbox 381 3320 448 3372; x_wconf 90' lang='lat' dir='ltr'>libb.</span> <span class='ocrx_word' id='word_1_362' title='bbox 468 3331 540 3375; x_wconf 83' lang='lat' dir='ltr'>vett.</span> <span class='ocrx_word' id='word_1_363' title='bbox 560 3322 594 3375; x_wconf 91' lang='lat' dir='ltr'>de</span> <span class='ocrx_word' id='word_1_364' title='bbox 619 3323 734 3398; x_wconf 78' lang='lat' dir='ltr'>integro</span> <span class='ocrx_word' id='word_1_365' title='bbox 752 3320 837 3374; x_wconf 82' lang='lat' dir='ltr'>aditis</span> <span class='ocrx_word' id='word_1_366' title='bbox 856 3330 884 3374; x_wconf 93' lang='lat' dir='ltr'>et</span> <span class='ocrx_word' id='word_1_367' title='bbox 910 3319 1061 3383; x_wconf 85' lang='lat' dir='ltr'>consultis,</span> <span class='ocrx_word' id='word_1_368' title='bbox 1088 3324 1123 3375; x_wconf 93' lang='lat' dir='ltr'>in</span> <span class='ocrx_word' id='word_1_369' title='bbox 1151 3345 1216 3382; x_wconf 75' lang='lat' dir='ltr'>uno</span> <span class='ocrx_word' id='word_1_370' title='bbox 1240 3336 1292 3380; x_wconf 75' lang='lat' dir='ltr'>m·</span> 
     </span>
    </p>
   </div>
   <div class='ocr_carea' id='block_1_5' title="bbox 42 3389 1291 3466">
    <p class='ocr_par' dir='ltr' id='par_1_5' title="bbox 42 3389 1291 3466">
     <span class='ocr_line' id='line_1_39' title="bbox 42 3389 1291 3466; baseline 0.008 -23"><span class='ocrx_word' id='word_1_371' title='bbox 42 3402 45 3407; x_wconf 80' lang='grc'><strong><em>·</em></strong></span> <span class='ocrx_word' id='word_1_372' title='bbox 124 3398 188 3444; x_wconf 87' lang='lat' dir='ltr'>tum</span> <span class='ocrx_word' id='word_1_373' title='bbox 206 3391 303 3461; x_wconf 89' lang='lat' dir='ltr'>reperi</span> <span class='ocrx_word' id='word_1_374' title='bbox 329 3392 489 3466; x_wconf 82' lang='lat' dir='ltr'>negationis</span> <span class='ocrx_word' id='word_1_375' title='bbox 512 3393 696 3462; x_wconf 84' lang='lat' dir='ltr'>particulam,</span> <span class='ocrx_word' id='word_1_376' title='bbox 722 3394 754 3444; x_wconf 91' lang='lat' dir='ltr'>in</span> <span class='ocrx_word' id='word_1_377' title='bbox 772 3392 880 3446; x_wconf 89' lang='lat' dir='ltr'>duobus</span> <span class='ocrx_word' id='word_1_378' title='bbox 904 3389 943 3444; x_wconf 78' lang='lat' dir='ltr'>ni</span> <span class='ocrx_word' id='word_1_379' title='bbox 966 3390 1161 3456; x_wconf 58' lang='lat' dir='ltr'>totietatem</span> <span class='ocrx_word' id='word_1_380' title='bbox 1187 3400 1230 3452; x_wconf 75' lang='lat' dir='ltr'>a&#39;t&#39;a</span> <span class='ocrx_word' id='word_1_381' title='bbox 1250 3397 1291 3461; x_wconf 72' lang='grc'><strong>111,</strong></span> 
     </span>
    </p>
   </div>
   <div class='ocr_carea' id='block_1_6' title="bbox 123 3460 1319 4528">
    <p class='ocr_par' dir='ltr' id='par_1_6' title="bbox 123 3460 1319 4528">
     <span class='ocr_line' id='line_1_40' title="bbox 124 3460 1291 3538; baseline 0.007 -26"><span class='ocrx_word' id='word_1_382' title='bbox 124 3460 157 3512; x_wconf 90' lang='lat' dir='ltr'>in</span> <span class='ocrx_word' id='word_1_383' title='bbox 175 3461 240 3512; x_wconf 81' lang='lat' dir='ltr'>aliia</span> <span class='ocrx_word' id='word_1_384' title='bbox 257 3461 286 3513; x_wconf 77' lang='lat' dir='ltr'>ai</span> <span class='ocrx_word' id='word_1_385' title='bbox 303 3462 482 3525; x_wconf 73' lang='lat' dir='ltr'>rotiafoctum</span> <span class='ocrx_word' id='word_1_386' title='bbox 499 3463 540 3516; x_wconf 80' lang='lat' dir='ltr'>t&#39;it</span> <span class='ocrx_word' id='word_1_387' title='bbox 558 3462 608 3529; x_wconf 82' lang='lat' dir='ltr'>ait,</span> <span class='ocrx_word' id='word_1_388' title='bbox 627 3474 661 3516; x_wconf 91' lang='lat' dir='ltr'>ut</span> <span class='ocrx_word' id='word_1_389' title='bbox 680 3465 712 3515; x_wconf 92' lang='lat' dir='ltr'>in</span> <span class='ocrx_word' id='word_1_390' title='bbox 729 3463 840 3538; x_wconf 62' lang='lat' dir='ltr'>vulgg„</span> <span class='ocrx_word' id='word_1_391' title='bbox 866 3481 881 3515; x_wconf 92' lang='lat' dir='ltr'>e</span> <span class='ocrx_word' id='word_1_392' title='bbox 938 3478 1031 3514; x_wconf 86' lang='lat' dir='ltr'>meam</span> <span class='ocrx_word' id='word_1_393' title='bbox 1050 3468 1291 3524; x_wconf 71' lang='lat' dir='ltr'>emendationem</span> 
     </span>
     <span class='ocr_line' id='line_1_41' title="bbox 123 3530 1289 3604; baseline 0.008 -21"><span class='ocrx_word' id='word_1_394' title='bbox 123 3531 254 3583; x_wconf 80' lang='lat' dir='ltr'>Turnebi</span> <span class='ocrx_word' id='word_1_395' title='bbox 280 3532 447 3585; x_wconf 86' lang='lat' dir='ltr'>coniectura</span> <span class='ocrx_word' id='word_1_396' title='bbox 472 3535 618 3586; x_wconf 86' lang='lat' dir='ltr'>veriorem</span> <span class='ocrx_word' id='word_1_397' title='bbox 642 3552 700 3588; x_wconf 87' lang='lat' dir='ltr'>esse</span> <span class='ocrx_word' id='word_1_398' title='bbox 724 3544 802 3604; x_wconf 88' lang='lat' dir='ltr'>puto.</span> <span class='ocrx_word' id='word_1_399' title='bbox 824 3533 892 3587; x_wconf 80' lang='lat' dir='ltr'>Lem</span> <span class='ocrx_word' id='word_1_400' title='bbox 916 3531 973 3585; x_wconf 76' lang='lat' dir='ltr'>&#39;nat</span> <span class='ocrx_word' id='word_1_401' title='bbox 1001 3530 1120 3597; x_wconf 81' lang='lat' dir='ltr'>[Edidit</span> <span class='ocrx_word' id='word_1_402' title='bbox 1140 3550 1247 3595; x_wconf 86' lang='lat' dir='ltr'>autem</span> <span class='ocrx_word' id='word_1_403' title='bbox 1263 3540 1289 3592; x_wconf 74' lang='lat' dir='ltr'><strong>h</strong></span> 
     </span>
     <span class='ocr_line' id='line_1_42' title="bbox 124 3599 1292 3670; baseline 0.006 -17"><span class='ocrx_word' id='word_1_404' title='bbox 124 3599 153 3653; x_wconf 76' lang='lat' dir='ltr'>ai</span> <span class='ocrx_word' id='word_1_405' title='bbox 170 3601 211 3654; x_wconf 78' lang='lat' dir='ltr'>t&#39;t&#39;a</span> <span class='ocrx_word' id='word_1_406' title='bbox 228 3601 407 3665; x_wconf 72' lang='lat' dir='ltr'>rotiafoctum</span> <span class='ocrx_word' id='word_1_407' title='bbox 425 3619 479 3656; x_wconf 83' lang='lat' dir='ltr'>noa</span> <span class='ocrx_word' id='word_1_408' title='bbox 497 3604 559 3670; x_wconf 79' lang='lat' dir='ltr'>eit]</span> <span class='ocrx_word' id='word_1_409' title='bbox 586 3605 614 3657; x_wconf 80' lang='lat' dir='ltr'>ai</span> <span class='ocrx_word' id='word_1_410' title='bbox 632 3606 809 3669; x_wconf 67' lang='lat' dir='ltr'>rotiafactrm</span> <span class='ocrx_word' id='word_1_411' title='bbox 828 3604 868 3657; x_wconf 79' lang='lat' dir='ltr'>iia</span> <span class='ocrx_word' id='word_1_412' title='bbox 885 3620 938 3657; x_wconf 80' lang='lat' dir='ltr'>non</span> <span class='ocrx_word' id='word_1_413' title='bbox 956 3604 1012 3667; x_wconf 83' lang='lat' dir='ltr'>sit;</span> <span class='ocrx_word' id='word_1_414' title='bbox 1039 3622 1099 3658; x_wconf 81' lang='lat' dir='ltr'>sec.</span> <span class='ocrx_word' id='word_1_415' title='bbox 1139 3609 1198 3663; x_wconf 80' lang='lat' dir='ltr'>Sic</span> <span class='ocrx_word' id='word_1_416' title='bbox 1216 3613 1292 3664; x_wconf 68' lang='lat' dir='ltr'>Lem-</span> 
     </span>
     <span class='ocr_line' id='line_1_43' title="bbox 123 3671 1291 3747; baseline 0.006 -22"><span class='ocrx_word' id='word_1_417' title='bbox 123 3671 209 3725; x_wconf 85' lang='lat' dir='ltr'>binus</span> <span class='ocrx_word' id='word_1_418' title='bbox 228 3690 263 3725; x_wconf 81' lang='lat' dir='ltr'>ex</span> <span class='ocrx_word' id='word_1_419' title='bbox 282 3675 423 3726; x_wconf 84' lang='lat' dir='ltr'>sententia</span> <span class='ocrx_word' id='word_1_420' title='bbox 442 3674 580 3736; x_wconf 73' lang='lat' dir='ltr'>Tumobi,</span> <span class='ocrx_word' id='word_1_421' title='bbox 600 3678 647 3728; x_wconf 84' lang='lat' dir='ltr'>cui</span> <span class='ocrx_word' id='word_1_422' title='bbox 667 3677 776 3729; x_wconf 87' lang='lat' dir='ltr'>accedit</span> <span class='ocrx_word' id='word_1_423' title='bbox 794 3676 850 3727; x_wconf 87' lang='lat' dir='ltr'>Pal.</span> <span class='ocrx_word' id='word_1_424' title='bbox 878 3693 932 3728; x_wconf 86' lang='lat' dir='ltr'>sec.</span> <span class='ocrx_word' id='word_1_425' title='bbox 959 3674 988 3726; x_wconf 81' lang='lat' dir='ltr'>ai</span> <span class='ocrx_word' id='word_1_426' title='bbox 1010 3676 1088 3728; x_wconf 75' lang='lat' dir='ltr'>tatia</span> <span class='ocrx_word' id='word_1_427' title='bbox 1114 3678 1161 3731; x_wconf 71' lang='lat' dir='ltr'>iio</span> <span class='ocrx_word' id='word_1_428' title='bbox 1190 3685 1291 3747; x_wconf 69' lang='lat' dir='ltr'>facte·</span> 
     </span>
     <span class='ocr_line' id='line_1_44' title="bbox 124 3744 1319 3810; baseline 0.006 -13"><span class='ocrx_word' id='word_1_429' title='bbox 124 3760 178 3798; x_wconf 79' lang='lat' dir='ltr'>aon</span> <span class='ocrx_word' id='word_1_430' title='bbox 197 3746 244 3799; x_wconf 83' lang='lat' dir='ltr'>ait.</span> <span class='ocrx_word' id='word_1_431' title='bbox 266 3753 335 3797; x_wconf 79' lang='lat' dir='ltr'>tert.</span> <span class='ocrx_word' id='word_1_432' title='bbox 355 3745 383 3797; x_wconf 81' lang='lat' dir='ltr'>ai</span> <span class='ocrx_word' id='word_1_433' title='bbox 401 3745 474 3798; x_wconf 78' lang='lat' dir='ltr'>rotie</span> <span class='ocrx_word' id='word_1_434' title='bbox 492 3744 537 3798; x_wconf 75' lang='lat' dir='ltr'>lic</span> <span class='ocrx_word' id='word_1_435' title='bbox 554 3747 661 3810; x_wconf 72' lang='lat' dir='ltr'>sactum</span> <span class='ocrx_word' id='word_1_436' title='bbox 679 3746 803 3800; x_wconf 73' lang='lat' dir='ltr'>nonsit.</span> <span class='ocrx_word' id='word_1_437' title='bbox 828 3747 879 3798; x_wconf 86' lang='lat' dir='ltr'>alii</span> <span class='ocrx_word' id='word_1_438' title='bbox 899 3765 934 3798; x_wconf 84' lang='lat' dir='ltr'>ex</span> <span class='ocrx_word' id='word_1_439' title='bbox 960 3747 1133 3802; x_wconf 85' lang='lat' dir='ltr'>coniectura</span> <span class='ocrx_word' id='word_1_440' title='bbox 1159 3752 1194 3805; x_wconf 77' lang='lat' dir='ltr'>in</span> <span class='ocrx_word' id='word_1_441' title='bbox 1214 3752 1291 3807; x_wconf 74' lang='lat' dir='ltr'>ertia</span> <span class='ocrx_word' id='word_1_442' title='bbox 1316 3748 1319 3759; x_wconf 91' lang='lat'>&#39;</span> 
     </span>
     <span class='ocr_line' id='line_1_45' title="bbox 124 3815 1290 3892; baseline 0.009 -26"><span class='ocrx_word' id='word_1_443' title='bbox 124 3817 230 3879; x_wconf 70' lang='lat' dir='ltr'>rectum</span> <span class='ocrx_word' id='word_1_444' title='bbox 248 3816 301 3870; x_wconf 83' lang='lat' dir='ltr'>ait.</span> <span class='ocrx_word' id='word_1_445' title='bbox 320 3818 409 3892; x_wconf 75' lang='lat' dir='ltr'>vulgo</span> <span class='ocrx_word' id='word_1_446' title='bbox 427 3816 502 3870; x_wconf 79' lang='lat' dir='ltr'>aetia</span> <span class='ocrx_word' id='word_1_447' title='bbox 520 3820 626 3882; x_wconf 77' lang='lat' dir='ltr'>fectum</span> <span class='ocrx_word' id='word_1_448' title='bbox 645 3818 685 3872; x_wconf 83' lang='lat' dir='ltr'>iia</span> <span class='ocrx_word' id='word_1_449' title='bbox 703 3817 750 3871; x_wconf 80' lang='lat' dir='ltr'>rit.</span> <span class='ocrx_word' id='word_1_450' title='bbox 769 3818 862 3870; x_wconf 87' lang='lat' dir='ltr'>Vatic.</span> <span class='ocrx_word' id='word_1_451' title='bbox 882 3815 1063 3870; x_wconf 67' lang='grc'><strong>1111111111</strong></span> <span class='ocrx_word' id='word_1_452' title='bbox 1091 3828 1196 3874; x_wconf 75' lang='lat' dir='ltr'>actum</span> <span class='ocrx_word' id='word_1_453' title='bbox 1224 3821 1290 3877; x_wconf 79' lang='lat' dir='ltr'>ait.“</span> 
     </span>
     <span class='ocr_line' id='line_1_46' title="bbox 126 3886 1289 3962; baseline 0.008 -24"><span class='ocrx_word' id='word_1_454' title='bbox 126 3886 209 3939; x_wconf 72' lang='lat' dir='ltr'>Geth.</span> <span class='ocrx_word' id='word_1_455' title='bbox 230 3890 322 3950; x_wconf 85' lang='lat' dir='ltr'>„Non</span> <span class='ocrx_word' id='word_1_456' title='bbox 342 3890 475 3960; x_wconf 85' lang='lat' dir='ltr'>equidem</span> <span class='ocrx_word' id='word_1_457' title='bbox 493 3889 552 3942; x_wconf 86' lang='lat' dir='ltr'>scio</span> <span class='ocrx_word' id='word_1_458' title='bbox 572 3891 602 3941; x_wconf 91' lang='lat' dir='ltr'>in</span> <span class='ocrx_word' id='word_1_459' title='bbox 620 3891 757 3942; x_wconf 83' lang='lat' dir='ltr'>vaticano</span> <span class='ocrx_word' id='word_1_460' title='bbox 777 3907 835 3941; x_wconf 80' lang='lat' dir='ltr'>esse</span> <span class='ocrx_word' id='word_1_461' title='bbox 855 3895 957 3954; x_wconf 80' lang='lat' dir='ltr'>actum,</span> <span class='ocrx_word' id='word_1_462' title='bbox 982 3888 1031 3941; x_wconf 87' lang='lat' dir='ltr'>sed</span> <span class='ocrx_word' id='word_1_463' title='bbox 1059 3905 1130 3944; x_wconf 89' lang='lat' dir='ltr'>cum</span> <span class='ocrx_word' id='word_1_464' title='bbox 1149 3894 1223 3947; x_wconf 88' lang='lat' dir='ltr'>aliis</span> <span class='ocrx_word' id='word_1_465' title='bbox 1246 3897 1289 3962; x_wconf 70' lang='lat' dir='ltr'>fo·</span> 
     </span>
     <span class='ocr_line' id='line_1_47' title="bbox 126 3959 1288 4034; baseline 0.005 -26"><span class='ocrx_word' id='word_1_466' title='bbox 126 3963 201 4009; x_wconf 78' lang='lat' dir='ltr'>ctum</span> <span class='ocrx_word' id='word_1_467' title='bbox 229 3959 293 4010; x_wconf 89' lang='lat' dir='ltr'>illic</span> <span class='ocrx_word' id='word_1_468' title='bbox 320 3978 434 4031; x_wconf 87' lang='lat' dir='ltr'>quoque</span> <span class='ocrx_word' id='word_1_469' title='bbox 468 3969 578 4013; x_wconf 85' lang='lat' dir='ltr'>exstare</span> <span class='ocrx_word' id='word_1_470' title='bbox 600 3969 724 4013; x_wconf 85' lang='lat' dir='ltr'>testatur</span> <span class='ocrx_word' id='word_1_471' title='bbox 749 3959 824 4013; x_wconf 90' lang='lat' dir='ltr'>mihi</span> <span class='ocrx_word' id='word_1_472' title='bbox 852 3978 952 4011; x_wconf 87' lang='lat' dir='ltr'>manus</span> <span class='ocrx_word' id='word_1_473' title='bbox 979 3960 1085 4034; x_wconf 73' lang='lat' dir='ltr'>ignota.</span> <span class='ocrx_word' id='word_1_474' title='bbox 1134 3965 1288 4021; x_wconf 71' lang='lat' dir='ltr'>Caeterum</span> 
     </span>
     <span class='ocr_line' id='line_1_48' title="bbox 126 4029 1288 4101; baseline 0.006 -20"><span class='ocrx_word' id='word_1_475' title='bbox 126 4029 224 4081; x_wconf 84' lang='lat' dir='ltr'>tmesis</span> <span class='ocrx_word' id='word_1_476' title='bbox 243 4029 296 4081; x_wconf 90' lang='lat' dir='ltr'>illa</span> <span class='ocrx_word' id='word_1_477' title='bbox 320 4031 442 4084; x_wconf 88' lang='lat' dir='ltr'>alienari</span> <span class='ocrx_word' id='word_1_478' title='bbox 465 4032 638 4085; x_wconf 86' lang='lat' dir='ltr'>aCioerone</span> <span class='ocrx_word' id='word_1_479' title='bbox 661 4031 772 4101; x_wconf 86' lang='lat' dir='ltr'>nequit,</span> <span class='ocrx_word' id='word_1_480' title='bbox 798 4049 855 4101; x_wconf 83' lang='lat' dir='ltr'>qua</span> <span class='ocrx_word' id='word_1_481' title='bbox 882 4031 936 4083; x_wconf 91' lang='lat' dir='ltr'>ille</span> <span class='ocrx_word' id='word_1_482' title='bbox 963 4031 1119 4085; x_wconf 86' lang='lat' dir='ltr'>admodum</span> <span class='ocrx_word' id='word_1_483' title='bbox 1147 4035 1288 4091; x_wconf 84' lang='lat' dir='ltr'>delectari</span> 
     </span>
     <span class='ocr_line' id='line_1_49' title="bbox 125 4099 1289 4180; baseline 0.007 -29"><span class='ocrx_word' id='word_1_484' title='bbox 125 4099 209 4160; x_wconf 82' lang='lat' dir='ltr'>solet,</span> <span class='ocrx_word' id='word_1_485' title='bbox 228 4107 318 4168; x_wconf 81' lang='lat' dir='ltr'>utque</span> <span class='ocrx_word' id='word_1_486' title='bbox 344 4102 430 4153; x_wconf 84' lang='lat' dir='ltr'>etiam</span> <span class='ocrx_word' id='word_1_487' title='bbox 454 4101 628 4155; x_wconf 79' lang='lat' dir='ltr'>affirmativa</span> <span class='ocrx_word' id='word_1_488' title='bbox 655 4103 708 4154; x_wconf 88' lang='lat' dir='ltr'>illa</span> <span class='ocrx_word' id='word_1_489' title='bbox 731 4103 837 4166; x_wconf 85' lang='lat' dir='ltr'>oratio;</span> <span class='ocrx_word' id='word_1_490' title='bbox 867 4103 943 4155; x_wconf 89' lang='lat' dir='ltr'>unde</span> <span class='ocrx_word' id='word_1_491' title='bbox 967 4119 1029 4155; x_wconf 90' lang='lat' dir='ltr'>eam</span> <span class='ocrx_word' id='word_1_492' title='bbox 1047 4102 1099 4155; x_wconf 83' lang='lat' dir='ltr'>hio</span> <span class='ocrx_word' id='word_1_493' title='bbox 1118 4110 1226 4180; x_wconf 83' lang='lat' dir='ltr'>recepi</span> <span class='ocrx_word' id='word_1_494' title='bbox 1252 4104 1289 4174; x_wconf 75' lang='lat' dir='ltr'>[ri</span> 
     </span>
     <span class='ocr_line' id='line_1_50' title="bbox 126 4168 1288 4248; baseline 0.006 -26"><span class='ocrx_word' id='word_1_495' title='bbox 126 4169 224 4223; x_wconf 75' lang='lat' dir='ltr'>rotie</span> <span class='ocrx_word' id='word_1_496' title='bbox 242 4168 442 4235; x_wconf 67' lang='lat' dir='ltr'>bisfactum</span> <span class='ocrx_word' id='word_1_497' title='bbox 460 4173 527 4240; x_wconf 81' lang='lat' dir='ltr'>ait],</span> <span class='ocrx_word' id='word_1_498' title='bbox 547 4174 634 4244; x_wconf 88' lang='lat' dir='ltr'>idque</span> <span class='ocrx_word' id='word_1_499' title='bbox 654 4192 688 4225; x_wconf 82' lang='lat' dir='ltr'>ex</span> <span class='ocrx_word' id='word_1_500' title='bbox 707 4172 905 4226; x_wconf 83' lang='lat' dir='ltr'>adhortatione</span> <span class='ocrx_word' id='word_1_501' title='bbox 924 4172 1012 4225; x_wconf 85' lang='lat' dir='ltr'>etiam</span> <span class='ocrx_word' id='word_1_502' title='bbox 1040 4183 1069 4225; x_wconf 91' lang='lat' dir='ltr'>et</span> <span class='ocrx_word' id='word_1_503' title='bbox 1088 4178 1288 4248; x_wconf 79' lang='lat' dir='ltr'>explicatione</span> 
     </span>
     <span class='ocr_line' id='line_1_51' title="bbox 125 4241 1289 4324; baseline 0.003 -30"><span class='ocrx_word' id='word_1_504' title='bbox 125 4241 274 4294; x_wconf 81' lang='lat' dir='ltr'>verissima</span> <span class='ocrx_word' id='word_1_505' title='bbox 292 4244 382 4311; x_wconf 82' lang='lat' dir='ltr'>patris</span> <span class='ocrx_word' id='word_1_506' title='bbox 403 4242 489 4308; x_wconf 80' lang='lat' dir='ltr'>[obss.</span> <span class='ocrx_word' id='word_1_507' title='bbox 509 4245 547 4296; x_wconf 90' lang='grc'>11.</span> <span class='ocrx_word' id='word_1_508' title='bbox 567 4247 593 4299; x_wconf 81' lang='lat'>2.</span> <span class='ocrx_word' id='word_1_509' title='bbox 613 4263 641 4315; x_wconf 87' lang='lat' dir='ltr'>p.</span> <span class='ocrx_word' id='word_1_510' title='bbox 662 4243 802 4314; x_wconf 58' lang='grc'><strong>1151111,</strong></span> <span class='ocrx_word' id='word_1_511' title='bbox 821 4243 917 4296; x_wconf 84' lang='lat' dir='ltr'>ubiai</span> <span class='ocrx_word' id='word_1_512' title='bbox 935 4244 1022 4296; x_wconf 86' lang='lat' dir='ltr'>etiam</span> <span class='ocrx_word' id='word_1_513' title='bbox 1036 4250 1193 4324; x_wconf 79' lang='lat' dir='ltr'>expung-it,</span> <span class='ocrx_word' id='word_1_514' title='bbox 1256 4247 1289 4303; x_wconf 84' lang='lat' dir='ltr'>ad</span> 
     </span>
     <span class='ocr_line' id='line_1_52' title="bbox 127 4270 1289 4386; baseline 0.009 -22"><span class='ocrx_word' id='word_1_515' title='bbox 127 4313 239 4367; x_wconf 87' lang='lat' dir='ltr'>imitari</span> <span class='ocrx_word' id='word_1_516' title='bbox 257 4329 314 4366; x_wconf 91' lang='lat' dir='ltr'>non</span> <span class='ocrx_word' id='word_1_517' title='bbox 333 4315 424 4366; x_wconf 87' lang='lat' dir='ltr'>ausim</span> <span class='ocrx_word' id='word_1_518' title='bbox 444 4314 474 4364; x_wconf 90' lang='lat' dir='ltr'>in</span> <span class='ocrx_word' id='word_1_519' title='bbox 492 4322 572 4368; x_wconf 88' lang='lat' dir='ltr'>tanta</span> <span class='ocrx_word' id='word_1_520' title='bbox 589 4324 722 4370; x_wconf 85' lang='lat' dir='ltr'>veterum</span> <span class='ocrx_word' id='word_1_521' title='bbox 742 4315 952 4384; x_wconf 79' lang='lat' dir='ltr'>exemplarium</span> <span class='ocrx_word' id='word_1_522' title='bbox 970 4316 1189 4386; x_wconf 87' lang='lat' dir='ltr'>conspiratione</span> <span class='ocrx_word' id='word_1_523' title='bbox 1207 4270 1256 4374; x_wconf 55' lang='lat'>31</span> <span class='ocrx_word' id='word_1_524' title='bbox 1261 4319 1289 4373; x_wconf 90' lang='lat' dir='ltr'>id</span> 
     </span>
     <span class='ocr_line' id='line_1_53' title="bbox 127 4383 1289 4456; baseline 0.006 -21"><span class='ocrx_word' id='word_1_525' title='bbox 127 4383 343 4437; x_wconf 89' lang='lat' dir='ltr'>retinendum.“</span> <span class='ocrx_word' id='word_1_526' title='bbox 369 4385 489 4439; x_wconf 82' lang='lat' dir='ltr'>Gronov.</span> <span class='ocrx_word' id='word_1_527' title='bbox 519 4414 552 4425; x_wconf 92' lang='lat'><em>-</em></span> <span class='ocrx_word' id='word_1_528' title='bbox 579 4386 741 4441; x_wconf 78' lang='lat' dir='ltr'>Gronovius</span> <span class='ocrx_word' id='word_1_529' title='bbox 770 4394 854 4456; x_wconf 89' lang='lat' dir='ltr'>pater</span> <span class='ocrx_word' id='word_1_530' title='bbox 876 4386 897 4436; x_wconf 89' lang='lat' dir='ltr'>l.</span> <span class='ocrx_word' id='word_1_531' title='bbox 917 4403 941 4438; x_wconf 84' lang='lat' dir='ltr'>c.</span> <span class='ocrx_word' id='word_1_532' title='bbox 971 4386 1132 4456; x_wconf 78' lang='lat' dir='ltr'>improbata</span> <span class='ocrx_word' id='word_1_533' title='bbox 1158 4391 1289 4445; x_wconf 81' lang='lat' dir='ltr'>Turnebi</span> 
     </span>
     <span class='ocr_line' id='line_1_54' title="bbox 128 4454 1290 4528; baseline 0.011 -22"><span class='ocrx_word' id='word_1_534' title='bbox 128 4454 322 4526; x_wconf 84' lang='lat' dir='ltr'>explicatione</span> <span class='ocrx_word' id='word_1_535' title='bbox 349 4454 377 4523; x_wconf 84' lang='lat' dir='ltr'>(a</span> <span class='ocrx_word' id='word_1_536' title='bbox 394 4457 494 4528; x_wconf 79' lang='lat' dir='ltr'>bipaio</span> <span class='ocrx_word' id='word_1_537' title='bbox 512 4455 627 4513; x_wconf 79' lang='lat' dir='ltr'>satum.</span> <span class='ocrx_word' id='word_1_538' title='bbox 648 4459 686 4511; x_wconf 90' lang='lat'>11.</span> <span class='ocrx_word' id='word_1_539' title='bbox 704 4459 749 4512; x_wconf 79' lang='lat'>21.</span> <span class='ocrx_word' id='word_1_540' title='bbox 776 4455 908 4528; x_wconf 78' lang='lat' dir='ltr'>recepta)</span> <span class='ocrx_word' id='word_1_541' title='bbox 942 4456 1012 4522; x_wconf 72' lang='lat' dir='ltr'>„ld</span> <span class='ocrx_word' id='word_1_542' title='bbox 1030 4457 1083 4524; x_wconf 88' lang='lat' dir='ltr'>ait,</span> <span class='ocrx_word' id='word_1_543' title='bbox 1101 4460 1290 4517; x_wconf 77' lang='lat' dir='ltr'>fortitudinia</span> 
     </span>
    </p>
   </div>
   <div class='ocr_carea' id='block_1_7' title="bbox 0 0 1432 5070">
    <p class='ocr_par' dir='ltr' id='par_1_7' title="bbox 0 0 1432 5070">
     <span class='ocr_line' id='line_1_55' title="bbox 0 0 1432 5070; baseline 0 0"><span class='ocrx_word' id='word_1_544' title='bbox 0 0 1432 5070; x_wconf 95' lang='lat' dir='ltr'> </span> 
     </span>
    </p>
   </div>
  </div>
 </body>
</html>
