2828 5070
493 323 622 393 LIBER
642 321 686 402 11,
718 321 768 390 15.
1149 321 1213 391 613

58 498 112 559 vel
128 496 231 557 animi
249 494 302 555 vel
312 493 480 574 corporis,
502 491 671 578 gravioris
684 487 797 571 operis
810 493 844 549 et
856 487 1021 552 muneris:
1043 486 1140 551 dolor
1155 506 1214 549 au·

58 589 137 655 tem,
160 589 268 641 motus
286 596 385 658 asper
403 578 438 639 in
463 593 615 654 corpore,
637 573 762 636 alienus
784 589 805 632 a
827 569 987 632 sensibus.
1030 569 1123 633 Haec
1144 569 1212 634 duo
1230 569 1256 622 h

59 662 180 726 Graeci
203 662 262 735 ittt,
285 679 426 741 quorum
442 659 611 738 copiosior
627 663 678 717 cst
691 655 806 738 lingua
814 671 912 734 quam
926 659 1051 729 austra,
1072 672 1140 715 unu
1153 673 1213 716 no.

56 747 147 807 minc
157 744 335 826 appellant.
359 741 475 823 ltaque
488 741 675 800 industrios
687 737 837 802 homines
848 736 898 798 ilii
907 735 1073 800 studiosos
1088 736 1141 800 vel
1155 756 1214 820 po·

56 914 171 968 volebat
197 914 280 966 edere
304 911 353 963 vir
371 911 486 983 doctus„
505 909 555 977 qui
573 909 626 965 Ed.
653 908 725 968 Tbn.
746 906 867 961 curant.
906 906 961 961 sed
982 905 1026 962 ibi
1049 923 1214 976 expressum

59 994 102 1038 est
121 985 153 1036 di
176 1001 215 1037 er.
254 985 314 1038 Mr.

131 987 224 1107 lebor
243 1062 283 1107 est
302 1053 408 1120 functio
429 1051 564 1119 quaedam
585 1049 651 1117 etc]
686 1050 770 1101 Hunc
789 1048 886 1101 locum
905 1048 1001 1101 laudat
1020 1049 1160 1103 Goerena.
1181 1051 1216 1105 ad

61 1127 123 1179 Cic.
145 1128 178 1178 de
197 1126 494 1201 Legg.11.17.42.ut
515 1122 680 1192 exernplum
699 1122 758 1172 eius
776 1139 852 1187 usus,
873 1120 1040 1189 quoCicero
1058 1139 1140 1194 saepe
1159 1121 1217 1174 Ge·

62 1198 168 1248 nitivos
188 1215 254 1248 cam
271 1196 382 1268 duplici
401 1194 542 1247 relatione
576 1195 647 1257 onit,
666 1192 751 1261 idque
771 1209 806 1242 ex
826 1192 1001 1243 Graecorum
1020 1193 1131 1246 ratione
1150 1193 1216 1244 fieri

61 1268 112 1327 ait,
132 1268 245 1320 laudata
262 1267 396 1319 Matthiae
416 1267 466 1318 Gr.
483 1266 532 1317 Gr.
554 1212 645 1330 iissli.
667 1263 730 1328 [Ed.
750 1264 788 1315 11.
809 1261 830 1332 ᾗ.
851 1265 911 1317 380.
934 1268 957 1317 1.
977 1263 1090 1333 paea]
1113 1264 1217 1335 Expli-

60 1339 286 1391 catKiihnerus:
307 1338 418 1389 functio
431 1337 569 1405 quaedam
586 1335 728 1410 gravioris
748 1334 843 1407 operis
863 1343 891 1385 et
910 1335 1047 1400 muneris,
1067 1353 1138 1408 quae
1157 1335 1218 1388 ani·

61 1426 111 1461 mo
129 1410 176 1461 vel
195 1426 315 1480 corpore
332 1409 496 1481 peragitur:
516 1408 670 1475 laudatque
688 1415 836 1476 praeterea
853 1405 955 1457 Tusce.
976 1407 1023 1457 tv.
1046 1409 1086 1461 13.
1107 1410 1156 1462 29:
1183 1420 1217 1459 ex
1310 1448 1314 1455 .

62 1481 151 1533 tatius
169 1480 338 1533 aiatetsdias'a
364 1478 493 1547 corporis
512 1479 749 1546 conquassatione.
787 1475 857 1528 Add.
878 1476 1012 1529 Creuecr.
1041 1477 1075 1529 ad
1101 1478 1162 1530 Cic.
1183 1477 1217 1531 da

62 1555 99 1603 N.
120 1552 153 1604 D.
173 1554 210 1605 11.
231 1555 274 1607 63.
295 1570 322 1621 p.
342 1553 403 1604 474.
424 1550 465 1605 ed.
485 1550 532 1602 Cr.
554 1559 583 1602 et
602 1558 690 1601 nostr.
715 1547 781 1612 rnaj.
803 1563 853 1598 nos
872 1547 906 1598 ad
925 1549 1046 1600 eundem
1064 1547 1162 1601 locum
1186 1566 1216 1619 p.

64 1626 123 1677 174.
143 1623 186 1675 ed.
212 1625 283 1676 min.
305 1622 440 1675 Ochsner.
465 1621 498 1672 ad
517 1621 578 1673 Cie.
605 1620 725 1694 Eclogg.
752 1638 779 1690 p.
807 1621 849 1673 58.
877 1637 906 1688 p.
936 1623 977 1673 72.
1003 1639 1030 1691 p.
1058 1623 1119 1675 411.
1148 1619 1216 1673 Cod.

60 1694 158 1746 Duisb.
178 1694 263 1746 habet
282 1695 361 1746 labar
379 1700 419 1745 est
437 1692 544 1757 faacts'o
563 1691 654 1743 aniani
671 1692 810 1758 quaedaas.
848 1690 930 1741 Locis
954 1691 988 1742 de
1012 1691 1064 1742 illa
1087 1700 1219 1744 conmma-

62 1766 160 1817 ctione
178 1766 301 1817 laudatis
319 1764 523 1832 laudandisque
534 1765 613 1828 adde,
634 1781 705 1833 quae
724 1762 849 1831 disputat
861 1760 983 1839 Madvig.
1003 1763 1165 1815 Emendatt.
1187 1762 1219 1814 in

63 1837 151 1888 libros
165 1838 223 1888 Cic.
237 1836 352 1905 philoss.
365 1853 392 1907 p.
416 1838 507 1889 191-
518 1837 578 1899 200,
599 1835 650 1904 qui
668 1851 720 1886 nec
731 1833 822 1884 nostri
832 1830 889 1882 loci
906 1832 1060 1885 immemor
1069 1834 1135 1885 tuit.
1156 1834 1217 1886 Mr.

135 1909 230 1974 operis
248 1915 274 1958 et
292 1905 428 1970 maneria]
465 1903 577 1958 Habent
603 1906 647 1958 ael
671 1921 724 1974 pro
747 1910 771 1956 et
797 1911 921 1971 quatuor
938 1904 1023 1956 Codd.
1048 1905 1118 1957 Oxx.
1143 1904 1188 1956 Au
1210 1942 1217 1956 .

61 1979 137 2030 Gud.
160 1979 226 2040 (nisi
246 1978 277 2027 in
294 1978 349 2029 hoc
368 1976 523 2051 legandum
542 1978 581 2042 at)
603 1975 686 2026 Vind.
707 1978 731 2030 2.
766 1975 895 2042 Cumque
914 1974 990 2026 idem
1010 1976 1041 2026 in
1061 1993 1118 2028 uno
1137 1922 1217 2031 aeid

61 2050 217 2117 reperisset
234 2048 323 2101 Bouh.
344 2063 401 2098 non
419 2047 660 2100 contemnendum
679 2062 737 2100 esse
755 2045 886 2114 scripsit.
907 2046 1000 2098 videri
1020 2047 1097 2099 enim
1117 2047 1220 2103 distin-

63 2138 153 2195 guere
171 2120 294 2171 voluisse
314 2119 483 2172 Ciceronem
502 2120 581 2171 inter
599 2134 666 2186 opas
686 2126 837 2178 eterianus,
867 2124 899 2167 ut
915 2119 997 2189 prius
1016 2119 1141 2188 corpori,
1168 2135 1220 2189 po-

61 2192 168 2243 sterius
191 2191 287 2243 animo
313 2191 474 2244 conveniat.
512 2189 567 2242 Sed
585 2190 640 2242 hoc
659 2188 734 2241 nihil
754 2195 806 2251 est,
833 2204 925 2255 neque
949 2190 980 2240 in
1006 2206 1037 2241 ea
1061 2190 1219 2260 scriptione

62 2262 164 2330 (animi
189 2263 244 2315 oei
265 2262 396 2331 corporis
414 2261 562 2329 gravioria
585 2260 680 2328 operis
703 2260 760 2312 ael
786 2259 925 2322 muneris)
945 2261 1113 2312 Ciceronem
1133 2276 1220 2330 agno-

60 2352 214 2386 sceremus.
257 2335 338 2387 Unus
366 2335 416 2385 Ox.
443 2334 529 2385 habet
548 2331 629 2383 dolor
653 2330 747 2382 enim
763 2329 914 2394 admotas,
933 2329 1007 2404 Aug.
1028 2332 1109 2383 dolor
1128 2337 1221 2383 uatem
1264 2373 1266 2377 ‚

65 2411 236 2456 estmotus.
275 2407 334 2457 Mr.

137 2476 246 2527 alienus
271 2490 289 2524 a
313 2473 451 2538 sensibus]
487 2472 572 2524 Hunc
596 2471 750 2525 verborum
777 2469 909 2522 ordinem
933 2471 1040 2524 habeut
1058 2473 1143 2529 Codd.
1172 2474 1220 2527 eri·

62 2553 147 2614 cepto
167 2545 252 2609 Gud.,
273 2546 401 2614 itemquo
420 2543 491 2596 Edd.
511 2545 591 2595 Brut.
612 2542 707 2594 bamb.
728 2540 814 2592 head.
836 2539 915 2608 Sylb.
936 2543 1026 2596 Gebh.
1044 2562 1121 2613 seqq.
1141 2544 1221 2597 Reii-

64 2634 138 2685 quae
157 2632 175 2667 a
193 2617 317 2667 aeasihaa
343 2615 458 2667 alienas.
497 2614 633 2685 Explicat
652 2610 797 2667 FAWolt
827 2610 859 2661 in
877 2613 994 2666 scholis:
1020 2623 1120 2667 contra
1136 2624 1221 2675 nata·

65 2705 136 2739 rain.
175 2688 233 2738 ΜΓ.

136 2758 215 2809 Haec
232 2760 287 2810 duo
310 2753 415 2809 Graeci
431 2755 485 2820 iili,
518 2770 633 2823 qaorum
657 2753 797 2820 copiosior
824 2761 866 2807 est
886 2752 993 2824 lingua,
1022 2773 1103 2826 qaam
1120 2759 1222 2815 nostre

66 2828 134 2893 eta]
172 2831 258 2880 Varia
276 2829 423 2879 variorum
442 2827 476 2878 de
494 2825 549 2878 hoc
567 2827 630 2877 loco
649 2825 757 2879 iudicia
775 2843 841 2878 cum
860 2843 960 2896 operae
978 2830 1106 2898 pretium
1125 2830 1222 2882 ridea-

64 2909 117 2950 tur
135 2901 165 2950 in
183 2918 274 2951 unum
292 2900 389 2951 locum
408 2907 542 2973 congesta
560 2913 742 2972 cognoscere,
762 2899 793 2950 in
811 2899 972 2951 Excursum
992 2901 1176 2957 coniecimus.
1188 2925 1221 2940 -·

64 2971 133 3024 cod.
156 2972 229 3023 Gud.
248 2979 312 3041 post
330 2970 473 3037 copiosior
491 2970 601 3021 osuittit
619 2976 669 3033 est,
690 2969 817 3052 itemque
837 2971 922 3022 Mar-b.
961 2972 1021 3025 Mr.

139 3042 200 3097 Una
228 3043 335 3095 aeoms'ae
360 3039 519 3109 appellant]
560 3043 656 3092 Πόνον
683 3040 836 3115 intelligit,
873 3041 949 3109 quod
982 3042 1089 3097 addidit
1123 3041 1223 3097 docus

67 3114 175 3165 Eliens.
204 3115 320 3165 secundi
347 3114 502 3164 Librarius.
540 3112 675 3162 Ceterum
700 3126 758 3162 non
784 3111 850 3162 satis
876 3129 981 3182 aequus
1008 3131 1076 3165 erra
1099 3113 1224 3168 Graecos

68 3192 111 3234 est
128 3184 183 3235 hoc
209 3185 240 3233 in
265 3184 329 3237 loco
347 3182 478 3247 Tullius,
504 3199 579 3244 nam,
604 3191 807 3250 praeterquam
835 3184 910 3251 quod
934 3184 1009 3253 apud
1032 3158 1098 3236 iilos
1125 3184 1223 3254 ὀδύνῃ,

69 3254 153 3321 ἄλγος
173 3263 201 3305 et
219 3252 384 3304 huiusmodi
402 3253 488 3321 plura
507 3253 638 3304 dolorem
656 3253 749 3305 solum
768 3253 913 3319 denotent,
941 3271 999 3309 uon
1018 3264 1080 3309 erat
1099 3273 1152 3309 cur
1168 3256 1223 3311 han

65 3323 783 3448 {attii{dedititiistitt?
799 3325 1225 3464 ttffiitpttittit?

67 3468 125 3519 cul.
146 3467 209 3518 Act.
231 3467 268 3520 11.
289 3466 333 3518 Sc.
357 3469 382 3527 1,
402 3467 428 3522 t.
470 3465 612 3521 Valetudo
630 3466 775 3529 decrescit,
795 3468 931 3519 accrescit
947 3469 1037 3520 labor.
1075 3469 1154 3521 {dem
1174 3471 1226 3525 Ga·

65 3540 121 3591 sin.
143 3538 206 3589 Act.
228 3539 265 3599 11.
286 3536 331 3591 Sc.
352 3537 407 3601 111,
427 3539 470 3591 63.
506 3537 551 3593 De
570 3537 665 3591 labore
682 3543 778 3605 pectas
797 3539 899 3591 taads't.
926 3541 1012 3591 Plura
1030 3555 1088 3591 non
1104 3541 1225 3608 desunts

69 3628 104 3662 ex
126 3608 209 3661 hisce
233 3626 302 3661 vero
327 3607 394 3659 satis
424 3616 534 3663 constat
557 3618 688 3663 nastrum
712 3625 808 3663 sanare
832 3611 921 3682 patrii
954 3613 1094 3664 sersaonis
1127 3621 1225 3666 actum

69 3680 156 3732 fuisse
176 3689 379 3731 transversum.
417 3679 453 3732 D.

140 3766 193 3803 aaa
214 3751 325 3802 naariae
344 3750 496 3818 appellunt]
533 3749 601 3805 Dav.
622 3750 652 3801 in
671 3750 723 3802 Ed.
745 3754 769 3804 1.
789 3752 956 3824 scripserat:
976 3771 1031 3808 aaa
1051 3755 1159 3809 samiae
1176 3768 1226 3825 ap·

66 3821 175 3887 peltant
203 3826 328 3886 πόνον,
363 3822 582 3888 addideratque:
620 3821 758 3885 „Ultima
784 3838 840 3874 vox
871 3833 913 3876 est
940 3842 955 3876 a
980 3827 1068 3879 atsto.
1095 3827 1226 3895 Nomia,

70 3909 152 3960 quae,
175 3892 283 3945 Graeca
303 3910 368 3943 cum
387 3893 433 3953 sit,
454 3893 485 3945 io
503 3891 568 3943 eliis
586 3892 622 3944 ab
645 3893 805 3945 scribarum
829 3894 1008 3964 imperitiam
1033 3913 1091 3949 non
1114 3898 1227 3971 legebse

70 3962 152 4018 sur.“
189 3963 232 4017 Aa
255 3980 328 4031 quaa
354 3962 444 4015 Βοιὼ.
480 3962 563 4026 Mate,
591 3964 640 4027 ait,
668 3964 767 4017 omisit
792 3964 861 4016 Dav.
888 3967 920 4016 in
944 3967 1016 4020 Edd.
1042 3984 1120 4039 seqq.
1150 3969 1228 4039 quod

70 4044 150 4087 recte
170 4043 303 4104 posuerat
327 4034 359 4084 in
377 4032 431 4085 Ed.
453 4037 476 4090 l.
506 4033 604 4087 Facile
623 4035 719 4087 intell‘
743 4034 813 4100 itur,
841 4054 896 4110 qua
923 4038 1034 4091 ratione
1057 4039 1227 4094 vocabalum

70 4107 215 4159 Graecum
234 4125 249 4157 a
268 4104 397 4157 librariis
415 4104 544 4174 potuerit
562 4106 668 4158 omitti.
732 4107 835 4159 aluisse
855 4109 941 4160 etiam
959 4114 1047 4163 nasae
1064 4110 1128 4163 addi
1140 4112 1227 4165 Bent-

69 4177 162 4230 leium
188 4179 281 4231 refert
305 4176 375 4231 Era.
413 4175 593 4233 Addiderunt
617 4175 701 4228 Veri).
727 4176 800 4229 Lali.
824 4179 899 4232 Oliv.
924 4188 954 4232 et
979 4181 1083 4234 habere
1109 4183 1228 4242 videtur

72 4266 143 4298 unus
163 4251 213 4300 Ox.
242 4247 335 4300 Verba
353 4248 451 4314 ltaque
469 4279 503 4293 «-
522 4246 632 4306 deeris
649 4248 791 4315 appellant
807 4259 928 4320 propter
951 4252 1155 4319 ὁμοιοτέὶευτον
1178 4270 1227 4306 ex-

73 4318 208 4371 ciderunt
226 4321 257 4369 in
277 4319 362 4372 Codd.
382 4319 458 4373 Gud.
478 4322 504 4376 2.
525 4320 609 4372 Vina.
629 4321 655 4379 1.
676 4320 764 4373 Rehd.
785 4321 858 4379 Gud.
884 4323 946 4375 Duo
954 4324 1026 4377 0³11.
1045 4323 1152 4376 habent
1169 4325 1228 4388 lta,
1247 4350 1257 4369 ·

71 4389 147 4439 Mon.
170 4392 192 4440 l.
214 4390 416 4454 industriosae,
436 4409 491 4458 qua
508 4392 600 4443 forma
619 4407 676 4443 non
694 4401 737 4444 est
755 4410 820 4444 usus
838 4393 948 4447 Cicero.
981 4399 1048 4448 Mox
1065 4393 1133 4447 coa.
1153 4386 1227 4470 Aug.

73 4457 186 4517 dotum
203 4474 257 4528 pra
276 4460 394 4518 datoris.
422 4462 503 4517 Unus
520 4463 572 4518 On.
592 4461 766 4529 abaciam
780 4480 837 4536 pro
854 4462 1016 4520 tamesae
1054 4464 1114 4519 atr.

101 4597 183 4641 Cicero
198 4595 264 4639 Tusa
277 4597 346 4654 Disp.
360 4599 396 4641 ed.
411 4598 495 4645 Moser.
514 4600 539 4646 T.
554 4602 574 4643 1.
960 4573 1003 4637 33
