2828 5070
199 316 263 383 340
407 311 636 379 CICERONIS
655 311 902 379 tuscum.
923 313 1153 378 msetm‘r.

200 480 363 563 afficerer,
384 497 475 560 qaus
498 477 702 548 Palameden,
723 496 815 559 qussi
836 475 977 553 Aiacess,
998 497 1091 559 qsssr
1111 476 1206 550 ulios,
1226 474 1357 536 iudicio

200 566 313 643 iniquo
335 566 561 623 drounoatos
584 565 796 622 convenirem!
820 558 985 621 Testem
1007 563 1101 621 etiun
1120 560 1231 619 mi
1251 560 1354 639 regis,

199 647 257 725 qui
281 648 432 705 morinos
463 647 574 722 copies
599 643 693 703 decit
727 642 772 703 ud
799 640 939 715 Troica,
971 651 1002 700 et
1034 641 1126 703 Ulixi
1150 638 1357 723 Sisyphique

114 792 121 805 ⁴
196 726 412 806 prudentiori:
432 744 491 785 nec
510 725 552 786 ob
573 744 639 785 eum
661 743 734 802 rem,
755 743 848 805 qm
869 723 948 782 hoec
965 726 1170 803 erqsireresr,
1191 725 1278 783 sicat
1298 720 1356 783 Aic

199 806 367 885 faciebant,
399 810 506 886 capite
533 807 709 867 densaret.
752 807 804 868 lt'e
829 824 886 866 vos
907 805 1041 885 quidese
1068 805 1201 879 iudices,
1221 806 1258 873 ii,
1295 805 1355 883 psi

269 958 382 1010 laudicio
401 955 515 1025 iniquo]
551 954 609 1006 Vul
667 954 835 1022 iniquorum.
860 956 918 1009 Sed
935 964 1015 1009 recte
1034 955 1078 1008 Ol
1097 954 1264 1019 Bentleius3
1282 972 1352 1006 uam

199 1027 281 1081 Plato
299 1027 385 1081 babet
408 1027 457 1078 διὰ
479 1033 569 1096 κρίσιν
586 1027 605 1076 ἅ
624 1041 693 1076 inor.
729 1026 766 1077 D,

270 1099 382 1150 Indicio
413 1097 538 1164 iniquo
569 1093 785 1158 circumtutos]
825 1093 932 1164 Recepi
960 1095 1190 1148 emendationem
1221 1087 1354 1149 Bentleii

199 1185 267 1222 cum
293 1167 364 1219 Dav.
391 1166 462 1218 Em.
491 1164 574 1216 Scbz.
594 1164 643 1216 0r.
663 1164 753 1217 Nobb.
772 1162 845 1215 Tbn.
866 1181 926 1217 nou
944 1173 1013 1228 tam,
1038 1173 1072 1215 nt
1091 1164 1226 1217 ciceroni
1244 1163 1353 1215 melius

199 1239 355 1292 conveniat
381 1253 447 1289 cum
475 1236 612 1288 Graecis:
640 1235 688 1286 dod
713 1243 801 1304 spicer
818 1234 926 1289 idaeos.
949 1251 1121 1303 quamquam
1139 1241 1170 1285 et
1186 1231 1254 1294 boe,
1282 1233 1354 1284 aliis

198 1307 400 1362 accedentibus
423 1306 593 1368 rationibus,
620 1305 733 1372 aliquid
755 1306 897 1356 momenti
920 1303 1022 1356 babet:
1055 1303 1105 1356 sed
1128 1304 1197 1371 quia
1213 1302 1354 1356 salidus

197 1379 360 1446 iniquorum
378 1393 432 1447 pro
450 1376 580 1426 indicum
595 1374 643 1426 rel
660 1373 813 1426 bominum
832 1376 1000 1442 iniquorum
1014 1372 1064 1426 rel
1082 1389 1136 1443 pro
1149 1374 1354 1436 inimicorum,

198 1465 257 1500 non
274 1448 392 1500 ridetur
409 1446 520 1496 dictum
547 1461 583 1496 ex
608 1460 691 1496 more
709 1442 868 1506 Ciceronis,
902 1460 997 1512 neque
1021 1460 1056 1495 re
1074 1460 1143 1495 vera
1165 1443 1201 1494 ab
1219 1442 1355 1495 inimicis

198 1516 395 1569 circumventi
414 1521 480 1566 suut
499 1512 663 1565 Palamedes
682 1520 711 1565 et
728 1513 811 1576 Aiax,
832 1513 880 1565 sed
899 1513 1008 1564 iudicio
1027 1514 1137 1580 iniquo,
1164 1514 1248 1565 esim
1266 1529 1354 1564 musa

197 1587 257 1640 tuit
276 1586 411 1638 vafrities
429 1585 515 1635 unius
534 1584 656 1646 inimici,
679 1599 775 1650 neque
793 1584 856 1650 ipse
874 1583 1008 1634 Socrates
1026 1583 1099 1634 dicit
1116 1598 1148 1634 se
1166 1584 1354 1635 circumven-

197 1662 262 1708 tum
282 1672 343 1708 esse
362 1655 551 1706 inimicorum
569 1654 693 1705 indicio:
713 1670 780 1703 nam
798 1653 912 1704 inimici
930 1652 1046 1720 quidem
1066 1668 1131 1704 eum
1149 1653 1353 1722 perdiderunt,

198 1741 254 1778 nec
271 1740 341 1777 vero
360 1741 460 1778 eorum
478 1725 628 1776 iudicium.
666 1722 794 1785 Accedit,
824 1723 900 1791 qood
927 1723 960 1774 in
983 1723 1103 1791 optimis
1127 1722 1212 1773 libris
1229 1738 1291 1775 nou
1308 1722 1355 1774 le-

222 1797 290 1860 'tur,
309 1804 344 1847 nt
361 1794 451 1868 vulgo
470 1793 576 1857 editur,
596 1794 645 1846 sed
663 1791 770 1844 babent
791 1790 860 1866 lieg.
880 1792 954 1845 Gud
977 1797 1001 1846 1.
1020 1795 1046 1847 2.
1071 1792 1246 1859 iniquorum
1271 1808 1354 1844 ness-

216 1882 269 1931 οι,
297 1865 373 1934 quod
391 1880 543 1933 perperam
571 1864 648 1916 lecto
666 1861 765 1930 aliquo
783 1878 846 1914 com
885 1862 955 1915 ndio
972 1863 1048 1914 oriri
1072 1864 1168 1930 potuit
1189 1880 1226 1915 ex
1252 1863 1299 1915 isi

198 1937 439 1988 circumuentos.
478 1931 615 2001 Scriptor
642 1931 758 1984 Codicis
785 1930 846 1983 Iieb
869 1975 875 1986 .
900 1932 1061 2002 reperiebat
1088 1932 1164 1984 illud
1182 1934 1246 1985 siue
1264 1933 1303 1985 du
1323 1932 1353 1984 io

199 2006 287 2059 οίίεω
308 2006 338 2056 ἰιι
358 2018 390 2057 eo
410 2003 491 2067 cod,
510 2019 596 2070 quem
615 2002 789 2070 descripsit:
818 2002 866 2054 sed
890 2018 956 2053 cum
984 2003 1070 2053 istam
1089 2002 1247 2054 lectionem
1266 2020 1355 2056 seusu

199 2089 299 2128 narem
317 2073 449 2135 vidisset,
468 2073 599 2123 correxit
616 2071 778 2139 iniquorum
800 2072 926 2124 victos.
962 2072 1043 2124 Unus
1067 2071 1117 2127 0¹.
1141 2071 1228 2124 babet
1245 2073 1354 2126 indicio

200 2144 415 2211 aliquorum.
441 2142 477 2193 ll.
497 2140 659 2212 Stephanus
677 2141 859 2195 existimsbst
877 2143 1026 2210 scripsisse
1044 2141 1215 2195 Ciceronem
1240 2142 1356 2212 inique-

199 2231 274 2278 rtsm,
304 2212 333 2264 le
355 2214 411 2265 isse
437 2219 532 2265 autem
556 2212 588 2263 in
613 2211 678 2264 loco
697 2210 824 2264 Platonis
849 2209 954 2265 tinas
970 2227 1025 2281 pro
1043 2206 1150 2264 ἄδικον.
1178 2213 1213 2264 V.
1232 2213 1270 2277 ei.
1290 2212 1353 2268 cie.

199 2285 267 2338 lsut
287 2300 315 2352 p·
334 2231 396 2338 lit.
415 2281 458 2336 ed-
478 2283 566 2336 Paris
602 2282 677 2335 Fere
696 2281 856 2334 ridiculum
874 2290 927 2343 est,
945 2279 1021 2351 quod
1040 2281 1130 2335 Gebb
1151 2282 1183 2333 in
1202 2282 1353 2353 Crepund.

198 2372 230 2426 p.
248 2357 311 2410 Μ.
332 2353 376 2414 (ln
391 2352 429 2405 ll.
444 2354 531 2416 extr.)
550 2351 708 2404 lectionem
727 2352 843 2420 optimi,
860 2360 895 2402 ut
912 2353 963 2416 ait,
981 2351 1040 2407 Pal.
1059 2353 1168 2405 iudicio
1186 2353 1355 2423 obliquo·

200 2439 275 2478 sum
294 2424 497 2475 circumventos
515 2424 540 2475 si
558 2438 616 2474 non
630 2421 821 2486 commendat,
840 2429 922 2475 certe
939 2439 998 2475 non
1010 2422 1159 2476 absurdam
1170 2423 1254 2487 dicit,
1274 2439 1355 2492 oom-

199 2494 310 2566 psratis
328 2494 508 2547 Graecorum
525 2492 644 2544 vocibus
665 2494 782 2552 σκολιὸς,
801 2495 981 2560 πολύτροπος.
999 2496 1194 2562 ποικιλόφρων,
1213 2493 1355 2547 laudatis·

201 2581 257 2633 qne
274 2563 386 2630 aliquot
403 2571 537 2615 veterum
565 2562 648 2624 locis,
676 2563 729 2630 qui
755 2560 812 2614 buc
836 2561 923 2630 plane
940 2562 1018 2615 nibil
1035 2563 1155 2614 iaciunt
1192 2562 1354 2638 vulgatum

201 2639 322 2685 tuentur
339 2631 428 2684 Boub.
454 2632 597 2686 FAWoli.
616 2630 780 2684 Kiibnerus.
817 2632 878 2685 Mr.

275 2703 421 2753 Tenturem
439 2703 526 2754 etiam
545 2702 645 2754 summi
665 2700 757 2768 regis]
795 2702 814 2752 i.
834 2720 857 2754 e.
879 2705 1113 2778 Agamemnonis.
1139 2703 1208 2758 Cod.
1228 2706 1317 2761 btsrb.
1337 2724 1355 2760 s

223 2787 247 2822 r.
267 2788 306 2827 m.
327 2779 525 2837 temperarem.-
555 2789 627 2840 quae
645 2773 768 2840 scriptio
787 2780 850 2823 orta
869 2783 911 2826 est
930 2791 965 2825 ex
991 2781 1161 2840 temptarem
1199 2775 1281 2828 Unus
1300 2775 1353 2829 01.

201 2788 289 2893 labet
307 2841 452 2893 etiamsi:
472 2841 549 2911 quod
566 2843 690 2893 sortasse
707 2842 829 2896 debetur
846 2846 1016 2909 correctori,
1036 2846 1087 2914 qui
1105 2846 1284 2914 oppositioni
1303 2862 1356 2900 nec

203 2913 270 2981 (pro
293 2912 476 2993 necotamen)
503 2909 534 2961 id
558 2910 743 2993 tribuendum
771 2912 912 2966 crederet.
956 2914 1010 2966 Pro
1034 2914 1083 2980 qus·
1107 2916 1140 2967 iu
1165 2915 1241 2970 teon.
1261 2920 1288 2971 l.
1308 2924 1355 2970 ost

203 2978 627 3105 tlittixsstntffisitts
660 2981 1356 3127 ”sifflsiess’232'·0,¹353.¹¹:isi;tf:ftrittt'.z

203 3124 329 3249 ξιάλὶοιᾶι
351 3122 384 3172 τὰ
408 3117 526 3188 ἐμαυτοῦ
550 3119 626 3184 πάθη
652 3121 722 3189 πρὸς
747 3120 779 3172 sd
808 3118 927 3187 ἐκείνων,
958 3123 995 3180 ὥς
1012 3119 1125 3190 ἐγῷμαι,
1152 3122 1200 3178 οὐκ
1218 3125 1255 3190 dy
1271 3126 1354 3193 ἀηδὲς

246 3229 253 3243 .
327 3209 350 3244 r.

229 3211 244 3260 η
276 3269 302 3316 et
323 3261 404 3316 Ulixi
422 3260 591 3330 Sisyphique
607 3261 797 3328 prurientium]
823 3262 934 3330 Scripsi
954 3262 1194 3318 Uiieicanas.
1207 3267 1352 3323 FAWoli.

205 3332 287 3387 Koel.
308 3331 391 3387 schz.
411 3332 458 3386 0r.
478 3331 569 3385 Nobb.
595 3329 667 3383 Tbn.
696 3349 731 3395 ex
759 3330 846 3386 Godd.
873 3332 948 3384 Gud.
971 3337 994 3390 1.
1013 3336 1040 3389 2
1075 3333 1195 3405 Reliqui
1212 3339 1355 3391 tluctuant

206 3403 286 3455 inter
315 3401 409 3455 Ulixis
435 3402 506 3462 (tres
529 3400 599 3453 Onu
623 3399 712 3453 Rebd.
739 3398 840 3458 lluisb.
868 3402 945 3455 Gud.
972 3403 1046 3477 Aug.
1073 3405 1151 3458 idon.
1173 3413 1195 3458 Ι.
1212 3411 1238 3462 2
1266 3409 1356 3460 Bern.

206 3470 280 3524 Edd.
300 3469 329 3524 S.
350 3470 409 3533 il),
432 3468 528 3538 Ulyssi
546 3469 633 3532 (Edd
652 3470 723 3522 Ern.
743 3471 834 3527 Gron.
894 3491 1030 3541 amquam
1043 3471 1094 3528 bic
1111 3492 1147 3528 ex
1160 3478 1249 3528 vatic.
1271 3477 1356 3529 Uiixs'

208 3540 293 3594 edere
312 3537 448 3602 volebat),
471 3538 571 3605 Ulynis
597 3537 683 3600 (Edd.
705 3539 784 3591 Junt.
805 3541 835 3592 P.
879 3543 922 3595 ob.
948 3543 1048 3613 Stepb.
1074 3544 1184 3598 Sturm.
1207 3545 1240 3596 A.
1258 3545 1289 3600 B.
1313 3548 1353 3602 Μ.

207 3607 273 3661 Ald.
293 3607 372 3677 sylb.
392 3608 473 3660 Boul.
492 3608 587 3671 Brut.)
607 3607 694 3676 tityri
712 3608 777 3673 (Ed.
796 3610 906 3678 verb),
929 3613 1051 3682 Ulyssis,
1170 3620 1212 3666 est
1231 3617 1261 3667 in
1279 3615 1356 3671 reli.-

209 3680 281 3750 quis.
299 3676 365 3729 vid.
386 3678 469 3732 c.1..
490 3676 649 3731 Schneider
666 3680 718 3732 Gr.
738 3680 799 3734 lat.
818 3682 856 3734 11.
875 3682 1069 3745 (Formenl.
1101 3684 1124 3741 ο)
1145 3699 1174 3751 p.
1195 3686 1255 3741 164.
1277 3685 1355 3739 Goe-

207 3766 287 3803 rens.
308 3747 343 3801 ad
362 3746 422 3799 cic.
442 3746 477 3801 de
496 3748 580 3807 Fiun·
602 3748 640 3802 ll.
659 3751 704 3804 34.
725 3755 784 3808 lto.
804 3768 832 3820 p.
852 3755 913 3808 Μ.
932 3753 1029 3806 Burm.
1048 3753 1084 3808 sd
1101 3751 1182 3806 ovid.
1201 3753 1270 3808 Her.
1287 3756 1352 3811 1.1.

207 3817 378 3873 liamsborn.
400 3817 450 3873 Gr.
474 3817 536 3874 bat.
561 3817 582 3882 i.
601 3821 645 3873 29.
670 3837 700 3889 p.
719 3823 762 3875 48.
800 3821 920 3875 Accedit
944 3832 1060 3877 nostrae
1085 3825 1240 3894 scriptioni
1267 3828 1355 3880 otiam

209 3888 278 3942 eod.
299 3889 385 3943 Mes-b.
415 3889 446 3940 in
469 3905 527 3957 quo
553 3888 672 3942 nonnisi
694 3907 783 3958 prave
805 3907 910 3945 vocum
936 3893 1124 3949 distractione
1146 3896 1288 3964 scriptum
1311 3904 1357 3949 est

212 3958 336 4013 Ulixis
353 3956 515 4027 isypiiqne.
544 3959 618 4024 Quae
637 3970 807 4028 sequuntur,
826 3963 851 4014 si
860 3963 969 4016 Graeca
987 3980 1148 4033 compares,
1166 3965 1238 4019 item
1256 3967 1355 4019 minus

209 4034 350 4088 accurate,
369 4045 406 4081 ne
424 4029 517 4081 dicam
535 4027 744 4105 negligentius,
763 4048 778 4082 a
797 4031 937 4087 Cicerone
954 4050 1092 4088 conversa
1110 4034 1227 4089 videbis.
1261 4034 1356 4089 Verba

209 4114 273 4152 cum
296 4097 363 4150 boec
384 4097 489 4151 nbsunt
513 4098 547 4151 ab
570 4115 628 4152 uno
646 4100 696 4154 Ox.
722 4100 777 4154 duo
799 4101 852 4155 alii
876 4100 982 4156 babent
1007 4119 1070 4157 cum
1096 4102 1167 4163 loc.
1183 4103 1356 4157 llebdcsns

209 4184 279 4222 eum.
319 4166 394 4220 Tum
411 4167 495 4222 vind.
516 4174 540 4225 1.
561 4169 656 4223 sicuti.
695 4169 775 4236 Quod
794 4172 848 4224 sit:
866 4173 942 4226 sicut
959 4173 1006 4225 iic
1022 4175 1170 4241 faciebam,
1187 4171 1217 4226 id
1234 4190 1356 4245 quomo-

209 4239 246 4293 do
269 4239 374 4292 iecerit
391 4255 427 4291 ex
445 4240 505 4308 ipsa
523 4239 710 4294 antecedente
728 4240 820 4325 Apolo
845 4242 887 4295 'ae
903 4251 987 4312 parte
1004 4243 1104 4298 videre
1122 4245 1202 4300 licet.
1223 4276 1255 4288 -
1283 4247 1357 4299 Ver-

209 4307 278 4362 bum
297 4309 448 4362 damnarer
466 4311 577 4364 omittit
595 4309 669 4366 Gud.
688 4311 733 4377 ’.ς
759 4329 791 4363 sn
838 4327 884 4364 on.
905 4318 929 4367 l.
950 4322 995 4367 est
1013 4314 1181 4369 dominarer.
1219 4316 1280 4371 Me.

280 4379 321 4432 Ne
338 4395 387 4432 vos
405 4379 515 4448 quidem
534 4380 651 4446 iudices,
669 4380 702 4446 ii,
721 4381 769 4449 qss'
785 4396 831 4435 oss
847 4382 1018 4450 absolvistis,
1040 4392 1155 4439 mortem
1173 4383 1356 4456 stamen.)
