2828 5070
211 480 275 547 bbb
411 477 641 543 CICERONIS
663 478 910 546 Tuscum.
933 481 1164 548 DISPUTA'I'.

212 640 414 706 torminibus
436 651 471 706 et
496 645 533 706 in
561 647 754 731 stranguria
784 667 845 710 sua
870 647 1039 729 praebeat.
1087 647 1240 713 Aliunde
1266 651 1372 737 igitur

144 791 154 799 ,
211 733 263 788 ost
283 725 471 808 quaerenda
485 725 661 806 medicina,
684 736 718 791 et
738 732 881 792 maxime
892 730 1024 813 quidem
1045 730 1101 809 (si,
1124 731 1210 813 qnid
1225 735 1371 794 maxime

209 817 467 873 consentaneum
485 813 540 888 sit,
568 811 770 892 quaerimus)
791 813 832 874 ab
850 815 905 889 iis,
928 814 1058 894 quibus,
1080 813 1171 895 quod
1193 815 1370 878 honestum

209 890 265 967 ait,
286 911 452 953 summum
474 891 614 956 bonum:
637 893 723 975 quod
745 901 856 976 turpe,
875 915 1039 957 summum
1065 895 1209 958 videtur
1237 899 1367 963 malum.

207 970 272 1033 His
304 981 343 1034 tu
370 973 599 1056 praesentibus
626 993 760 1061 gemere
782 985 816 1038 et
836 979 961 1041 iactare
983 986 1016 1039 te
1037 997 1104 1039 non
1126 978 1273 1041 audebis
1296 1000 1367 1061 pro-

211 1061 310 1118 tecto.
354 1055 531 1137 Loquetur
549 1059 639 1119 enim
661 1076 778 1120 eorum
799 1078 882 1121 voce
902 1063 1012 1122 virtus
1033 1061 1106 1141 ipsa
1127 1068 1269 1124 tecum:

147 1137 191 1203 2⁰
294 1137 401 1210 Tune,
430 1159 531 1220 quum
560 1159 683 1223 pueros
709 1140 969 1216 Lacedaemone,
997 1139 1227 1206 adolescentes
1259 1143 1367 1224 Olym·

149 1234 194 1290 ss.
214 1221 301 1304 piae,
324 1219 484 1282 barbaros
504 1223 540 1283 ia
562 1241 671 1296 arena,
694 1221 820 1285 videris
842 1225 1041 1305 excipientes
1062 1226 1285 1309 gravissimas
1306 1228 1367 1308 pls·

211 1321 270 1389 gas
291 1310 326 1364 et
346 1305 491 1365 terentes
512 1303 659 1381 silentio,
681 1306 710 1364 si
730 1313 764 1367 te
786 1308 874 1366 torte
896 1305 992 1367 dolor
1014 1307 1134 1388 aliquis
1157 1309 1367 1388 pervellerit,
1407 1350 1411 1361 ·

213 1385 409 1448 exclamabis
436 1394 477 1447 ut
502 1384 644 1460 mulieri
675 1407 742 1449 non
770 1396 972 1464 constanter,
1001 1397 1034 1450 et
1062 1387 1177 1453 sedate
1201 1390 1311 1452 teresi
1331 1426 1366 1438 -

211 1563 318 1633 ἡμέραν
334 1570 386 1620 τοῦ
403 1571 476 1634 βίου,
495 1565 571 1635 quod
588 1565 636 1618 vel
654 1583 700 1618 res
719 1564 779 1635 ipsa
797 1566 864 1618 satis
882 1566 989 1620 doceat
1013 1567 1259 1622 Emendationem
1279 1578 1368 1622 tamea

212 1645 339 1688 nostram
361 1636 503 1699 innubit,
530 1636 555 1686 si
578 1652 647 1705 opus
672 1644 725 1700 est,
752 1635 890 1688 Arrianus
914 1636 1010 1706 Epist.
1035 1637 1086 1689 lib.
1111 1639 1149 1690 11.
1178 1656 1242 1710 cap.
1269 1641 1366 1693 mn.

233 1725 277 1781 ag.
298 1708 358 1760 292.
395 1709 458 1758 Νῦν
481 1703 514 1757 δὲ
538 1709 566 1758 ri
587 1704 671 1769 torta,
693 1703 833 1776 Ἐπίκουρε
851 1738 885 1750 -
909 1707 940 1759 rb
964 1712 1083 1778 γράφον,
1111 1704 1158 1764 ὅτε
1185 1707 1368 1778 ἀπέθνησκεν,

212 1723 257 1831 du
274 1779 323 1842 τὴν
343 1769 590 1829 masmim
604 1774 695 1844 ἄνωθ’
716 1772 775 1843 ἅμα
794 1778 840 1830 καὶ
856 1784 994 1847 μακαρίαν
1016 1778 1130 1849 ἡμέραν.
1169 1780 1299 1852 Epicuri
1317 1784 1369 1835 ior·

211 1846 370 1902 titudinem
387 1848 419 1900 in
435 1848 617 1919 perferendis
634 1848 744 1901 vesicae
763 1857 791 1901 et
809 1849 953 1901 viscerum
975 1850 1083 1902 morbis
1108 1851 1263 1920 praedicat
1288 1853 1368 1906 etiam

213 1918 322 1974 Seneca
339 1918 386 1988 Ep
408 1959 415 1971 .
435 1923 479 1983 66,
498 1920 541 1975 92.
579 1918 615 1976 D.

285 1936 408 2044 attend
426 1989 521 2059 igitar
539 1995 580 2042 est
599 1989 758 2060 quaerendo
775 1987 924 2056 medicina]
960 1990 1045 2044 codd.
1070 1990 1161 2045 llehd.
1188 2000 1221 2045 et
1238 1993 1325 2044 Vind.
1345 1998 1366 2048 l.

214 2059 375 2128 tetigitur.
413 2062 504 2114 Verba
522 2059 631 2128 quidem
650 2087 684 2098 -
701 2060 822 2114 monime
840 2062 942 2114 desunt
960 2062 991 2113 in
1010 2078 1067 2114 uno
1086 2062 1137 2114 Ox.
1161 2064 1248 2116 causi
1268 2065 1370 2117 erroris

213 2131 372 2186 manifesti.
398 2131 472 2184 Gud.
492 2134 518 2185 2.
544 2130 629 2183 habet
655 2131 688 2183 si
711 2132 796 2199 qnid
819 2131 928 2199 quidem
946 2131 1068 2203 siquid.
1095 2132 1180 2184 Vind.
1205 2139 1229 2188 1.
1254 2133 1285 2188 ri
1309 2135 1371 2204 qaid

214 2203 266 2257 ait
284 2207 506 2266 concentonem,
526 2216 709 2267 quaeramus
727 2203 761 2255 ab
779 2200 841 2254 bis.
862 2202 946 2254 Vind.
966 2206 991 2258 2.
1012 2210 1236 2259 consectaneum.
1256 2205 1333 2288 Aug.
1345 2207 1371 2270 fit

235 2289 269 2325 ro
287 2271 336 2326 ss't.
373 2272 454 2324 Unus
473 2272 521 2324 Ox.
547 2273 660 2323 omittit
680 2273 761 2339 qaod,
788 2275 861 2324 Mon.
884 2278 907 2327 l.
936 2271 978 2325 ait
1034 2283 1060 2326 st
1077 2272 1230 2327 honestam.
1263 2276 1371 2329 Stoicos

239 2343 265 2395 'c
284 2340 380 2395 intell'
405 2341 412 2354 '
433 2358 516 2395 nemo
534 2358 592 2394 non
608 2342 696 2395 videt.
717 2342 802 2398 Codd.
822 2343 910 2396 Rehd.
932 2343 1002 2395 Duis
1023 2383 1029 2395 .
1049 2344 1075 2396 A
1096 2363 1123 2396 v.
1143 2345 1254 2399 habent
1271 2349 1371 2400 moiun

215 2413 337 2470 uidetur.
394 2413 472 2466 aullo
490 2432 521 2466 su
542 2414 619 2466 erius
637 2415 712 2466 Mon.
731 2415 758 2471 2.
776 2413 862 2466 habet
880 2429 1070 2481 quaeramus.
1129 2432 1162 2468 ro
1190 2415 1238 2469 lia
1265 2421 1299 2470 ta
1325 2420 1372 2470 ali-

214 2494 288 2557 quot
304 2482 374 2537 libri
398 2483 505 2549 (Duisb.
521 2431 606 2551 Ibiis]
633 2486 708 2537 Mon.
728 2486 753 2539 2.
779 2483 836 2537 MS.
856 2502 946 2568 marg.
975 2484 1039 2538 Asc.
1060 2488 1085 2539 2.
1104 2486 1179 2539 Edd.
1201 2487 1228 2540 S.
1248 2489 1300 2553 E.)
1327 2490 1372 2541 hs·

109 2589 114 2604 .
216 2555 286 2610 beut
310 2556 349 2610 tis
367 2561 407 2622 tn,
431 2564 463 2608 ut
489 2556 587 2626 paullo
611 2555 742 2625 superius
767 2554 855 2607 multi
884 2556 983 2619 (ettam
1002 2557 1070 2608 Dav.
1100 2573 1137 2608 ex
1154 2558 1240 2631 Reg.)
1267 2561 1305 2613 ab
1322 2559 1373 2612 tte

127 2621 134 2630 '
215 2645 269 2699 pro
288 2629 322 2681 ab
341 2624 398 2679 iis.
436 2629 490 2679 Pro
509 2632 538 2679 tn
556 2644 629 2677 unus
648 2626 697 2678 Ox.
717 2625 803 2678 habet
830 2625 869 2690 in,
894 2626 949 2679 duo
967 2633 1033 2678 tam.
1061 2626 1114 2678 Ed.
1135 2630 1165 2680 P.
1187 2628 1273 2682 enim.
1313 2633 1372 2683 Mox

215 2695 1162 2823 sas¹1⁶s⁶‘“.;t..t:z⁰⁰⁶l·.3”t..¹..²st”³..ultius
1184 2699 1370 2824 “llul'tl·

215 2840 241 2894 si
260 2805 444 2892 collutionem
462 2786 751 2907 nostrdinqilnspicias,
779 2838 811 2889 in
830 2784 910 2891 engle
926 2785 1010 2910 plane
1029 2838 1125 2892 deesse
1143 2788 1372 2896 gidqmrnquffl
1407 2892 1412 2909 ¹

217 2910 324 2963 babent
341 2914 369 2959 te
386 2907 512 2961 iactares
531 2909 681 2982 Intellige:
699 2924 771 2976 prae
790 2909 896 2961 dolore.
934 2910 987 2962 Pro
1005 2910 1135 2978 loquetur
1152 2912 1232 2963 Mon.
1255 2917 1281 2968 1.
1302 2916 1328 2969 2
1348 2922 1372 2966 et
1407 2912 1412 2949 ἵ

216 2988 276 3032 tres
296 2981 365 3033 01¹.
393 2978 499 3031 habent
524 2978 659 3049 loquitur.
692 2979 764 3031 Gud.
791 2979 903 3032 omittit
926 2996 992 3032 cum
1019 2983 1093 3032 Mon.
1115 2986 1139 3035 1.
1166 2981 1252 3035 enirn.
1292 2983 1371 3037 Deest
1405 3042 1408 3049 ,

217 3066 283 3104 soce
301 3050 333 3101 in
350 3049 512 3102 liciskisnis
530 3051 601 3102 Edd.
621 3052 691 3104 Ven.
713 3053 737 3104 1.
757 3050 828 3103 Med.
848 3052 873 3105 2.
900 3049 971 3103 item
996 3049 1028 3102 in
1045 3053 1116 3104 Ven.
1136 3051 1236 3106 Alteri
1266 3054 1327 3118 (ubi
1345 3056 1371 3106 in

219 3139 310 3196 marg.
331 3121 460 3173 additum
478 3121 530 3184 est)
550 3122 620 3173 Ven.
640 3128 730 3182 nostr.
750 3119 813 3174 Asc.
836 3125 859 3175 l.
879 3120 1005 3204 1³3Mr.
1405 3140 1410 3157 ¹

217 3265 255 3319 11.
277 3266 318 3319 19.
338 3267 381 3319 61.
401 3262 439 3315 11.
466 3264 509 3317 ⁴5.
538 3269 611 3315 extr.
637 3261 732 3314 Parad.
752 3263 775 3314 1.
794 3265 820 3316 3.
846 3191 1369 3335 ffiffidirlxdlaelauldidxdhllbldcffi

216 3354 245 3408 p.
267 3337 327 3391 146.
348 3334 390 3386 ed.
410 3331 450 3400 3.]
486 3332 530 3385 Ad
552 3350 580 3384 v.
597 3348 700 3401 pueros
722 3331 889 3385 Beroaldus:
915 3333 995 3399 „hos
1019 3333 1167 3404 appellent
1187 3336 1298 3390 Graeci
1322 3345 1369 3407 βα·

216 3411 346 3475 μονίκαςε
367 3405 447 3473 quasi
467 3405 498 3455 in
516 3421 565 3455 era
583 3403 786 3456 contendentes
804 3403 838 3457 de
853 3405 1008 3457 tolerantia
1024 3404 1211 3478 plagarum.“
1230 3407 1369 3462 Sci-ibitur

216 3475 451 3531 Lacedaemoniae
469 3474 500 3527 in
519 3474 604 3528 Codd.
623 3473 667 3526 Au
691 3513 696 3524 .
717 3475 805 3527 Marb.
824 3475 906 3526 Vind.
929 3480 953 3530 1.
990 3477 1044 3527 Pro
1070 3491 1154 3544 quum
1173 3476 1251 3530 Gud.
1273 3481 1300 3533 2.
1327 3479 1369 3531 lu·

217 3551 266 3604 bet
290 3555 355 3600 lum.
393 3545 590 3599 Adolescentea
617 3492 712 3599 Wolf.
738 3544 768 3595 in
792 3545 899 3597 scholis
923 3545 1050 3615 explicat
1075 3544 1210 3610 athletos,
1236 3551 1369 3603 barim

216 3631 313 3743 {tl-‘t
329 3616 651 3739 {illitu-¹233..
670 3613 1215 3752 ttzzttt.:⁰‘ll¹‘.ittsttu
1254 3622 1291 3673 ¹¹¹
1309 3620 1366 3703 ⁰⁰⁹·

264 3710 312 3742 rs.
347 3706 393 3740 er
428 3705 445 3738 r
837 3725 843 3738 .
1198 3708 1265 3743 snus
1289 3709 1318 3746 se
1342 3708 1367 3743 an

216 3761 293 3813 libro
311 3704 529 3826 Mbgrepegisse
548 3757 589 3809 sit
605 3756 769 3824 permaiert't,
789 3767 817 3810 et
835 3758 876 3808 ita
895 3767 936 3810 est
950 3704 986 3809 in
1004 3773 1061 3809 uno
1081 3759 1130 3810 Ox.
1150 3759 1240 3813 Vin'd.
1253 3767 1279 3818 1.
1299 3765 1365 3816 bion.

217 3836 242 3887 l.
263 3828 379 3887 audo.
400 3826 428 3879 S.
447 3827 483 3879 E.
503 3826 534 3879 Ο.
554 3831 618 3880 Asc.
638 3830 663 3882 2.
684 3828 806 3882 HWolf.
827 3828 902 3896 quod
919 3828 1016 3897 placet
1032 3829 1160 3894 Reiskio,
1191 3849 1247 3886 nec
1276 3834 1319 3887 dis
1350 3833 1368 3871 ‘-

216 3912 263 3956 cet
280 3898 446 3961 Bouhierio,
466 3898 516 3967 qui
534 3898 610 3950 idem
629 3907 739 3951 exstare
758 3898 830 3951 dicit
849 3899 881 3951 in
899 3898 966 3951 Cod.
985 3900 1055 3974 Reg.
1082 3916 1140 3951 uno
1158 3901 1242 3955 Leid.
1273 3913 1303 3958 et
1319 3852 1359 3957 dal

215 3975 284 4028 Rob.
304 3971 402 4042 steph.
423 3967 490 4034 [hoc
507 3984 577 4020 vero
595 3970 699 4021 fabum
718 3977 774 4022 est:
794 3969 880 4021 habet
898 3970 977 4021 enim
996 3986 1028 4022 ca
1046 3987 1112 4022 cum
1130 3987 1178 4023 ma
1219 4013 1226 4025 .
1247 3974 1326 4028 Crat.
1343 3980 1367 4026 et

215 4045 361 4115 plerisque
378 4038 558 4110 pervellerit]
578 4043 611 4094 ln
629 4041 700 4093 Edd.
720 4056 737 4091 a
754 4040 871 4093 Reiskio
889 4040 1004 4093 collatis
1022 4042 1091 4093 Vcn.
1113 4046 1138 4095 1.
1158 4044 1185 4096 2.
1238 4045 1282 4098 ed.
1304 4052 1327 4102 ι.
1344 4047 1365 4099 2.

236 4124 364 4167 raeterea
382 4113 414 4163 iu
431 4114 460 4164 P.
480 4110 513 4162 A.
533 4112 564 4163 Β.
584 4114 654 4164 Van.
674 4119 762 4162 nostr.
782 4110 846 4162 Asc.
868 4115 891 4165 1.
918 4114 999 4164 lunt.
1025 4127 1181 4194 perperam
1209 4124 1254 4168 est
1277 4123 1367 4186 pertu-

215 4133 283 4238 brit
310 4193 406 4237 ortum
435 4200 471 4235 ex
490 4183 653 4249 perculerit.
695 4181 775 4232 Unus
801 4180 898 4233 Duisb.
931 4182 1018 4234 habet
1046 4199 1151 4235 miram
1180 4188 1368 4258 scriptionem
1406 4226 1409 4233 .

213 4252 420 4327 cecinissent
435 4253 508 4330 Aug.
525 4251 693 4323 percuteris.
721 4251 874 4305 Commode
892 4254 1006 4305 confert
1023 4252 1150 4306 Orellius
1167 4255 1235 4309 Lib.
1256 4260 1311 4313 III.
1329 4261 1367 4315 lt.
1405 4258 1408 4273 ²

215 4328 264 4383 ³⁶:
284 4341 355 4410 qnae
374 4323 512 4391 [fortuna]
529 4322 740 4392 pervellere
758 4328 784 4375 te
800 4322 926 4387 (naiton
947 4321 1074 4392 merit
1100 4329 1128 4376 et
1149 4340 1292 4397 pengm,
1318 4344 1368 4384 m

182 4402 304 4468 ,Μαί
324 4400 399 4451 certe
424 4393 501 4448 vires
517 4396 661 4463 msere.
697 4393 798 4467 Pergit
814 4410 890 4446 unus
907 4393 957 4447 01.
977 4392 1068 4460 fieri
1084 4394 1287 4454 mmsis.
1312 4401 1367 4456 Hs·
1413 4445 1414 4448 ,

285 4470 348 4522 Nec
372 4463 544 4531 constanter]
579 4466 605 4516 V
697 4479 760 4517 non.
795 4464 902 4518 llatnm
921 4479 997 4537 ¹rero
1018 4463 1134 4519 cantab.
1161 4484 1285 4540 sequor,
1308 4487 1368 4528 m

215 4554 272 4612 qno
289 4539 361 4593 nott
379 4535 527 4593 charisius
543 4534 593 4589 lib.
614 4537 652 4591 1.
672 4534 727 4588 ool.
747 4535 807 4591 lto.
844 4535 883 4589 D.

285 4609 359 4666 Non
375 4609 537 4664 comantes·
560 4613 588 4663 ct
609 4607 707 4662 caete
728 4603 841 4672 street]
876 4605 999 4660 Restitni
1022 4621 1078 4662 non
1095 4622 1132 4660 ex
1158 4607 1250 4666 libris
1268 4611 1370 4670 nocui

288 3210 313 3245 c.
333 3194 376 3247 20.
405 3191 480 3244 Tune
499 3190 568 3256 etc]
604 3191 645 3243 De
663 3190 717 3243 hae
735 3190 845 3244 interro
