2828 5070
561 290 689 353 insen
708 289 752 369 11,
783 293 831 357 19.
1220 291 1281 356 sol

129 456 208 519 lum.
253 455 322 516 Vix
348 457 428 516 satis
463 465 666 517 constanter.
718 454 910 517 Audiamus.
960 450 1000 516 Si
1027 471 1160 516 summus
1191 454 1284 517 dolor

129 547 190 612 est,
213 540 335 617 inquit,
356 557 481 599 necesse
502 547 551 598 cst
572 537 692 598 brevem
713 556 790 598 esse.
811 570 853 583 -
897 535 984 598 {tera
1005 535 1076 598 dum
1097 536 1283 600 eadernr'sta

127 618 223 683 miti:
244 640 310 680 non
333 623 421 681 enim
443 623 524 680 satis
536 621 697 705 intelligo,
720 615 801 699 qnid
821 637 987 679 summum
998 616 1089 681 dices
1101 639 1184 698 esse,
1205 617 1285 703 quid

128 805 207 929 dicito
232 814 366 928 retegam
389 805 452 856 loca
475 804 634 879 diligenter
659 803 780 877 collegit
809 802 865 855 Th.
895 803 1055 857 Gatskerus
1085 803 1119 855 od
1144 804 1284 858 Antonini

183 913 233 1000 ’si
251 960 371 998 susumus
391 972 423 982 -
442 945 550 997 breuem
568 944 639 1012 esse]
677 946 829 1020 Leguntur
853 941 899 997 illi
927 950 1061 998 veterum
1082 944 1141 998 loci
1164 963 1180 998 a
1200 945 1285 1000 Gata-

127 1016 200 1068 kero
219 1016 338 1068 collecti
359 1017 389 1066 in
407 1015 478 1068 Edd.
500 1016 534 1079 ej.
557 1015 626 1086 opp.
647 1016 733 1069 criti.
758 1016 792 1068 Τ.
813 1016 851 1069 11.
870 1032 899 1086 p.
920 1018 972 1071 219
990 1032 1031 1084 sq.
1058 1016 1092 1068 ad
1116 1016 1216 1069 rerba:
1251 1018 1282 1071 rb

125 1086 181 1156 μὲν
199 1085 343 1156 ἀφόρηιον
361 1084 458 1153 ἐξάγει,
477 1088 508 1140 τὸ
527 1085 558 1138 di
575 1093 706 1158 χρονίζον
724 1087 855 1158 φορητόν.
886 1113 919 1123 -
946 1085 979 1139 Si
1003 1085 1114 1139 omittit
1140 1104 1214 1138 unus
1233 1087 1283 1140 Ox.

128 1158 181 1211 Ed.
201 1158 250 1210 Fr.
270 1159 294 1210 F
296 1157 353 1209 abr.
373 1157 459 1209 habet
477 1158 602 1210 eunomio.
623 1159 697 1210 Gud.
718 1161 743 1214 2.
772 1157 883 1213 omittit
901 1155 1000 1224 inquit
1039 1159 1073 1209 ln
1096 1156 1181 1209 Godd.
1209 1157 1283 1211 Gud.

129 1230 154 1281 1.
174 1229 200 1282 2.
219 1227 294 1302 Aug.
315 1228 387 1279 Gud.
408 1228 491 1279 Vind.
514 1233 537 1282 1.
558 1229 644 1281 lilarb.
664 1230 717 1281 Ed.
736 1229 805 1281 Dav.
826 1231 851 1282 2.
872 1228 1014 1298 scriptum
1038 1235 1079 1281 est
1103 1228 1212 1281 brevem
1238 1245 1286 1283 ne·

128 1313 203 1351 cesse
223 1304 264 1351 est
283 1314 358 1351 esses
383 1300 413 1349 in
431 1298 527 1350 Duisb.
552 1300 625 1355 Edd.
652 1309 723 1352 vett.
744 1308 860 1368 praeter
884 1298 960 1352 Vict.
981 1297 1049 1350 Rob.
1070 1297 1169 1368 Steph.
1198 1300 1283 1353 Leod.

129 1378 172 1422 est
189 1368 298 1422 brevem
316 1384 375 1422 esse
393 1385 503 1423 necesse
521 1375 571 1422 est.
609 1371 643 1422 ln
668 1371 791 1439 reliquis
816 1378 868 1434 est,
892 1378 925 1421 ut
944 1384 994 1421 nos
1019 1368 1169 1434 edidimus,
1198 1387 1286 1440 quem

127 1440 259 1493 ordinem
277 1440 384 1493 hebent
403 1441 472 1492 Oxx.
493 1448 525 1492 ut
543 1439 660 1493 videtur
678 1456 789 1493 omnes:
815 1440 872 1492 nisi
889 1440 967 1492 forte
985 1440 1119 1513 neglecta
1137 1449 1180 1492 est
1197 1440 1285 1494 huius

129 1509 312 1564 differentiae
326 1511 442 1590 notatio.
480 1511 624 1580 Equidem
649 1511 779 1583 suspicor
798 1512 829 1562 in
851 1511 941 1585 Regio
960 1526 1073 1580 quoque
1099 1511 1160 1584 legi
1178 1511 1284 1565 brevem

128 1597 237 1634 necesse
264 1588 305 1635 est
332 1597 409 1645 me5
437 1590 499 1632 tum
519 1582 595 1650 quod
621 1582 662 1633 ita
683 1582 770 1635 babet
788 1580 863 1634 Gud.
886 1586 908 1636 1.
937 1582 988 1650 qui
1012 1583 1075 1635 lore
1100 1582 1134 1632 in
1153 1583 1283 1636 omnibus

127 1669 194 1704 cum
213 1670 246 1706 eo
265 1653 344 1717 facit,
363 1661 425 1704 tum
444 1652 521 1721 quod
539 1653 579 1704 ito
598 1652 689 1705 edidit
707 1654 775 1705 Dav.
797 1653 827 1704 in
845 1651 897 1704 Ed.
918 1654 943 1707 2.
963 1653 995 1702 in
1014 1670 1069 1721 que
1093 1660 1122 1705 et
1140 1653 1284 1708 Bentleia-

126 1739 179 1775 nae
199 1724 411 1777 emendationes
428 1724 595 1792 pleraeque,
615 1732 643 1776 et
662 1723 777 1777 Codicis
792 1723 878 1798 Regii
897 1722 965 1776 ordo
983 1722 1157 1792 plerumque
1176 1733 1223 1794 est·
1237 1741 1284 1778 re-

127 1809 160 1845 ce
183 1803 252 1846 tus.¹
274 1796 334 1847 Mr.

162 1812 277 1916 ΡΙιενα
296 1864 372 1929 dum]
408 1864 525 1928 „Verba
543 1873 610 1916 sunt
629 1866 665 1917 M.
685 1863 790 1929 Tullii,
810 1881 845 1917 ox
864 1864 987 1933 quodem
1004 1872 1088 1934 poeta
1106 1872 1203 1918 tamen
1221 1884 1284 1921 mu·

128 1941 217 1997 tuate,
237 1936 317 2002 quasi
336 1935 496 2004 Epicurum
515 1935 722 2008 interrogantis
740 1935 824 2004 (quae
844 1951 925 2005 saepe
945 1935 1017 1986 item
1035 1934 1105 1987 olibi
1123 1953 1139 1987 n
1157 1938 1194 1988 Μ.
1213 1936 1285 1989 Tul·

125 2004 167 2055 lio
192 2007 386 2074 usurpantur).
425 2007 525 2073 ltaque
552 2021 611 2057 non
636 2006 720 2060 debet
745 2006 882 2059 interesse
909 2005 1043 2075 spatium,
1078 2023 1172 2075 neque
1195 2007 1283 2060 scribi

128 2073 216 2127 litera
233 2077 267 2129 Α.
293 2077 373 2146 quasi
398 2075 483 2128 verba
506 2076 565 2128 sint
591 2077 659 2141 cius,
691 2077 742 2146 qui
768 2077 963 2145 quaestionem
981 2077 1085 2146 posuit.
1122 2077 1162 2129 Et
1185 2078 1283 2148 paullo

126 2154 199 2214 post,
218 2145 367 2211 Somnum,
387 2162 438 2216 quo
457 2144 589 2199 itililetc.
610 2148 733 2217 Epicuri
752 2149 896 2217 responsio
905 2147 979 2200 est.“
997 2145 1156 2200 Lambinus.
1184 2149 1284 2214 „ltere

126 2216 190 2267 dom
209 2217 227 2266 i.
250 2235 273 2269 e.
294 2235 346 2291 age
364 2216 496 2287 repete.“
515 2218 633 2283 HWoIf.
659 2221 841 2287 Praeponunt
858 2219 957 2271 literas
975 2217 1012 2270 A.
1033 2228 1063 2271 et
1079 2218 1134 2282 M..
1154 2235 1283 2288 ecquem

124 2288 274 2356 vituperet
291 2289 373 2345 modo
392 2289 554 2354 Lambinus,
574 2288 628 2341 dno
648 2288 733 2342 Godd.
754 2289 824 2341 Oxx.
844 2288 915 2341 Edd.
936 2290 1006 2341 Ven.
1027 2297 1115 2340 nostr.
1135 2288 1199 2340 Asc.
1218 2293 1241 2342 l.
1256 2293 1282 2344 2.

126 2357 190 2410 Cer.
216 2357 316 2426 Steph.
344 2361 424 2411 Junt.
452 2361 532 2410 Brut.
559 2359 668 2411 Sturm.
694 2359 778 2411 heod.
802 2359 883 2410 Boul.
909 2357 974 2410 Ald.
1001 2357 1081 2428 sylb.
1116 2367 1144 2412 et
1168 2359 1240 2410 Edd.
1268 2377 1285 2411 a

125 2428 242 2480 Reiskio
267 2429 401 2480 collatae:
436 2428 582 2481 scribitur
605 2429 814 2482 iterandum
836 2430 932 2482 endem
956 2427 1014 2482 iota
1040 2427 1119 2494 mibi,
1146 2430 1178 2481 in
1197 2429 1282 2484 codd.

125 2499 165 2551 Re
188 2537 193 2548 .
215 2497 344 2561 [testibus
364 2499 432 2550 Dav.
454 2508 483 2550 et
501 2498 572 2550 Bnh.
594 2517 767 2569 quamquem
785 2500 902 2553 collatio
920 2508 1016 2553 nostre
1042 2500 1120 2552 nihil
1138 2509 1284 2553 enotatum

124 2516 222 2634 habet]
243 2569 315 2621 Gud.
339 2574 362 2623 l.
382 2571 408 2623 2.
435 2569 521 2620 Marb.
547 2571 621 2621 Mon.
644 2575 667 2625 l.
688 2573 713 2625 2.
740 2578 803 2623 octo
832 2571 902 2623 (lxx.
928 2571 1023 2623 veteri
1050 2570 1113 2623 Car.
1142 2571 1283 2642 Stephani

126 2638 179 2692 Ed.
200 2638 292 2690 Alter.
312 2639 381 2691 Dav.
409 2647 438 2692 et
461 2656 496 2690 ex
522 2647 594 2692 vett.
618 2642 699 2692 Brut.
725 2641 812 2694 Leod.
831 2650 914 2694 vetus
937 2641 1095 2695 Bouhierii.
1132 2643 1213 2695 Unus
1232 2643 1282 2695 Ox.

125 2709 297 2764 iteranda
317 2711 412 2762 eadem
431 2709 487 2763 itta
505 2708 576 2764 miti
594 2719 623 2763 et
641 2713 682 2763 sic
702 2729 791 2785 marg.
811 2712 905 2777 Crat.;
923 2710 997 2786 Aug.
1016 2711 1149 2764 iteranda
1160 2710 1286 2767 corneto·

125 2781 237 2834 eadem:
256 2781 353 2833 Duisb.
375 2781 591 2834 iterandorum
613 2780 687 2835 mitt
710 2782 769 2834 istc
794 2784 899 2837 eadem.
925 2782 1008 2834 Vind.
1031 2786 1054 2837 l.
1083 2781 1217 2836 iteranda
1236 2798 1285 2838 ea·

126 2852 190 2905 dem
206 2858 270 2905 eunt
290 2850 369 2905 initi.
396 2852 468 2904 Edd.
488 2852 605 2905 lieiskk.
626 2855 696 2907 Ven.
719 2857 743 2906 1.
764 2853 834 2916 Med.
856 2857 881 2909 2.
901 2852 966 2905 Ald.
995 2862 1106 2907 nostrae
1127 2853 1189 2906 Asc.
1211 2858 1235 2908 1.
1256 2856 1281 2909 2.

124 2925 205 2976 Junt.
227 2923 335 2976 Sturm.
355 2922 517 2976 iterandum
535 2923 631 2977 eadem
649 2920 720 2975 mitt
738 2923 805 2977 ieta.
831 2924 903 2977 Edd.
929 2921 962 2976 A.
982 2924 1052 2978 Ven.
1077 2933 1166 2977 nostr.
1204 2925 1283 2977 itera

125 2994 222 3047 eadem
239 2992 324 3047 mitt.
345 2994 404 3047 ista
423 3008 475 3046 non
494 2994 567 3047 enim
586 3003 641 3047 etc.
664 2996 722 3047 Mt.
761 2995 893 3060 „lisdem
912 2995 1006 3047 verbis
1025 2994 1121 3047 utitur
1146 2995 1178 3045 in
1201 2994 1283 3064 prin·

124 3065 201 3134 cipio
219 3065 312 3134 Epist.
333 3067 391 3117 XV.
410 3065 460 3115 lib.
480 3066 553 3117 xlv.
573 3065 608 3117 ad
625 3064 686 3121 Att.
724 3063 797 3118 Sunt
815 3075 909 3118 autem
929 3065 1183 3147 expectantem,
1202 3065 1283 3117 cuins

124 3153 224 3187 versus
243 3144 335 3187 exstet
354 3136 386 3187 in
403 3135 539 3188 Lucullo:
566 3135 638 3200 Age,
664 3143 737 3200 aeta,
756 3150 844 3199 mone,
863 3135 946 3189 audis
974 3135 1116 3188 steradum
1143 3135 1239 3187 eadem
1257 3139 1283 3188 et

122 3205 180 3258 iera
198 3203 299 3256 notif‘
323 3206 371 3259 Fr.
392 3205 548 3259 Fabricius.
586 3206 722 3259 Ceterum
746 3206 795 3259 Fr.
815 3206 943 3260 Fabricii
965 3206 1018 3258 Ed.
1043 3205 1130 3258 habet
1156 3205 1284 3259 imner-

145 3291 199 3327 um.
238 3277 299 3330 Mr.

125 3276 145 3328 d
195 3347 361 3397 iterandum
381 3347 475 3398 ecdem
493 3347 553 3400 ista
571 3345 655 3413 miti]
692 3348 787 3421 Vulgo
806 3347 974 3401 iteradum.
1012 3348 1071 3400 Nos
1097 3354 1193 3400 eutem
1210 3346 1279 3468 lieg.

124 3417 196 3468 bled
216 3417 284 3469 Bak.
306 3426 333 3470 et
353 3418 511 3473 editionem
529 3419 724 3471 Victoriacum
743 3420 908 3488 sequimur3
929 3420 1045 3491 elegans
1064 3417 1143 3469 enim
1162 3417 1255 3471 estHe
1269 3445 1282 3459 ·

123 3488 270 3552 lenismus,
290 3488 434 3541 veteribus
453 3491 545 3541 Poetis
572 3488 694 3559 aliisque
720 3491 810 3544 bonac
840 3498 924 3542 notae
947 3487 1136 3557 scriptoribus
1149 3504 1219 3541 non
1239 3488 1282 3538 in-

123 3560 268 3626 frequens.
306 3560 458 3611 Lucretius
476 3560 499 3624 1,
522 3563 580 3615 112.
689 3571 694 3575 ”

122 3671 148 3751 E
289 3630 431 3684 ,deterreat
449 3631 582 3698 quoniam
599 3648 703 3701 poenas
721 3632 750 3684 in
769 3638 860 3685 morte
877 3630 1048 3683 timendum.

150 3708 220 3751 tvs.
242 3703 301 3755 139.

290 3770 380 3821 Mults
397 3771 477 3824 novis
495 3773 587 3826 verbis
602 3772 775 3840 praesertim
792 3771 912 3831 comsit
931 3771 1081 3847 agendum.

123 3840 235 3893 lterum
254 3858 295 3892 rs.
314 3843 376 3895 382.

288 3912 344 3963 Aut
364 3911 460 3976 igitur
477 3917 553 3964 nictu
572 3913 745 3982 privandum
758 3918 805 3967 ert
825 3929 946 3983 corporo
964 3926 1094 3982 quaeque.

122 3980 217 4048 Atque
244 3980 314 4033 alibi
337 3982 450 4050 passim.
481 3982 552 4034 Vide
570 3983 648 4054 Cesp.
670 3984 837 4054 Scioppium
862 3985 953 4037 Veris.
975 3983 1026 4036 lib.
1046 3982 1099 4036 lll.
1124 3997 1155 4034 ca
1178 4019 1185 4033 .
1205 3983 1231 4038 ³.
1252 3991 1281 4036 et
1307 3997 1318 4023 -·

119 4053 147 4104 J.
168 4052 199 4103 F.
227 4048 408 4105 Gronovium
434 4051 548 4120 observ.
576 4054 626 4105 lib.
652 4055 674 4107 1.
701 4071 761 4123 cap.
791 4059 815 4107 t.
854 4053 1010 4107 Ex.Ennii
1037 4053 1130 4107 Ilione
1154 3998 1281 4106 destituta

120 4122 207 4173 verbe
234 4132 311 4184 sunt,
340 4123 375 4174 ad
403 4138 492 4190 eaque
517 4124 581 4191 plus
603 4125 669 4177 vice
693 4124 821 4193 simplici
849 4124 969 4194 respicit
988 4124 1100 4178 Cicero.
1137 4124 1208 4177 Vide
1228 4122 1277 4189 lib.

120 4193 195 4243 xlv,
215 4193 250 4244 ad
268 4193 356 4245 Attic.
383 4193 436 4263 Ep.
457 4195 497 4248 14.
519 4203 548 4246 et
566 4193 653 4248 Aced.
673 4195 722 4250 lib.
742 4196 779 4248 ll.
800 4212 860 4265 cup.
881 4196 925 4250 27.
961 4194 998 4248 D.

190 4262 405 4316 iterandum
434 4264 530 4317 eadem
553 4264 610 4325 iota
636 4263 722 4328 mitt]
760 4264 823 4317 Vid.
851 4281 905 4334 pro
929 4264 1135 4329 melectinus,
1163 4271 1279 4333 praeter

120 4330 198 4382 locos
222 4350 237 4382 a
262 4332 329 4385 Dav.
359 4336 468 4399 allatos,
500 4336 765 4405 Wytteubachium
792 4335 825 4387 in
852 4334 1046 4391 Philomathie
1063 4336 1101 4389 ll.
1127 4352 1155 4403 p·
1178 4334 1211 4388 1⁶
1234 4351 1275 4400 sq.

119 4399 308 4454 lluddimann.
328 4407 398 4459 lnst.
420 4407 471 4460 Gr.
491 4408 553 4461 Lat.
574 4407 611 4461 Π.
630 4426 660 4478 p·
679 4408 740 4465 252·
777 4403 896 4465 &bucki
