2828 5070
131 309 174 376 36
336 308 566 377 elcttoltts
587 315 838 384 TUSCULAN.
859 319 1090 389 DISPU'I'AT.

131 475 223 555 etii,
245 475 366 558 quibus
387 481 596 561 (saeuitiam,
617 491 656 544 ut
676 495 901 559 morerentur,
931 496 965 550 et
992 491 1019 550 ii
1046 490 1165 572 quibus
1186 512 1287 557 even·

131 565 246 619 turum
280 567 341 637 est,
374 564 500 626 uriseri.
543 566 583 627 Δ.
605 564 695 627 Mihi
721 569 768 628 ita
797 568 941 632 videtur.
992 571 1041 634 tt.
1065 574 1174 636 Nemo
1201 597 1286 664 ergo

130 658 198 701 non
218 641 332 703 miser.
376 642 415 706 A.
440 645 582 708 Prorsus
603 668 711 711 nemo.
754 650 802 714 M.
827 651 867 710 Et
888 651 1034 733 quidem,
1064 659 1093 717 ri
1122 658 1184 718 tibi
1205 678 1285 720 con-

129 725 301 801 staretis,
323 742 449 803 omnes,
471 731 669 811 quicumque
691 735 762 794 nati
789 742 867 793 sunt
888 744 1041 812 eruntne,
1079 757 1145 798 non
1174 741 1285 803 solum

130 805 256 883 miseri,
277 806 336 868 sed
357 810 457 869 etiam
477 831 610 892 semper
629 816 753 874 miseri.
797 815 885 876 Nem
913 819 942 877 si
964 821 1049 879 solos
1077 838 1132 882 eos
1154 820 1285 885 diceres

128 889 279 964 miserae,
295 890 415 971 quibus
436 892 645 955 moriendum
659 903 755 971 esset,
775 900 938 959 nerninem
954 907 990 960 tu
1006 900 1138 981 quidem
1152 922 1284 982 eorum,

129 971 186 1050 qui
217 973 384 1049 viverent,
413 976 600 1056 exciperes3
635 972 859 1052 (moriendum
898 991 949 1041 est
976 986 1062 1044 enirn
1090 986 1285 1064 omuibusz)

128 1062 212 1115 esset
234 1063 344 1116 tamen
365 1058 518 1118 miseriae
538 1059 614 1120 linis
636 1061 672 1118 in
692 1069 818 1121 morte:
857 1067 1013 1143 quoniam
1039 1073 1149 1128 eutem
1181 1071 1284 1130 etiam

127 1240 185 1294 Ant
210 1242 305 1319 igitur
329 1243 505 1330 tautologiae
524 1246 711 1301 accusandus
739 1255 783 1301 est
802 1247 915 1314 Cicero,
945 1258 997 1302 aut
1021 1252 1145 1305 interest
1167 1252 1284 1324 aliquid

126 1315 207 1368 inter
230 1316 334 1367 matum
358 1324 387 1367 et
413 1332 556 1369 miserum.
601 1316 697 1385 Atque
720 1316 796 1371 milti
823 1319 941 1387 quidem
960 1321 1001 1374 its
1019 1322 1101 1376 inter
1117 1340 1148 1377 ee
1165 1322 1284 1377 diverse

127 1402 190 1438 esse
208 1386 357 1450 videntur,
376 1394 419 1450 ut,
440 1388 464 1439 si
483 1389 584 1440 malum
603 1387 691 1454 dices,
713 1405 772 1442 non
790 1395 848 1443 tam
873 1408 988 1445 sensum
1016 1391 1105 1446 illum
1123 1391 1283 1448 molestum

126 1457 384 1582 tzitttnt‘t
399 1457 1098 1592 ³³2t},52;3⁵’,ttt,¹”tlmittet?
1124 1463 1283 1590 tritt}

124 1599 223 1671 potius
243 1599 365 1653 molesto
384 1548 556 1677 edgitemus,
575 1616 632 1671 quo
652 1566 783 1654 afficitur
801 1602 837 1667 is,
906 1621 952 1658 em
971 1551 1205 1688 tongitliuslum,
1229 1605 1283 1660 de-

125 1688 182 1740 que
200 1671 402 1726 misericordis
420 1672 555 1737 aliorum,
581 1689 637 1740 qua
655 1671 761 1748 dignus
778 1680 831 1753 est.
865 1621 979 1759 delatum
998 1675 1092 1759 igituir
1110 1682 1164 1740 est,
1188 1675 1281 1747 quod·

124 1743 711 1883 ,tattstt‘tmttttttttzt
724 1744 1044 1883 itttttmfflattt
1060 1746 1281 1870 iimmssidd'il

124 1885 314 1940 sericordism
334 1894 474 1956 provocet
492 1885 650 1955 efficitque,
677 1891 711 1938 ut
729 1900 777 1937 eos
797 1884 890 1937 nostri
908 1886 1053 1940 misereat
1118 1902 1137 1940 x
1155 1903 1213 1959 quo
1231 1888 1280 1955 nt,

124 1966 235 2010 utnon
254 1956 464 2009 omuemelnrn
483 1958 622 2009 miserum
642 1955 689 2010 sit.
727 1954 818 2029 Finge
837 1955 915 2008 euim
934 1955 1056 2025 aliquid,
1078 1957 1157 2028 quod
1173 1974 1231 2029 per
1247 1975 1280 2013 ss
1302 2020 1306 2028 ,

123 2029 232 2081 bonum
259 2025 377 2097 quidem
401 2043 459 2080 non
485 2035 538 2090 est,
569 2043 623 2080 nec
649 2033 748 2079 tamen
777 2024 933 2079 molestum
964 2043 1079 2080 sensum
1108 2029 1164 2083 sibi
1189 2026 1280 2083 habet

124 2097 309 2162 adiunctum
329 2099 433 2150 motum
450 2095 544 2162 hebes,
564 2113 622 2149 non
640 2095 780 2148 miserum.
806 2091 838 2147 Si
856 2097 951 2171 igitur
968 2112 1046 2150 mors
1064 2096 1199 2154 homines
1217 2114 1280 2153 non

124 2167 294 2244 ettingeret,
312 2167 422 2221 mulum
436 2166 552 2237 quidem
566 2174 651 2232 esset,
670 2185 725 2219 neo
742 2174 839 2218 tamen
851 2168 998 2221 miserum.
1028 2167 1167 2234 Quoniam
1179 2177 1280 2223 sutem

125 2254 223 2293 omnes
241 2237 320 2292 malo
344 2238 391 2291 illi
410 2237 530 2291 obnoxii
556 2246 642 2308 atque
665 2237 789 2306 expositi
808 2255 916 2303 mmus,
948 2237 1035 2290 etism
1059 2239 1201 2297 miierum
1226 2240 1277 2306 sit,

124 2326 243 2364 necesse
262 2317 313 2364 est.
341 2309 478 2378 Adeoque
490 2307 562 2362 haec
581 2315 627 2361 est
644 2306 962 2361 sententieciceronis:
980 2307 1054 2361 Sunt
1071 2310 1167 2385 igitur
1175 2326 1278 2364 omnes

123 2377 256 2434 homines
281 2379 395 2445 miseri,
425 2379 487 2432 eive
512 2379 605 2453 digni,
632 2393 757 2448 quorum
785 2377 930 2439 misereat,
966 2381 1075 2450 quippe
1098 2380 1151 2450 qui
1174 2379 1279 2446 morti,

164 2450 201 2504 od
224 2449 335 2503 melum
359 2466 419 2504 esse
442 2449 497 2502 tibi
520 2449 615 2503 videri
642 2448 755 2510 dixisti,
783 2463 882 2501 ornnes
909 2447 1025 2502 obnoxii
1049 2450 1140 2502 sint.“
1164 2451 1278 2519 tanges.

123 2518 560 2645 ,intimitatis
587 2519 715 2648 titt
737 2517 988 2658 tettae·
1001 2517 1192 2644 icelii*
1206 2523 1279 2660 ,³:⁸3³

318 2633 324 2646 ·
476 2629 481 2639 ·
562 2632 568 2645 ·
614 2627 622 2641 ·
689 2625 696 2639 ·
1162 2627 1172 2655 s

123 2676 231 2713 omum
248 2660 408 2725 felicitatem
427 2660 568 2713 amiserit.
605 2658 758 2712 Secundum
776 2658 938 2712 Ciceronem
956 2666 1050 2713 autem
1065 2662 1181 2730 prepete
1197 2678 1278 2716 snor-

123 2736 196 2794 tuus,
215 2728 265 2813 qui
282 2730 313 2782 irs
334 2730 501 2784 menimis
518 2730 634 2783 miseros
651 2735 777 2782 mortuos
793 2736 873 2782 vocat
887 2738 1000 2799 propter
1019 2730 1087 2807 [leg.
1106 2730 1278 2802 propterea]

124 2800 197 2869 quod
213 2816 272 2852 ram
290 2799 441 2854 amiserint
460 2802 550 2856 eitam,
577 2802 639 2854 Mr.

194 2870 275 2939 Ergo
293 2876 320 2923 et
338 2871 370 2923 ii
387 2902 418 2913 -
440 2871 528 2939 etii]
556 2870 595 2924 Et
612 2869 664 2924 hic
679 2871 836 2942 utrobique
862 2879 905 2926 est
923 2871 960 2925 ts·
976 2888 1031 2943 pro
1050 2872 1080 2926 ii
1107 2873 1138 2926 in
1157 2872 1194 2927 iis
1212 2874 1277 2928 iere

122 2941 220 3002 libris,
246 2942 297 3010 qui
320 2958 407 3012 supra
428 2939 536 2996 habent
553 2940 643 3006 lisere,
671 2950 701 2994 et
718 2940 762 2994 tte·
787 2944 819 2994 in
846 2942 920 2996 θοὰ.
947 2951 977 2998 et
1002 2942 1103 2996 Duisb.
1140 2945 1174 2996 lu
1193 2960 1275 3066 seqq.

122 3020 190 3083 post
207 3016 366 3064 euenturum
383 3011 458 3066 Gud.
478 3013 589 3066 omittit
607 3019 655 3064 est.
691 3013 757 3064 Post
778 3011 978 3084 miseriqcod
999 3013 1085 3066 utut.
1105 3031 1141 3084 pe
1180 3014 1204 3067 ‘t
1243 3020 1277 3067 tes

122 3088 224 3137 certe
241 3083 364 3148 videtur,
383 3081 433 3137 sed
460 3100 547 3154 suprs
571 3083 624 3135 lin.
644 3082 733 3135 rubro
762 3082 860 3136 colore
881 3102 917 3136 m.
938 3086 1004 3138 Mox
1016 3082 1084 3138 θοὰ.
1096 3083 1158 3137 Reli
1178 3100 1276 3139 nieme

123 3153 248 3225 itaque
266 3171 330 3216 aon,
361 3169 426 3207 cnm
451 3150 519 3229 Reg.
539 3155 564 3206 3.
595 3151 680 3207 Bern-
705 3152 754 3205 sed
777 3154 925 3223 posterior
947 3156 979 3207 in
1001 3172 1046 3206 ms
1086 3192 1093 3206 .
1122 3173 1158 3209 ex
1177 3170 1275 3220 corr-3

123 3225 193 3280 God.
213 3224 287 3280 θοὰ.
307 3241 385 3278 nemo
404 3223 531 3292 igitar
549 3240 610 3277 aon.
650 3223 685 3275 ln
705 3239 783 3293 seqq.
803 3231 862 3276 est:
892 3233 917 3277 et
939 3225 993 3277 titi
1033 3225 1064 3277 ui
1084 3242 1125 3278 em
1152 3225 1182 3278 si
1208 3240 1277 3279 cors·

123 3301 202 3350 stare
220 3297 264 3350 os's
283 3297 314 3348 in
331 3294 386 3350 Ed.
406 3295 451 3358 tt,
472 3301 499 3347 et
518 3293 546 3346 si
564 3292 620 3346 titi
637 3292 747 3360 quidem
765 3295 797 3346 in
814 3293 886 3348 Εὰὰ.
906 3296 941 3348 Α.
960 3295 990 3347 B.
1011 3243 1094 3348 ³1⁴3.
1114 3297 1186 3352 Ven.
1199 3293 1273 3350 net

123 3374 153 3420 et
171 3366 237 3422 Aac.
260 3370 283 3419 i.
303 3382 369 3418 eum
388 3361 456 3420 θοὰ
476 3361 567 3418 lieltd.
605 3364 640 3416 ln
664 3363 718 3415 Ed.
738 3363 772 3415 ti.
793 3370 819 3416 et
850 3365 957 3447 quidem
976 3366 1009 3419 ss'
1015 3384 1031 3419 c
1054 3365 1123 3431 tidi3
1151 3367 1184 3419 in
1203 3364 1274 3419 θοὰ.

121 3436 208 3489 vind·
221 3440 244 3491 1.
266 3443 292 3489 et
310 3434 341 3488 ti
348 3435 381 3488 ee·
398 3434 458 3504 qai
465 3435 539 3487 dem
564 3435 596 3487 si
614 3433 668 3486 ss'c
686 3440 816 3486 constare
834 3451 888 3489 oss.
908 3436 1060 3512 (lod-Aug.
1084 3435 1217 3490 exhibet:
1245 3435 1277 3491 εἰ

122 3506 178 3562 sits·
205 3521 271 3560 nan
293 3512 421 3559 contra
440 3503 496 3558 ire
514 3504 574 3557 uis:
593 3503 643 3557 ubi
661 3505 792 3579 agnoscis
811 3504 1007 3580 glossatorem.
1027 3538 1061 3550 -
1098 3508 1164 3560 Post
1181 3522 1276 3561 omnes

121 3577 254 3646 sequitur
289 3575 456 3643 nimquam
474 3593 506 3627 m
525 3573 593 3628 θοὰ.
617 3573 688 3649 ch.
706 3576 732 3629 ³.
753 3575 838 3628 Bern.
868 3575 929 3641 (hic
955 3593 990 3630 ex
1012 3592 1086 3630 corr.
1114 3579 1147 3630 in
1164 3576 1275 3653 marg.)

120 3650 198 3700 Mon.
217 3649 243 3703 2.
264 3593 327 3700 gol.
346 3644 421 3697 'l'um
441 3645 509 3699 θοὰ
530 3643 604 3699 Gud.
633 3660 687 3697 non
711 3644 795 3696 solum
821 3647 903 3698 erunt
932 3649 1000 3710 (om.
1018 3663 1050 3701 oe
1076 3656 1106 3702 et
1127 3647 1272 3710 miserie).

122 3716 231 3772 Contra
248 3717 336 3772 Meri.
356 3724 424 3792 post
440 3714 538 3768 miseri
555 3713 637 3767 addit
652 3720 722 3767 sunt.
742 3714 798 3768 tts.
822 3733 867 3786 ap.
886 3715 971 3770 verb.
993 3716 1080 3772 habet
1104 3718 1274 3775 miserrimi.

123 3789 156 3841 ln
177 3787 245 3844 θοὰ.
264 3787 351 3852 tue,
369 3786 530 3862 glossarum
549 3784 647 3855 pleno,
675 3785 828 3839 scribitur:
854 3803 908 3839 non
932 3788 1018 3840 solam
1044 3787 1146 3841 narem
1169 3792 1276 3842 erant

120 3874 249 3926 omnes,
267 3835 330 3930 qa'i
347 3856 425 3912 noti
441 3862 540 3921 sunt,
560 3856 610 3909 sed
628 3855 707 3907 etiam
725 3871 830 3924 semper
847 3857 1029 3913 miserrimi.
1067 3858 1138 3911 Nam
1156 3890 1188 3901 -
1208 3861 1272 3913 Mr.

189 3947 259 4001 Nam
278 3947 307 4000 si
323 3948 419 4001 salos
437 3962 485 4000 eos
502 3945 614 3998 diceres
632 3943 761 4010 miseros]
781 3943 927 3998 scribitur
946 3947 1082 4000 salumin
1101 3947 1189 4001 θοὰὰ
1206 3947 1273 4003 Car.

119 4017 153 4073 st
188 4017 218 4073 h.
239 4019 290 4072 01.
312 4023 336 4073 1.
361 4017 434 4073 Gud.
453 4019 479 4073 2.
504 4015 577 4071 Edu.
597 4015 626 4071 P.
645 4012 680 4066 Α.
704 4015 735 4066 B.
756 4014 783 4068 S.
803 4016 839 4069 E.
859 4015 889 4067 θ.
911 4017 945 4071 Η.
974 4018 1055 4069 Junt.
1074 4019 1145 4072 Ven.
1164 4019 1229 4072 Asc·
1245 4026 1272 4075 l.

117 4092 144 4146 Ἃ.
189 4107 260 4154 sm.;
280 4089 311 4142 in
330 4089 413 4144 Vind.
432 4091 457 4146 l.
478 4087 586 4142 diceres
603 4101 657 4145 eos.
688 4085 754 4138 Post
771 4085 938 4139 moriendum
957 4087 1025 4140 θοὰ
1045 4088 1119 4142 θοὰ.
1139 4091 1166 4144 2.
1186 4088 1276 4144 hebet

119 4165 160 4213 est
187 4176 241 4230 pro
266 4165 348 4214 esset.
386 4161 452 4212 Mox
475 4160 551 4215 Mon.
571 4159 597 4212 2.
628 4157 769 4223 exciperes
796 4172 895 4218 eonem,
924 4158 973 4227 qni
995 4157 1127 4215 eicerent.
1152 4159 1194 4244 lte
1214 4199 1225 4245 .·
1244 4164 1272 4247 ²:

116 4228 1274 4356 ttttssttt⁰tt²it‘t:s:²tttt²,tt‘'siftttmttit‘itttit

117 4369 306 4441 parenthesin
324 4378 424 4425 totsm.
462 4371 497 4423 ln
516 4385 596 4438 seqq.
617 4366 684 4420 θοὰ.
704 4367 779 4424 Μοο.
799 4370 824 4428 2.
844 4368 910 4434 fiais
927 4369 1063 4421 miseriae.
1085 4318 1154 4424 loa.
1176 4371 1227 4424 Ox.
1243 4374 1271 4428 2.

118 4441 229 4510 mdo
245 4457 301 4515 pro
320 4441 466 4512 qnoniam:
491 4437 589 4511 quales
607 4435 743 4496 lectionis
761 4437 945 4498 diversitates
963 4440 1101 4496 oriuntur
1118 4450 1272 4501 sexcentae
