2828 5070
85 297 150 367 836
284 294 517 363 CICERONIS
537 293 785 368 TUSCULAN.
805 296 1075 366 DISPU'I'AT.

250 494 291 507 -
313 494 350 508 ·-
373 463 414 528 E.
442 463 506 530 Uos
524 463 662 546 fontana
681 462 841 529 He'ctoris

248 556 401 619 nostram,
422 544 525 610 a'erem
545 551 642 610 aciem
662 546 849 612 inclineitam
868 581 916 596 -

85 637 120 690 et
140 636 252 692 cetera
278 631 422 711 explicat
443 632 477 691 in
503 629 630 695 dolore.
672 630 727 693 Sic
748 640 799 693 est
819 632 916 693 enim
944 632 1224 716 intemperant

84 711 191 774 literis
230 715 265 773 in
305 715 386 774 lorti
413 716 489 775 viro
525 715 643 800 gloria.
694 714 783 800 Ergo
815 714 900 776 haec
938 725 1143 779 veteranus
1170 717 1224 779 nie

81 796 192 858 lacere
214 799 350 878 poterit,
375 795 491 857 doctus
513 799 569 858 vir
591 799 785 879 sapiensque
808 817 877 858 nou
899 797 1069 880 poterit!
1104 799 1164 862 lus
1178 817 1224 860 vai

18 875 62 930 4⁰·
82 879 212 955 melius,
244 899 282 941 ac
304 899 370 939 non
394 880 505 960 paullo
527 878 669 962 quidem.
714 878 780 942 Sed
800 878 916 942 adhuc
943 878 994 943 de
1019 880 1225 944 amnena

432 1008 539 1015 -—.-.-
562 1009 646 1015 .....-.....
667 1010 682 1014 ..
692 1008 821 1015 -..-—.
828 1008 992 1017 -—-—--—-.
1000 1005 1223 1018 —————-'

81 1095 114 1110 ·-
135 1063 254 1130 laboris,
279 1064 334 1117 nisi
359 1067 435 1118 forte
458 1064 627 1140 legendum:
653 1062 767 1120 etiamsi
789 1064 922 1134 Aesopus
939 1075 1055 1136 posset
1084 1066 1227 1192 (zuiaooel

81 1153 107 1189 n.
125 1154 153 1205 p.
180 1137 369 1207 Essrypylas.“
398 1135 564 1189 Gebhardus
589 1139 683 1190 refert
707 1136 829 1191 tertium
854 1137 1041 1193 Palatinum
1067 1140 1109 1194 lu
1128 1157 1174 1195 ere
1193 1156 1227 1191 eu

80 1209 247 1271 lectionem,
273 1226 359 1277 quam
384 1207 444 1278 ipse
470 1226 535 1260 cum
554 1204 691 1261 Lambino
715 1224 868 1278 perperam
887 1207 1045 1265 Tus-nebo
1072 1210 1228 1264 adscribit-

81 1295 136 1332 nan
162 1287 264 1346 posset,
289 1285 386 1346 posset
406 1295 453 1340 -,·
484 1279 515 1331 in
542 1295 599 1349 quo
623 1295 732 1343 errore,
756 1295 815 1332 non
840 1278 984 1350 inspecto
1017 1282 1156 1336 Tumebi
1175 1280 1231 1339 lh»

79 1350 200 1404 fuerunt
219 1351 306 1402 etiam
326 1348 412 1402 Goth.
434 1350 482 1401 Fr.
503 1349 615 1402 Fabric.
636 1347 772 1425 Sylburg.
809 1350 870 1403 Mr.

150 1439 199 1492 alsi
216 1441 332 1504 fortuna
349 1437 482 1492 Hectoris
500 1437 567 1504 etc]
603 1438 722 1502 „Verba
739 1437 891 1508 Eurypyli
910 1438 1069 1496 dolenter
1086 1440 1232 1497 dium&

79 1526 165 1578 quem
184 1509 351 1562 admodum
371 1511 479 1562 Hector
496 1506 607 1573 fundat,
627 1509 719 1592 fuget,
738 1517 848 1561 sternat
865 1509 966 1563 aciem
989 1513 1182 1568 Graecorum
1198 1513 1234 1564 in

80 1578 112 1630 in
131 1581 230 1654 fugam
254 1579 432 1632 inclinatam.
475 1579 601 1632 Verbum
626 1588 713 1631 ettam
734 1579 792 1631 tale
815 1579 938 1648 aliquod
962 1583 1234 1660 subintellige&

79 1650 154 1702 est.“
181 1650 347 1703 Beroaldus.
385 1653 449 1704 Post
472 1650 605 1704 Hectoris
631 1668 704 1701 unus
734 1650 784 1702 Ox.
808 1650 911 1723 pergit
938 1654 1123 1709 animam
1148 1661 1234 1725 aptes

79 1718 164 1785 incl.,·
196 1721 268 1774 alius
293 1727 419 1774 nostram
445 1721 560 1774 aciem
588 1720 696 1775 etiam
719 1719 803 1782 incl,
821 1720 877 1773 duo
895 1722 1063 1778 omittunt
1083 1740 1237 1781 casnm

78 1792 150 1847 Edd.
178 1796 254 1845 Vett.
279 1793 346 1846 llob.
373 1793 471 1862 steph.
499 1791 564 1844 Ald.
589 1791 663 1844 Lall.
701 1790 741 1844 Et
765 1791 815 1842 hic
840 1789 963 1861 quidem
984 1810 1029 1847 ex
1050 1797 1237 1853 Bentleiisu·

79 1865 179 1918 tentia.
209 1864 275 1919 eod.
301 1864 389 1918 liehd.
415 1863 501 1916 habet
524 1863 613 1917 aciem
630 1877 731 1916 acrem
770 1863 804 1915 ln
823 1876 872 1930 seq
894 1899 900 1911 .
922 1861 1036 1918 Duisb.
1070 1870 1186 1922 omittit
1203 1870 1238 1925 et.

78 1936 167 1989 Rehd.
189 1946 218 1988 et
230 1935 311 2059 fiad.
331 1935 413 2000 enim,
434 1935 506 1988 Gud.
527 1938 553 1989 2.
580 1950 682 1986 vocem
699 1931 849 1986 militaris.
872 1879 966 1987 delia
998 1935 1102 1993 habet
1128 1940 1159 1994 iss
1179 1937 1239 1992 sm

99 2006 191 2059 orti.
266 2021 290 2058 r.

79 2008 95 2070 s
149 2078 229 2143 Erga
250 2103 282 2112 -
302 2092 355 2127 non
378 2074 508 2142 poterit]
545 2077 579 2129 lu
603 2076 658 2129 luc
684 2076 871 2130 conclusione
897 2094 913 2128 a
943 2077 1078 2136 minore
1103 2082 1144 2137 sd
1171 2081 1241 2135 mh

79 2155 158 2199 recte
185 2145 338 2200 Kahnerus
364 2156 462 2200 monet
488 2147 562 2200 hanc
589 2165 648 2200 esse
676 2147 831 2199 fonnulam
850 2146 990 2201 Ciceroni
1009 2153 1177 2219 usitstnn,
1199 2153 1242 2204 ln·

78 2218 145 2271 dans
170 2218 238 2270 inlr.
263 2219 315 2271 111.
338 2219 378 2273 15.
399 2220 443 2273 31.
470 2218 504 2271 de
529 2216 583 2271 Off.
603 2219 625 2272 1.
651 2221 694 2273 ³1.
723 2220 781 2274 114.
807 2218 878 2288 ibiq.
903 2218 1004 2272 Beier.
1037 2241 1072 2292 p.
1095 2227 1163 2281 245
1187 2223 1242 2277 (ἕω

77 2307 156 2343 rena.
185 2288 220 2341 ad
246 2289 304 2343 cic.
334 2287 369 2342 da
394 2290 479 2341 l'inn,
498 2290 521 2342 l.
547 2292 591 2344 sl.
618 2298 691 2343 extr.
720 2307 748 2360 p.
770 2292 828 2344 102.
854 2289 892 2342 ll.
918 2290 964 2344 3³.
988 2295 1060 2348 110.
1092 2314 1125 2367 p.
1146 2298 1241 2362 ²8⁶4

76 2361 134 2415 lllo
152 2369 249 2414 autem
268 2361 331 2413 loeo
348 2361 475 2425 Beierus,
494 2368 527 2412 ut
546 2370 607 2412 erat
625 2361 711 2413 homo
728 2360 805 2413 miro
823 2359 957 2412 acumine
981 2370 1014 2415 et
1037 2365 1179 2420 anorum
1195 2382 1243 2418 cu·

77 2432 238 2501 pendorum
266 2431 498 2492 studiosissimus,
524 2431 719 2485 Goerenzium
741 2431 897 2501 vituperet,
923 2432 1003 2499 qued
1032 2433 1124 2490 hauc
1143 2436 1244 2491 conclu·

77 2505 187 2556 sionem
217 2503 312 2570 [Ergo
338 2498 443 2554 listrio
471 2498 521 2554 loc
546 2501 653 2555 videbit
676 2502 705 2554 in
729 2516 829 2556 scena:
866 2518 919 2554 nan
942 2502 1061 2557 videbit
1093 2505 1245 2578 sapiencie

77 2574 175 2638 citat]
205 2591 271 2625 cum
290 2573 354 2624 aliis
373 2573 481 2625 dixerit
500 2589 558 2626 esse
577 2574 790 2627 conclusionem
815 2592 831 2625 a
849 2571 959 2625 minori
984 2574 1021 2626 ad
1053 2580 1168 2645 maius,
1189 2594 1245 2633 cun

77 2645 115 2696 sit
134 2644 228 2715 potius
247 2643 393 2695 conclusio
411 2660 426 2693 a
444 2643 549 2696 maiori
568 2644 603 2697 ed
621 2645 730 2696 minus:
764 2643 879 2711 „Erga
906 2643 956 2706 sit,
986 2644 1019 2696 in
1049 2649 1096 2701 du
1120 2650 1190 2704 licis
1210 2650 1246 2701 ia·

77 2713 281 2789 terrogationis
309 2713 455 2783 principio
482 2714 625 2784 particula
649 2724 692 2768 est
717 2715 858 2789 urgentis,
884 2723 913 2766 et
940 2712 1005 2767 eius
1033 2669 1180 2788 quidem,
1204 2719 1247 2790 qni

77 2787 169 2837 snaius
188 2791 217 2836 et
235 2784 329 2835 minus
349 2784 490 2853 quoddam
508 2801 685 2855 comparans,
703 2785 858 2837 absurdum
876 2786 938 2838 lose
948 2782 1103 2855 insinuat,
1126 2792 1247 2866 [elegu-

77 2853 236 2918 tissime!],
265 2856 297 2907 ni
315 2855 412 2907 locum
434 2854 536 2910 habeat
553 2857 705 2927 valeatque
724 2856 807 2920 illud,
835 2854 912 2924 quod
929 2855 1050 2911 facilius
1084 2860 1247 2935 exspectari

77 2935 173 2996 queat,
192 2942 281 2994 quum
299 2927 367 2979 adeo
386 2927 419 2979 de
440 2943 482 2991 eo,
508 2926 584 2998 quod
602 2928 693 3002 inagis
711 2927 829 2991 mirere,
854 2924 921 2978 satis
943 2931 1103 2982 constet.“
1144 2936 1181 2988 ln
1197 2947 1246 3004 que

76 2999 174 3051 virum
192 3017 221 3050 sa
243 2998 405 3051 ocissimum
424 2999 498 3051 ratio
516 2998 634 3051 fefellit.
671 3000 712 3052 Re
731 3015 799 3050 vera
817 2997 896 3048 enim
913 2997 947 3048 ab
970 3013 1017 3062 eo,
1048 3005 1140 3070 quod
1160 3006 1246 3058 minu

77 3080 129 3136 est,
155 3087 210 3140 quo
250 3069 370 3123 minoris
396 3079 447 3135 est,
471 3086 564 3139 neque
589 3069 739 3122 admodum
765 3066 888 3120 difficile
908 3066 1079 3135 (nimirum,
1103 3085 1156 3133 ‚ut-
1173 3084 1246 3129 actor

77 3144 206 3196 scenicus
225 3142 349 3194 fabulam
368 3157 577 3211 personamque
596 3140 686 3214 eligat
705 3138 759 3191 sibi
778 3137 1145 3211 accommodatissimam),
1165 3145 1245 3209 adid,

77 3214 154 3284 quod
168 3214 257 3265 maius
274 3222 315 3266 est
326 3221 355 3265 et
367 3213 494 3276 maioris,
505 3211 654 3278 (videlicet
670 3219 702 3263 ut
716 3227 799 3262 suum
815 3210 936 3279 quisque
948 3219 1050 3263 noscat
1065 3213 1247 3290 ing-enim)

77 3286 209 3354 quodque
228 3302 260 3336 re
278 3302 347 3335 vera
365 3292 408 3336 est
426 3281 587 3347 difficilius,
614 3285 799 3351 (quamquam
823 3280 1026 3345 necessarium,
1055 3284 1083 3335 si
1115 3290 1188 3357 quis
1204 3287 1247 3340 vir

76 3356 188 3425 sapiens
216 3363 258 3406 est
277 3355 403 3417 futurus)
428 3353 574 3406 conclusio
593 3354 635 3406 fit.
666 3385 698 3396 -
724 3352 790 3406 eod.
812 3355 885 3404 Mon.
907 3357 930 3407 1.
955 3349 1046 3404 habet
1074 3372 1156 3425 erge
1180 3357 1245 3412 ise.

77 3426 168 3479 Verba
188 3426 284 3477 doctas
306 3424 461 3492 -poterit
489 3424 589 3477 desunt
619 3426 650 3476 in
677 3423 784 3476 duobus
803 3423 872 3475 Oxx.
910 3424 965 3475 Pro
992 3424 1190 3499 sapiensque
1208 3436 1245 3483 est

77 3497 190 3562 sapiens
210 3496 241 3545 in
259 3494 330 3546 Edd.
351 3495 414 3547 Asc.
435 3498 461 3549 2.
483 3495 583 3569 [marg.
605 3495 661 3549 MS.
685 3495 763 3548 addit
781 3492 842 3560 aas]
862 3495 942 3546 Junt.
961 3493 993 3546 Β.
1013 3493 1046 3546 C.
1069 3499 1104 3549 V.
1130 3500 1168 3552 A
1180 3500 1242 3554 nob.

77 3565 176 3634 Steph.
215 3567 344 3639 Pergunt
366 3565 480 3618 eaedem
505 3565 635 3635 (excepta
655 3565 703 3626 A.)
727 3567 822 3630 tacere
847 3582 899 3617 non
928 3563 1053 3632 poterit;
1084 3571 1123 3620 A.
1151 3572 1244 3636 faeere

74 3634 191 3706 poterit.
229 3637 295 3688 Mox
313 3635 380 3687 Cod.
399 3635 473 3711 Aug.
494 3652 528 3689 ac
546 3653 600 3689 non
617 3637 703 3706 paulo
722 3640 807 3689 ante
825 3635 943 3704 quidem.
981 3636 1043 3689 Mr.

147 3721 247 3777 Adlac
263 3724 297 3775 de
316 3723 511 3777 consuetudine
535 3734 565 3778 et
583 3726 803 3793 exercitatione]
840 3725 943 3800 Vulgo,
971 3725 1006 3777 de
1031 3731 1243 3784 consuetudine

76 3795 166 3850 adlac
190 3795 409 3849 exercitationis.
454 3795 509 3849 Sed
533 3797 608 3850 mihi
633 3813 690 3850 non
713 3797 809 3866 placet
835 3796 973 3866 loquendi
993 3797 1104 3864 modus,
1136 3819 1195 3855 nee
1212 3804 1242 3854 in

76 3868 142 3920 aliis
160 3868 231 3920 locis
250 3869 305 3939 ipsi
324 3868 423 3921 Tullio
441 3868 560 3938 placuit.
599 3868 658 3919 Nos
677 3868 771 3941 igitur
787 3867 895 3920 Eliens.
924 3867 1053 3936 primum
1073 3873 1239 3939 sequimur,

76 3947 109 3991 ut
128 3939 316 3992 Ciceroniano
342 3938 418 3992 inari
443 3957 574 4014 geramus
600 3953 718 3990 morem.
756 3938 805 3991 sie
830 3938 879 3990 lib.
900 3938 922 3988 1.
948 3937 983 3988 de
1002 3936 1087 3990 Offae.
1109 3959 1176 4013 cap,
1198 3945 1238 3999 18.

79 4008 117 4063 Ut
136 4024 184 4060 nec
203 4011 305 4063 medici
323 4028 371 4063 nec
389 4010 574 4079 desperatores
594 4037 627 4048 -
645 4008 791 4076 quiriacam
809 4023 914 4077 magna
933 4008 1015 4060 lavde
1034 4008 1156 4076 dignam
1178 4015 1240 4067 eise

76 4099 129 4133 usu
157 4088 186 4132 et
211 4083 418 4134 exercitatione
444 4080 575 4150 consequi
595 4086 729 4148 poseant3
765 4079 809 4133 sic
828 4112 858 4122 -
884 4077 929 4132 rei
954 4079 1127 4145 magnitudo
1155 4102 1239 4138 mum

76 4165 181 4220 qaoque
205 4153 499 4223 exercitationemque
525 4151 675 4205 desiderat.
713 4151 763 4204 sic
785 4151 820 4204 de
842 4150 1045 4204 exercitatione
1068 4158 1099 4205 ei
1123 4171 1238 4210 conme-

77 4224 172 4277 tadine
190 4221 264 4274 dixit
283 4223 361 4275 inira
380 4241 440 4295 cap.
461 4225 548 4277 xv11.
586 4223 624 4276 D.

148 4295 205 4350 Sed
234 4291 325 4347 adias
357 4295 392 4347 de
419 4293 615 4348 consuetudine
647 4292 861 4347 exercitationis
884 4290 1019 4360 loquore]
1056 4295 1126 4348 Non
1163 4314 1238 4373 nege

78 4368 174 4491 stragis¹
186 4366 578 4492 sninidplaciturumsfuisse,
603 4364 946 4489 quodhdedgdglavisiiius:
971 4365 1024 4486 sedt
1042 4367 1238 4510 affidCiceWs-o-

78 4454 145 4491 nem
176 4454 244 4508 oqui
283 4453 427 4492 oceamus.
490 4452 624 4506 eqmmur
641 4453 684 4509 agi
719 4451 735 4488 r
817 4452 876 4490 .re
902 4451 1010 4506 quase
1124 4476 1131 4490 .
1163 4454 1181 4492 c
1226 4466 1239 4482 ·
