2828 5070
518 297 697 373 LIBERI,
716 300 748 362 1.
1188 293 1212 355 9

55 468 271 533 conterenda.
323 468 418 532 Quae
455 468 544 528 enim
576 472 670 527 tanta
703 461 864 549 gravitas,
899 476 982 540 qnae
1010 461 1105 519 tante
1130 472 1211 515 cou-

55 554 192 629 stantio,
222 548 421 634 magnitudo
441 548 555 618 animi,
582 547 743 628 probitas,
769 540 862 611 fides,
901 558 984 621 quae
1010 546 1077 601 tem
1105 537 1212 603 excel-

56 636 128 696 lene
161 636 201 695 in
242 634 336 693 omni
371 648 493 716 genere
528 632 640 690 virtue
676 630 714 689 in
748 624 825 686 ullis
858 622 943 697 fuit,
983 628 1024 683 ut
1056 621 1103 682 sit
1134 636 1231 681 cum.
1266 678 1269 683 .

55 716 245 778 maioribus
270 715 398 774 nostrie
426 705 665 791 comparanda!

139 796 304 859 Doctrina
326 792 469 855 Graecia
487 806 549 855 noa
570 802 604 855 et
624 790 716 854 omni
734 788 913 851 literarum
940 801 1062 869 genere
1091 800 1131 845 eu
1155 800 1209 845 er·
1233 792 1254 847 8

56 877 157 941 ebat:
194 879 231 937 iu
302 893 322 936 o
355 882 431 937 erat
461 875 558 936 facile
587 875 726 935 vincere
754 889 821 931 uon
848 872 1081 951 repugnantes.
1157 883 1213 927 arn

58 980 163 1042 quum
183 976 251 1041 epu
294 955 441 1019 Graecos
472 957 735 1037 antiquissimum
762 972 781 1013 e
809 949 914 1013 doctis
935 965 1040 1034 genus
1068 946 1113 1007 eit
1133 948 1212 1027 poli-

59 1118 107 1165 est
127 1104 273 1173 Graeciie,
299 1105 423 1159 missum
445 1106 594 1161 iaciemus.
637 1104 707 1157 Gara
730 1100 851 1155 Graecia
874 1114 927 1170 per
949 1095 1214 1164 breviloquentiam

59 1181 176 1233 Mum
206 1186 262 1242 est,
295 1184 434 1247 recteque
455 1175 565 1246 Wopk.
592 1174 685 1227 lectt.
707 1172 787 1227 Tull.
814 1189 844 1241 p.
873 1171 926 1225 1³5
952 1168 999 1238 (p.
1020 1169 1080 1223 189.
1108 1165 1214 1247 flenti-l

61 1251 212 1321 explicet:
242 1263 306 1300 aens
328 1246 377 1310 ea,
404 1262 475 1317 qaae
493 1244 613 1298 Graecia
629 1244 673 1296 nel
689 1244 749 1295 alla
765 1242 878 1295 omnino
906 1252 977 1307 gene
1005 1243 1134 1289 assecuta
1162 1242 1212 1289 eet.

61 1319 225 1375 Commode
247 1325 396 1388 comperet
418 1315 571 1369 lliihnerue
596 1313 716 1369 eandem
733 1310 992 1372 constructionem,
1020 1324 1094 1376 quae
1112 1307 1214 1359 stetim

59 1392 129 1444 subs
190 1390 266 1440 'ture
294 1388 382 1441 nteit
406 1403 477 1439 cam
493 1384 697 1438 maioribus·
718 1382 861 1437 nostrie
884 1378 1084 1448 comparanda.
1119 1377 1214 1430 Perti·

59 1460 140 1530 ciple
192 1467 235 1511 nt.
259 1458 334 1513 Pess.
360 1473 429 1509 curn
446 1455 535 1510 serbo
552 1455 740 1517 substantivo,
764 1460 826 1506 eant
845 1451 1013 1516 conserenda
1031 1475 1065 1489 -
1083 1447 1122 1501 eit
1139 1464 1213 1500 cene·

56 1531 194 1600 manda
219 1535 370 1598 ponuntur
394 1543 448 1597 pro
475 1525 600 1590 conferri
622 1530 739 1593 poseant
764 1556 798 1567 -
824 1523 986 1589 comparari
1006 1519 1109 1588 poerit.
1153 1518 1214 1583 Qun

60 1602 98 1655 ele
119 1597 340 1686 significatione
363 1615 392 1649 e.
417 1595 551 1649 Benecke
577 1594 613 1648 ed
638 1593 697 1648 Gic.
724 1594 785 1647 Get.
812 1596 852 1647 13.
880 1609 908 1661 p.
936 1595 987 1647 1⁷⁷
1011 1608 1053 1659 sq.
1081 1588 1213 1643 savetiue

58 1672 98 1725 ed
121 1671 185 1724 Crc.
209 1675 284 1740 post.
320 1666 392 1722 nee.
417 1666 450 1718 in
472 1666 539 1720 Sen.
557 1682 587 1736 p·
607 1666 650 1721 69.
687 1664 742 1718 Pro
761 1665 820 1716 alla
837 1679 899 1717 cam
922 1661 990 1717 coa.
1010 1659 1107 1714 Dnisb.
1125 1658 1213 1714 babet

58 1758 125 1796 cens
143 1740 211 1793 atla.
246 1739 325 1793 Mr..

134 1812 213 1867 Quae
232 1807 307 1861 enim
328 1812 459 1860 -tanta
485 1804 657 1873 constantia]
691 1805 854 1871 „Grae-itae
878 1812 923 1858 est
941 1805 973 1857 iu
990 1804 1075 1858 rebus
1092 1820 1152 1857 non
1168 1810 1215 1857 te·

60 1900 145 1937 mm
163 1878 369 1949 suscipiendis:
388 1879 650 1942 constantiaineis,
668 1894 740 1946 ques
759 1876 847 1931 semel
865 1876 1034 1944 susceperis,
1052 1874 1087 1927 etl
1103 1877 1214 1927 exitum

60 1950 276 2025 perducendae
293 1948 459 2016 magnitudo
477 1948 569 2000 animi
585 1947 844 2017 in·.·periculorum,
872 1946 1021 2014 pecuniae,
1048 1960 1147 1997 rernm
1165 1944 1215 1997 ‹le-

60 2024 155 2094 nique
172 2021 366 2074 humanarum
385 2020 615 2087 contemptione3
631 2016 762 2084 probitas
784 2018 816 2069 in
837 2016 954 2069 nemine
973 2015 1120 2077 violando,
1146 2016 1216 2079 fides

61 2096 97 2147 in
115 2090 337 2147 conservatione
353 2088 536 2159 pectenem.“
554 2088 659 2145 Mures.
695 2088 789 2145 Verlta
806 2103 874 2162 qaae
890 2092 971 2143 tanta
989 2086 1093 2141 abeunt
1110 2104 1127 2140 e
1143 2084 1212 2143 Coti.

62 2164 141 2219 Geel.
179 2162 241 2217 Me.

136 2232 171 2285 δ’·
187 2231 280 2286 ΙΗῑδ
297 2230 369 2301 Ml]
404 2233 493 2309 Marg·
514 2236 590 2289 Cret.
609 2235 663 2288 Et.
673 2236 709 2289 Η.
729 2253 797 2291 cum
807 2236 894 2292 Ootltl.
909 2237 984 2291 Gud.
1003 2236 1077 2312 Aug.
1089 2234 1172 2288 Vint.
1185 2236 1212 2291 2.

59 2306 128 2374 (qni
147 2305 238 2356 etiem
255 2300 342 2355 babet
356 2302 473 2357 cs‘rtatt'e
490 2320 545 2374 pro
563 2306 671 2373 atreus)
689 2308 773 2362 Rern.
799 2308 906 2362 hebent
923 2310 996 2373 tetis,
1021 2307 1097 2376 quod
1115 2307 1147 2358 in
1164 2323 1216 2359 re·

60 2377 124 2428 teri
142 2372 268 2442 quadem
285 2371 414 2427 editione
431 2384 579 2445 repertum
597 2378 744 2431 immerito
762 2370 898 2447 probabat
915 2378 1084 2431 Becherius.
1121 2377 1156 2427 In
1172 2376 1217 2427 at·

62 2446 105 2498 ls'e
129 2452 176 2498 eet
192 2458 264 2514 pro:
292 2444 325 2496 ἐκ
340 2444 401 2496 eta
424 2451 518 2512 gente,
547 2448 616 2515 quie
632 2464 703 2521 gens
719 2448 819 2518 plures
846 2449 1055 2517 complectitur
1070 2445 1214 2498 homines.

62 2514 137 2570 cod.
158 2512 229 2590 Reg·
248 2518 275 2570 2.
294 2512 381 2569 benet
398 2513 429 2566 in
446 2514 573 2567 nullis.
611 2518 717 2571 Vocem
735 2519 764 2571 in
784 2519 895 2570 omittit
912 2517 966 2569 Ed.
987 2518 1022 2569 ll.
1059 2516 1119 2569 Mr.

135 2590 171 2635 est
194 2586 289 2637 eit-
314 2584 515 2650 comparanda]
551 2584 692 2651 „Medion
719 2586 833 2641 Scnrer.
864 2596 892 2641 et
917 2588 1021 2641 Aldina
1058 2586 1104 2651 [Α.
1127 2585 1159 2638 Β.
1186 2582 1215 2638 S.

61 2658 138 2710 Ven.
158 2654 225 2709 Asc.
245 2654 284 2720 1.]
307 2655 434 2717 tat-sint}
457 2654 533 2724 quod
557 2659 630 2710 ferri
654 2666 758 2726 potest,
782 2666 816 2710 ut
833 2661 872 2712 eit
896 2675 927 2712 ee
946 2658 1102 2713 sententia:
1128 2663 1160 2708 at
1183 2672 1219 2709 ea

62 2726 164 2779 annia
181 2727 215 2779 e’n
231 2722 304 2793 s'pete
322 2724 381 2776 sint
397 2726 592 2791 comparanda.
630 2728 746 2780 ltlellem
764 2737 877 2781 temen:
904 2734 936 2782 est
953 2729 986 2781 ee'
993 2735 1029 2780 nt
1048 2744 1110 2780 cam
1128 2730 1219 2781 mata-

63 2796 147 2850 ribee
164 2797 270 2849 nostrie
288 2795 653 2860 comparanatf‘nent.
691 2798 794 2852 Merito
814 2800 958 2868 improbat
975 2798 1051 2850 hanc
1069 2799 1219 2851 coniectu·

64 2884 129 2918 ram
153 2866 186 2919 F.
215 2865 248 2918 Α.
270 2864 367 2919 Wolf.
394 2865 463 2919 Gotl.
486 2865 571 2918 Vind.
592 2872 616 2921 l.
642 2866 727 2922 hebet
750 2869 856 2922 nostrie
881 2870 1044 2923 maturabas.
1068 2867 1159 2921 llchsl.
1187 2872 1219 2920 ut

64 2955 130 2990 cera
154 2935 312 2989 maioribus
336 2934 442 2988 nostrie
458 2935 496 2986 eit
514 2938 712 3004 conrparaada.
747 2939 918 3015 Elegantius
936 2940 1058 2992 scilicet.
1083 2939 1144 2992 Mr.

138 3006 278 3061 Doctrina
301 3006 424 3058 Graecia
445 3022 496 3057 nas
522 3006 590 3072 etc]
626 3004 667 3062 De
694 3007 750 3061 hoc
774 3009 839 3062 loco
867 3009 995 3079 disputet
1019 3007 1153 3062 Gerlach.
1185 3011 1218 3062 in

62 3076 144 3131 Dies.
164 3078 200 3131 ‹le
225 3074 737 3199 acepsclopaas'aEruditorutnGpr19
756 3098 817 3149 sqq.
839 3079 906 3132 eod.
932 3078 1006 3132 Gud.
1031 3077 1133 3132 hebet:
1157 3080 1218 3131 Dc·

64 3149 176 3201 ctt'oree
199 3153 227 3199 et
243 3147 320 3200 aneni
337 3147 487 3199 literarum
510 3163 614 3213 genere
693 3150 772 3201 aeci
790 3164 842 3201 noe
868 3150 1099 3215 superabant.
1129 3148 1216 3200 Codd.

65 3220 183 3274 blon.2.
204 3216 321 3270 GaM.
347 3218 425 3269 omni
449 3231 581 3282 genere
600 3217 805 3271 literarum.
826 3217 912 3271 Merb.
940 3226 970 3271 et
987 3219 1030 3270 Au
1053 3256 1059 3268 .
1080 3217 1119 3267 e'n
1142 3217 1219 3270 ontnt'

27 3328 31 3335 .
64 3304 174 3355 geme
188 3286 353 3340 'literanum
372 3287 457 3339 Vintl.
475 3291 498 3342 1.
519 3300 569 3338 noe
587 3286 717 3340 Graecia.
754 3289 989 3341 adsentantium
1008 3237 1053 3339 cf
1066 3286 1142 3339 Oret.
1161 3303 1218 3358 pro

64 3360 237 3483 mccgpw’
254 3360 298 3415 bl.
336 3356 373 3409 ln
399 3373 478 3429 seqq.
504 3355 577 3410 ose
599 3356 677 3411 Geel.
705 3376 759 3430 pro
777 3365 968 3428 repugnanter
985 3357 1072 3412 hebet
1088 3373 1220 3427 pagnan-

66 3439 118 3485 tee.
185 3446 211 3481 r.

139 3499 369 3568 antiquissimam
385 3516 401 3553 e
419 3500 540 3553 doctis
556 3516 668 3569 genae
686 3501 738 3553 sit
755 3501 912 3568 poetaram]
950 3500 1018 3554 God.
1038 3501 1063 3554 A
1104 3539 1111 3552 .
1136 3501 1220 3553 eda·

66 3577 186 3625 cattas
209 3571 250 3623 eit
272 3588 366 3639 genae.
403 3570 547 3623 scribitur
572 3587 587 3623 e
610 3570 701 3624 doctis
724 3572 764 3624 at't
788 3588 875 3637 genas
906 3573 938 3623 in
967 3570 1055 3624 cote.
1107 3571 1165 3623 incl
1190 3575 1215 3627 1.

66 3643 161 3699 nebo
185 3642 260 3696 Gutl.
285 3646 339 3695 nto.
358 3644 384 3697 2.
408 3640 482 3694 End.
503 3643 531 3695 Ρ.
562 3643 594 3694 Α.
620 3641 650 3694 Β.
676 3642 712 3693 Μ.
737 3640 769 3693 li.
796 3644 864 3696 Ven.
893 3640 957 3694 Aac.
979 3648 1003 3696 1.
1033 3639 1216 3712 carestepb.

67 3714 152 3768 nem
174 3712 287 3783 Grypb.
307 3713 371 3766 Ala.
392 3711 496 3764 sturm.
518 3713 536 3766 S
558 3712 597 3765 lb.
617 3712 703 3768 Goth.
741 3711 796 3766 set
813 3713 851 3764 eit
874 3712 998 3765 edoctis
1015 3729 1101 3778 genae
1118 3719 1162 3765 cst
1184 3713 1218 3767 in

67 3785 158 3840 eote.
178 3784 251 3858 Reg.
270 3784 355 3836 Vincl.
375 3786 400 3840 2.
429 3782 502 3837 Eat.
557 3792 615 3836 rut.
642 3785 732 3838 Gron.
757 3782 827 3835 Ern.
848 3783 921 3835 Olir.
941 3785 1025 3836 Verb.
1048 3784 1108 3837 Att.
1128 3782 1161 3834 F.
1181 3782 1216 3836 A.

67 3854 165 3913 Wolf.
195 3854 275 3907 lloet.
305 3852 368 3924 Bip.
401 3851 518 3906 sehon.
546 3853 642 3907 lllihn.
671 3853 778 3908 Nobbe.
817 3854 852 3906 ln
876 3853 930 3906 Et.
959 3853 994 3904 ll.
1024 3855 1161 3907 scribitur
1189 3860 1218 3907 et

68 3926 267 3980 tectissimum
287 3941 378 3993 genae
402 3923 452 3986 sit,
476 3928 553 3993 quod
577 3926 608 3977 in
628 3942 692 3978 mer
714 3965 719 3976 .
748 3924 800 3977 lle.
826 3923 910 3976 Verh.
938 3941 954 3976 e
978 3925 1040 3977 cod.
1061 3924 1117 3977 MS.
1146 3939 1218 3995 qno·

67 3998 134 4052 dnm
153 4004 300 4051 enotetum
319 4000 371 4049 eet.
409 3994 444 4047 ln
462 3992 530 4047 oea.
548 3997 621 4049 Geel.
643 4004 672 4050 et
715 3994 760 4048 ud.
773 3998 799 4050 2.
820 3995 946 4047 edoctam
958 3996 1106 4064 genuerit.
1136 3993 1218 4050 lleli·

68 4070 119 4140 qni
143 4066 214 4141 labri
236 4066 388 4121 nobiscum
411 4061 538 4130 faciente
562 4067 623 4120 nisi
640 4067 726 4148 quud,
750 4070 872 4119 fortasse
897 4080 1050 4135 operarum
1069 4084 1168 4120 errore
1185 4065 1218 4119 in

67 4158 161 4213 marg.
181 4138 265 4192 Verb.
285 4144 419 4191 notatnm
437 4143 494 4189 este
521 4150 612 4203 genas
630 4152 683 4207 seq.
706 4134 773 4201 (sic)
794 4144 942 4206 poetam
958 4137 1014 4191 ns.
1033 4138 1066 4191 11.
1102 4138 1148 4191 Ad
1171 4152 1218 4189 ee-

70 4212 186 4283 qnentie
204 4206 334 4261 Murenae
351 4205 438 4260 haece
457 4204 592 4281 „Gellius
610 4208 660 4262 lib.
681 4208 733 4260 lll.
752 4209 789 4272 (c.
812 4208 867 4271 ll.)
883 4208 974 4276 Super
991 4215 1084 4262 aetate
1097 4203 1218 4261 Homeri

69 4300 122 4337 nea
140 4280 334 4335 committer.-
359 4279 415 4331 aas·
431 4280 594 4340 Homerum,
648 4295 695 4332 arn
713 4279 867 4333 Hesiodum
883 4281 1022 4333 maiorem
1039 4287 1109 4334 natu
1127 4278 1218 4344 fatere

69 4354 246 4424 ecrs'peennt
268 4346 328 4408 etc.
366 4348 447 4405 leem
470 4350 546 4405 libro
619 4351 658 4404 11.
687 4366 712 4404 c.
737 4349 807 4403 ult:
836 4351 871 4405 de
897 4349 1019 4405 Homero
1043 4358 1074 4404 et
1094 4345 1218 4404 Hesiodo

69 4426 144 4482 teter
157 4440 262 4481 *omnes
286 4424 350 4490 {ere
369 4422 527 4493 scriptam
549 4421 691 4490 eenattit,
714 4426 836 4477 aetatem
859 4437 908 4479 eos
931 4420 1024 4492 egisse
1049 4421 1094 4477 oet
1115 4415 1219 4473 amm
