2812 5064
211 298 275 365 400
407 294 636 363 CICERONIS
657 295 907 367 WSCUhAN.
928 295 1173 365 nlsthTA'r.

155 469 193 534 12
294 460 363 527 Sed
383 462 462 548 quid
482 462 796 547 po'e'tisirescimuri
813 462 963 531 Virtutis
975 465 1151 552 magistri,
1175 462 1370 546 philosophi

148 552 193 608 ts,
212 547 454 625 investiendi,
475 548 533 630 qni
552 566 719 611 summum
739 547 863 615 melum
883 546 1033 612 domem
1054 549 1232 611 dicerent.
1268 547 1314 608 At
1331 555 1370 628 ts,

128 623 413 728 ¹²·J⁸¹·sdoiescsus,
433 650 535 711 quum
556 628 591 692 id
612 630 674 692 tibi
695 631 807 711 psulio
827 639 905 692 unte
925 630 1063 696 dixisses
1083 629 1232 704 videris
1246 638 1371 715 rogetus

169 713 177 729 “
209 732 230 774 e
251 732 315 790 me,
336 713 486 774 Etiamne
507 714 615 775 maius
636 732 735 794 quem
758 711 913 790 dedecus,
934 714 1038 778 verbo
1060 712 1105 775 ds
1127 714 1309 775 sententis
1326 712 1369 777 de·

127 862 131 867 ,
208 796 337 859 stitisti.
380 794 473 880 Rogo
504 795 569 858 hoc
595 794 684 858 idem
712 795 912 878 Epicurum
939 799 1045 859 maius
1079 795 1179 858 dicet
1212 813 1291 857 esse
1316 816 1370 859 ms·

208 969 256 1017 oet
280 963 399 1034 quidem
425 980 458 1016 es
481 962 658 1026 coniectore,
679 962 734 1024 sed
748 962 841 1016 -nolui
864 979 927 1016 esm
954 961 1098 1032 recipere,
1135 976 1176 1014 ne
1205 958 1369 1017 Cicerones

209 1034 360 1109 corrigere
376 1035 502 1087 viderer.
540 1032 659 1087 Accedit
676 1034 729 1087 Ed.
749 1034 820 1089 Ven.
839 1031 900 1087 Alt.
926 1033 959 1085 in
983 1050 1040 1103 qua
1066 1048 1250 1103 expressum
1278 1040 1319 1085 est
1334 1032 1368 1088 di·

208 1103 321 1172 scimus,
344 1106 454 1159 calamo
477 1114 643 1159 correctum
666 1103 828 1158 ediscimus.
856 1104 891 1158 G.
911 1104 947 1158 G.
967 1103 1092 1157 Oederus
1122 1102 1159 1155 in
1176 1101 1260 1155 nise.
1288 1103 1295 1116 '
1361 1146 1366 1159 .
1398 1104 1400 1171 j

208 1192 281 1249 quse
300 1177 482 1230 inscribitur:
510 1174 638 1231 Chronol
677 1177 705 1231 is
723 1176 918 1230 Grammaticus
935 1174 973 1240 (4.
993 1174 1131 1250 Cotting.
1156 1174 1258 1239 17⁴3.)
1283 1121 1366 1245 m:
1397 1198 1400 1209 ·

208 1247 295 1314 „oin
315 1248 416 1301 Tusce.
434 1250 462 1313 t,
480 1250 525 1304 2⁷.
545 1247 631 1301 hebet
668 1262 704 1301 uo
720 1247 883 1319 praesentis
900 1249 1030 1319 periects
1051 1260 1108 1317 pro
1135 1244 1283 1298 infectis:
1309 1248 1366 1315 iep‘·
1398 1284 1400 1291 -

208 1334 272 1372 mus
298 1326 324 1373 et
355 1319 568 1384 didicimus,
601 1337 659 1389 neq
680 1335 696 1371 s
720 1319 799 1372 enim
824 1333 923 1371 moror
944 1317 1075 1370 Lambini
1107 1315 1291 1370 discimus.“
1325 1318 1366 1374 sd

208 1389 285 1443 illud
302 1391 438 1445 discimus
456 1406 513 1444 non
531 1400 575 1444 est
592 1337 734 1456 Lambini,
760 1390 809 1443 sed
832 1389 980 1455 Codicum,
1007 1397 1038 1442 et
1058 1388 1220 1462 significet
1251 1388 1284 1442 id

208 1460 275 1515 fleri
292 1463 375 1528 solet,
394 1479 461 1527 non,
481 1462 557 1532 quod
573 1463 684 1515 netum
702 1469 752 1515 est.
772 1460 846 1514 Gud.
867 1463 893 1517 2.
912 1459 1023 1514 omittit
1041 1467 1069 1512 et
1088 1459 1248 1513 discinssss.
1333 1499 1339 1513 .

280 1531 352 1587 duee
370 1533 553 1588 eruditionem
570 1532 716 1586 liberatem
734 1537 762 1584 et
780 1531 939 1586 doctrinam
952 1530 1111 1600 putemne]
1152 1531 1229 1585 Cod.
1251 1533 1323 1585 Gud.
1340 1539 1365 1586 et

207 1599 286 1657 daec.
314 1605 456 1659 Goerenn
476 1604 511 1657 ed
527 1603 587 1657 Cic.
606 1602 709 1657 Acsdd.
730 1605 753 1657 1.
773 1606 799 1658 d.
819 1604 863 1658 2³.
889 1602 969 1656 huuc
991 1601 1090 1655 lucum
1116 1602 1159 1654 ita
1189 1603 1365 1657 scribendum

208 1688 268 1728 esse
286 1675 343 1728 sits
361 1676 403 1729 Ae
420 1690 486 1729 cero
504 1691 555 1729 sscs
572 1674 662 1741 (docti
679 1673 795 1727 scilicet
811 1692 828 1727 s
846 1673 976 1739 Graecis,
1001 1671 1071 1726 hsec
1097 1680 1130 1726 et
1148 1690 1165 1725 a
1186 1675 1319 1744 pueritie
1333 1675 1365 1730 le·

231 1746 238 1760 '
270 1764 302 1798 us
320 1755 350 1800 et
367 1747 535 1812 discimust)
566 1744 638 1799 dunc
664 1751 698 1798 et
725 1744 792 1811 [hoc
809 1744 874 1798 eddi
891 1745 957 1798 vult
975 1761 1011 1797 ex
1028 1744 1142 1798 duobus
1162 1745 1230 1798 suis
1248 1747 1364 1817 optimis]

259 1814 396 1873 ditionem
412 1819 557 1873 tiberem
574 1823 604 1872 et
622 1815 780 1872 doctricem
795 1822 934 1885 putamus.
971 1814 1137 1886 Respondet
1156 1817 1210 1871 Or.
1231 1825 1297 1870 tum
1312 1820 1365 1885 psi-

207 1886 274 1941 dem
293 1888 473 1945 incommode
542 1890 616 1942 itum
634 1891 696 1942 iore
715 1887 867 1941 liberatem.
904 1889 959 1941 Pro
974 1894 1117 1956 putarem,
1143 1887 1171 1938 si
1200 1897 1287 1942 recte
1310 1888 1363 1967 legs

207 1959 393 2015 collationem
410 1961 477 2015 Cod.
511 1979 568 2036 eg,
587 1961 619 2013 iu
635 1958 692 2013 hoc
710 1967 754 2013 est
770 1963 883 2027 putatet,
901 1960 950 2012 sed
967 1959 1029 2036 tegi
1046 1959 1138 2013 etism
1148 1966 1257 2028 potest
1271 1967 1362 2030 pstea,

208 2038 241 2082 ut
259 2030 352 2107 figure
371 2034 399 2095 9,
419 2031 438 2083 i.
458 2048 483 2085 e.
503 2047 546 2098 us,
566 2031 704 2085 excidisse
721 2031 863 2084 ridentem.
902 2031 961 2083 Me.

168 2156 174 2167 ,
278 2117 304 2171 u.
324 2106 367 2158 lt.
387 2101 446 2156 Sed
462 2103 530 2174 quid
545 2101 871 2171 peitisiruses'msri]
907 2101 991 2156 Solus
1015 2103 1113 2167 Ceut,
1142 2118 1314 2173 operarum,
1335 2112 1361 2156 st

206 2171 333 2239 ridetur,
352 2189 462 2239 errore,
480 2172 559 2228 dedit
574 2172 685 2247 pueris,
704 2173 836 2248 gresiter
853 2173 1007 2259 castigatus
1024 2172 1225 2239 eGronovio,
1245 2176 1295 2245 qui
1307 2191 1362 2228 cun·

206 2244 336 2315 suesti
359 2245 468 2299 tectum
493 2263 556 2300 esse
577 2260 595 2297 s
621 2245 749 2298 Grutero
776 2245 962 2297 existimavit.
999 2247 1180 2321 Propsgstus
1206 2254 1254 2298 est
1278 2254 1361 2299 umes

206 2313 261 2370 ille
284 2331 369 2369 error
393 2333 447 2387 per
472 2325 532 2370 tres
558 2315 630 2370 Edd.
656 2316 815 2369 Gruterum
841 2322 953 2370 temere
983 2325 1149 2385 sequentes,
1190 2317 1360 2382 Leidensem,

205 2386 425 2451 londinensem,
443 2386 639 2441 Besiliensem.
676 2387 758 2441 Unus
776 2387 827 2440 Ox.
851 2385 937 2440 hebet
961 2386 1100 2458 siquidem
1127 2403 1188 2458 pro
1214 2388 1267 2442 sed
1289 2389 1360 2458 μὴ

205 2459 279 2512 elius
295 2456 463 2512 irascemur.
499 2458 581 2512 Unus
598 2457 710 2513 omittit
726 2456 832 2511 metum
848 2466 913 2529 post
938 2473 1083 2512 summes.
1108 2457 1216 2512 Duisb.
1241 2469 1305 2531 post
1320 2459 1360 2514 is·

206 2528 296 2584 ierem
313 2529 391 2581 addit
409 2530 532 2605 glossam
553 2544 622 2584 esse.
659 2528 718 2582 Mr.

276 2603 315 2653 At
341 2606 380 2666 tu,
411 2599 591 2665 adolescess,]
627 2598 711 2666 „Hic
736 2599 819 2652 locus
843 2598 995 2653 manifesto
1023 2602 1156 2655 conisstst
1185 2602 1358 2656 Lactantiun

205 2672 378 2725 scribentem
404 2672 449 2723 his
467 2672 549 2724 Dislo
571 2673 594 2723 is
619 2670 788 2725 Ciceronem
813 2687 880 2723 cum
897 2669 995 2723 Attico
1013 2670 1105 2741 loqui.
1145 2671 1267 2726 Solebat
1293 2675 1359 2727 enim

205 2757 272 2794 cum
293 2740 518 2795 adolescentibus
544 2690 676 2796 domums
703 2743 737 2795 de
761 2740 945 2811 philosophis
963 2742 1122 2812 disputsre:
1149 2743 1160 2794 i
1188 2744 1252 2796 'tur
1275 2745 1360 2798 edols·

205 2829 287 2865 scens
307 2813 417 2882 pudore
442 2813 651 2884 impudentiam
674 2813 699 2865 E
722 2812 797 2865 icuri
821 2812 982 2864 confutet.“
1016 2812 1120 2867 Comm.
1183 2831 1295 2886 ssessym.
1323 2835 1358 2887 sp

92 2882 97 2893 '
204 2883 327 2957 Leodeg.
348 2900 363 2935 s
381 2884 503 2950 Quercu.
523 2885 556 2936 V.
576 2900 660 2953 supra
686 2830 721 2937 sd
738 2884 804 2935 init.
824 2900 848 2934 c.
869 2885 894 2939 5.
922 2883 998 2936 1..1.
1026 2909 1058 2923 ·-
1083 2883 1148 2938 Duo
1170 2888 1244 2940 Oxx.
1264 2886 1359 2940 issbesu

205 2969 240 3008 uc
285 2971 319 3007 ro
343 2960 381 3007 et.
408 2955 481 3008 Gud.
506 2954 593 3007 babet
615 2954 699 3022 poulo
720 2962 784 3024 post
803 2969 895 3023 quum.
923 2953 1021 3006 Duisb.
1040 2971 1122 3022 quum
1139 2962 1178 3010 tu
1197 2956 1239 3010 s'd.
1279 2960 1359 3012 Verba

201 2974 301 3096 peuda
325 3030 389 3080 ente
414 3026 574 3095 respiciunt
596 3025 632 3078 sd
653 3042 678 3078 c.
699 3028 725 3089 ὅ,
747 3028 788 3081 li.
826 3026 880 3077 Pro
902 3024 1027 3078 dixisses
1044 3026 1112 3079 Cod.
1139 3029 1242 3082 nescio
1267 3031 1317 3100 qui
1334 3031 1359 3082 in

204 3115 249 3151 ms
289 3098 399 3150 .Verb.
420 3096 532 3150 dixisti.
568 3096 658 3149 Habet
676 3095 743 3149 Cod.
765 3094 837 3180 Aug.
858 3111 936 3148 ame
955 3098 1130 3150 nemesis
1147 3101 1235 3169 'quesn
1254 3102 1358 3155 decus.

148 3162 156 3173 ’
203 3170 239 3223 Iu
299 3168 324 3222 d.
346 3169 419 3222 Gud.
439 3172 464 3224 2.
485 3170 525 3221 ita
544 3167 688 3220 aberravit
705 3167 819 3219 libraris
838 3167 938 3220 omlus
965 3170 1098 3239 aptiore
1122 3171 1245 3224 dedecus
1274 3173 1309 3226 sd
1326 3174 1360 3226 sl·

202 3248 309 3304 terum,
328 3248 361 3291 ut
380 3242 474 3294 omnia
493 3240 563 3292 haec
580 3239 661 3292 verbo
679 3238 713 3291 de
733 3270 765 3282 -
785 3254 839 3307 que
857 3235 983 3304 dedecus,
1004 3241 1178 3294 exciderint.
1218 3244 1283 3297 Mr.

273 3311 356 3364 uerbo
374 3313 409 3365 de
427 3309 564 3364 sententia
582 3308 731 3375 destitisti]
767 3308 808 3360 De
827 3308 881 3383 Oif.
901 3311 953 3363 ΙΙΙ.
974 3313 999 3365 3.
1021 3321 1094 3364 extr.
1123 3314 1203 3366 dixit
1228 3313 1359 3369 desistere

203 3380 396 3436 sententia.
434 3382 563 3452 Respicit
581 3382 615 3433 ad
632 3398 657 3433 c.
678 3383 702 3435 ὅ.
723 3380 772 3432 ubi
790 3379 865 3431 dixit
883 3379 1006 3434 Auditor
1032 3383 1080 3434 vel
1106 3383 1300 3438 Adolescens:
1323 3402 1360 3439 ssu

200 3454 285 3521 pudet
306 3460 363 3506 tum
390 3453 448 3506 cito
472 3454 506 3506 de
527 3452 666 3504 sententia
689 3467 750 3505 esse
778 3450 920 3503 deiectum.
959 3453 1096 3505 Nostrum
1116 3456 1217 3507 locum
1236 3458 1360 3529 explicat

202 3526 274 3578 Ern.
296 3526 327 3576 in
346 3525 426 3578 Clav.
451 3542 479 3575 v.
499 3524 627 3576 onium:
649 3523 749 3592 paucis
773 3521 894 3574 monitus
918 3522 1004 3588 tacite
1029 3525 1149 3579 cessisti.
1190 3530 1257 3580 Post
1286 3543 1359 3599 men

202 3595 478 3648 accensendum.
488 3599 511 3649 l.
531 3594 656 3647 habetin
668 3594 730 3662 ipso
741 3592 815 3646 enim
830 3594 962 3647 dedecore
978 3596 1060 3649 verbo
1080 3596 1115 3649 de
1131 3600 1282 3654 sententie.
1303 3601 1358 3654 Mr.

272 3666 370 3735 Rogo
393 3660 442 3718 doc
468 3665 543 3719 idem
564 3665 737 3733 Epicurum]
776 3664 920 3717 Scribitur
946 3682 1020 3733 roga
1045 3669 1075 3719 in
1098 3668 1171 3721 Edd.
1203 3673 1239 3723 m.
1261 3673 1294 3723 1.
1314 3672 1357 3723 Fr.

201 3738 284 3791 Febr.
320 3739 384 3791 Car.
414 3737 514 3806 steph.
545 3736 625 3806 sylb.
659 3736 739 3788 Boul.
771 3737 852 3790 Brut.
886 3737 1000 3789 bembb.
1032 3739 1120 3792 Goth.
1154 3740 1269 3796 Sturm.
1299 3741 1358 3794 Ald

202 3809 325 3865 HWolt.
352 3809 498 3878 idemque,
519 3808 600 3877 quasi
619 3825 634 3858 a
652 3807 768 3859 nemine
787 3805 878 3858 adhuc
897 3810 1102 3883 excogitatum,
1127 3812 1257 3865 coniecit
1271 3813 1359 3866 Erne-

201 3889 271 3933 stus.
308 3879 364 3933 Sed
391 3890 470 3934 recte
499 3879 584 3951 Seps.
614 3892 710 3930 sensus
733 3887 785 3941 est,
805 3878 854 3941 sit,
883 3879 907 3930 si
926 3895 996 3953 rogo
1014 3880 1069 3934 hoc
1089 3881 1167 3934 idem
1187 3884 1357 3954 Epicurum,

199 3959 233 4003 ut
261 3951 343 4003 modo
368 3961 398 4004 te
422 3949 532 4026 rogavi.
575 3949 729 4003 Commode
754 3951 869 4001 confert
896 3950 1049 4003 K'u'hnerus
1074 3953 1108 4005 de
1134 3955 1170 4005 N.
1198 3955 1232 4006 D.
1260 3957 1285 4008 1.
1312 3958 1356 4011 21:

199 4022 319 4088 Reges
343 4038 394 4087 me,
421 4023 529 4090 quatem
552 4022 666 4074 deorum
693 4027 825 4073 suturam
848 4035 908 4073 esse
934 4021 1044 4084 dicam;
1072 4022 1146 4075 sidit
1166 4025 1293 4090 fortusse
1317 4043 1358 4079 re·

199 4092 360 4162 spondeam.
399 4094 573 4160 Quaeres,
603 4098 733 4160 putemne
757 4091 863 4144 tatem
887 4107 979 4156 esse,
1005 4093 1099 4162 quetis
1125 4099 1208 4149 modo
1234 4113 1253 4150 ss
1278 4098 1357 4151 tesit

198 4163 346 4232 expositn3
376 4163 452 4216 nitet
477 4165 569 4217 dicam
590 4162 661 4217 midi
687 4162 783 4216 uideri
810 4162 911 4215 missus.
949 4164 1049 4217 secuti
1067 4174 1164 4218 tamen
1183 4177 1251 4219 sunt
1271 4170 1358 4221 Erne-

198 4245 275 4289 stum
293 4236 452 4319 Bipontini,
471 4245 571 4288 contm
599 4253 669 4306 quos
688 4243 768 4289 recte
781 4235 893 4287 Nissen.
925 4236 1357 4315 „Imperativus,ait,vu1gsto

199 4322 273 4375 rogo
297 4305 378 4358 mihi·
398 4307 490 4359 multo
514 4307 632 4359 videtur
659 4306 791 4359 inferior.
828 4307 903 4359 Nem
926 4315 991 4360 ente
1014 4316 1089 4360 erat:
1115 4316 1238 4377 rogatus
1266 4326 1286 4362 α
1308 4325 1355 4362 nse.

199 4377 297 4447 Rogo
315 4386 410 4431 autem
428 4386 470 4431 est
487 4394 541 4448 pro
559 4378 665 4447 mando
683 4394 764 4447 rogo,
789 4385 822 4432 ut
840 4391 913 4445 roga
931 4395 985 4448 pro
1004 4379 1113 4448 quando
1142 4381 1267 4447 rogus.“
1307 4383 1358 4434 Pro

200 4449 276 4503 dicet
293 4466 366 4503 unus
384 4449 436 4504 Ox.
456 4448 541 4514 disin
572 4449 650 4505 idem
668 4450 780 4504 omittit
799 4449 830 4502 in
848 4466 927 4520 seqq.
947 4449 1072 4505 dotorem
1097 4459 1161 4521 post
1178 4451 1357 4508 mediocres·-
