2828 5070
580 307 712 371 LIBER
733 305 777 386 11,
802 312 830 373 1.
1216 313 1277 377 tet

120 495 227 560 paene
247 476 290 538 ab
311 476 386 557 ipso
406 477 482 537 iero
503 473 615 551 irrisi5
637 471 725 555 qnid
739 476 892 536 futurum
913 481 1081 556 putemne·
1101 497 1203 560 quum
1221 477 1303 540 ed-tl

121 566 236 622 intore
263 559 401 642 populo,
434 578 499 641 quo
527 557 705 620 utebamur
733 564 841 634 antea,
874 576 961 619 nunc
987 560 1125 622 minime
1145 579 1205 623 nos
1226 565 1279 624 uti

123 663 221 726 posse
251 639 441 704 videamus?
483 640 540 702 Est
562 641 652 702 enim
695 638 884 721 hilosophia
910 642 1024 721 paucis
1051 651 1206 707 contenta
1228 646 1281 706 iu·

124 727 277 803 dicibns,·
296 720 549 785 multitudinem
571 660 723 787 consulto
754 724 826 804 ipsa
848 723 989 806 fugiens,
1024 726 1121 805 eique
1148 729 1212 807 ipsi
1247 736 1281 790 et

123 816 277 891 suspecta
298 816 332 868 et
352 808 477 868 invisa:
504 813 544 869 ut
564 807 628 882 vel,
659 806 688 866 si
716 807 790 888 quis
821 806 1015 869 universam
1046 808 1128 870 velit
1148 811 1281 888 vitupe-

122 912 213 970 rare,
236 888 382 952 secundo
404 888 438 949 id
459 889 584 970 populo
605 891 715 949 facere
737 889 860 969 possit3
882 891 945 965 vel,
968 891 997 950 si
1018 890 1055 949 in
1077 909 1160 969 eam,
1183 910 1281 971 quam

123 993 184 1037 nos
216 975 359 1034 maxime
387 973 571 1052 sequimur,
613 977 755 1032 conetur
789 968 963 1044 invadere,
1005 992 1057 1032 ma
1084 992 1125 1035 na
1158 972 1281 1036 habere

122 1058 229 1142 possit
248 1056 373 1118 auxilia
394 1076 415 1118 a
435 1054 643 1138 reliquorum
665 1051 943 1135 pbilosophorum
963 994 1156 1138 disciplinis.

125 1277 181 1382 Rus
204 1260 290 1382 ferstaqt,
327 1256 398 1327 quid
425 1264 552 1326 respuat.
599 1255 693 1311 Verba
723 1257 849 1320 futurum
876 1263 1009 1323 putamus
1040 1259 1143 1312 absunt
1167 1279 1182 1313 a
1212 1261 1281 1315 coe.

152 1349 170 1381 n
193 1369 199 1380 .
273 1345 297 1380 r.

171 1349 250 1452 gilot
276 1397 349 1453 enim
366 1396 550 1466 Philosophia
570 1431 602 1441 -
620 1397 746 1467 fugiens]
789 1400 899 1452 Laudat
922 1400 1090 1454 Lactantius
1117 1400 1183 1454 Div.
1210 1403 1281 1457 lost.

126 1473 177 1525 lib.
199 1471 251 1524 lll.
273 1489 334 1541 cap.
354 1472 415 1555 25..
434 1468 477 1523 De
495 1486 528 1522 re
548 1472 609 1538 ipsa
628 1470 698 1554 vide·
710 1471 869 1523 Ari-ianam
887 1470 984 1541 Epict.
1004 1472 1054 1525 lib.
1076 1472 1131 1529 111.
1152 1475 1282 1544 cap0XV2

126 1539 1009 1684 Pag'odizloithiabliislldlmv'leldiugagussgdbaixrii§ciluillis
1032 1613 1081 1666 01.
1111 1615 1284 1670 auditore
1344 1626 1345 1630 ’

116 1685 235 1756 ‘populu
272 1686 328 1736 Pro
353 1690 437 1736 anteo
465 1692 509 1736 est
531 1691 594 1737 onte
619 1685 651 1736 in
675 1683 744 1737 cod.
770 1685 844 1736 Mon.
872 1689 894 1738 l.
920 1683 994 1742 Edd;
1023 1686 1092 1739 Vsu.
1120 1685 1180 1740 Alt.
1207 1696 1236 1741 st
1253 1687 1283 1744 Ρ,

126 1758 251 1811 Verbum
267 1771 352 1824 posse
370 1754 450 1808 abest
468 1756 501 1807 ab
520 1771 578 1807 nno
597 1755 647 1808 Ox.
669 1753 737 1808 eod.
758 1756 801 1808 Au
826 1792 833 1806 .
859 1753 945 1808 habet
968 1771 1050 1823 posse
1076 1758 1128 1810 uts'.
1164 1759 1285 1812 (ludin

125 1848 219 1903 marg.
241 1826 356 1883 Lamhh.
375 1843 450 1879 unus
469 1825 518 1878 Ox.
539 1828 627 1881 Marb.
655 1825 730 1878 Gnd.
751 1829 777 1883 2.
797 1773 895 1879 finisb.
924 1825 1079 1880 videnum.
1119 1827 1286 1885 coniicitur

128 1904 161 1954 in
177 1900 308 1974 margine
327 1897 596 1950 Lambinianarum:
615 1897 736 1954 videant.
772 1899 833 1952 Mr-
1080 1950 1082 1955 .

199 1968 338 2034 contento]
374 1968 456 2021 Unus
482 1968 532 2021 Ox.
559 1974 734 2038 contemptae
769 1969 844 2022 alins
871 1966 932 2036 ipse
956 1984 1010 2039 pro
1038 1968 1102 2038 ipsa
1130 1987 1196 2023 cum
1215 1969 1284 2023 (lod.

128 2045 201 2116 Aug.
239 2039 315 2092 'l'um
333 2038 409 2095 Gud.
429 2045 525 2111 etque
543 2038 610 2110 ipsi.
631 2031 810 2109 Dnisb·‘s‘pss'
826 2057 859 2094 su
894 2046 964 2092 ecto.
993 2040 1047 2093 Ed.
1068 2041 1133 2094 Asc,
1152 2044 1178 2093 2.
1206 2042 1284 2111 eique

127 2117 200 2184 ipsa,
221 2116 295 2166 Mon.
316 2114 340 2167 1.
361 2110 843 2168 etunus01.s'not'sooidetur.
902 2111 974 2165 uisb.
1004 2121 1038 2165 ut
1061 2112 1096 2164 εἰ
1119 2112 1181 2165 vel.
1210 2112 1285 2170 Edd.

127 2190 199 2242 Van.
218 2186 277 2237 Alt.
299 2189 328 2237 et
346 2182 375 2239 P.
401 2183 477 2236 osolt:
502 2183 556 2237 illa
579 2185 610 2236 in
632 2200 725 2258 marg.
754 2184 791 2239 al.
818 2182 896 2236 velit.
933 2183 1027 2236 Verba
1045 2185 1162 2237 secundo
1185 2184 1286 2252 populo

129 2259 314 2329 explicantur
337 2255 570 2310 antecedentibus
589 2255 721 2309 adiutore
742 2257 862 2324 populo:
898 2254 1079 2307 commodius
1097 2256 1216 2320 fovente,
1239 2271 1288 2308 cs-

128 2329 264 2384 sents'ente
280 2328 393 2395 populo,
424 2334 457 2378 ut
477 2345 512 2381 ex
535 2327 606 2380 licat
624 2327 650 2380 J.
672 2324 866 2380 Camerarius.
904 2323 1050 2377 Similiter
1074 2333 1117 2378 est
1142 2326 1174 2377 in
1199 2342 1287 2378 versu

128 2399 277 2454 trochaico
301 2414 347 2466 ap.
374 2397 434 2449 (lic.
461 2399 496 2452 de
547 2400 586 2454 iv.
606 2397 628 2449 l.
649 2399 690 2454 lt.
718 2415 747 2468 p.
769 2399 811 2454 te.
838 2397 874 2449 ed
897 2403 989 2448 nostr.
1027 2395 1141 2449 Solvere
1165 2396 1287 2463 imperat
1378 2450 1384 2457 ,

129 2469 282 2526 secundo
308 2484 467 2536 rumore,
500 2471 673 2539 aduersoque
695 2467 751 2520 cui.
779 2469 880 2520 Horat.
901 2466 996 2537 Epist
1016 2466 1041 2531 1,
1062 2471 1102 2523 lo.
1124 2470 1157 2522 9:
1175 2483 1288 2520 rumore

129 2543 264 2596 secundo.-
287 2540 370 2616 Virg.
390 2539 461 2591 Aen.
481 2539 514 2596 V.
534 2543 603 2596 llll:
632 2540 755 2594 clamore
773 2538 901 2595 secundo.
940 2536 996 2590 Sed
1021 2539 1090 2607 quid
1115 2554 1169 2614 ego
1188 2541 1287 2609 politas

129 2612 239 2667 aliero?
278 2611 342 2680 lpse
368 2610 470 2663 Cicero
494 2611 529 2664 ad
550 2611 607 2663 Att.
635 2613 659 2665 l.
686 2615 727 2666 16.
758 2611 880 2663 acuenda
905 2609 1047 2662 concientia
1070 2611 1230 2664 coluntute:
1258 2617 1288 2663 et

129 2685 216 2756 plane
234 2681 270 2736 ad
288 2681 384 2735 nostri
402 2683 460 2735 loci
478 2685 603 2736 formam
632 2688 734 2736 contre
751 2681 872 2736 Rullum
890 2683 928 2734 11.
947 2685 999 2737 ³7:
1024 2682 1160 2735 secund
1166 2699 1183 2733 a
1206 2699 1288 2735 con-

128 2756 230 2810 cione
249 2755 337 2819 legem
356 2754 508 2819 agrariam
526 2754 628 2807 suasit.
665 2753 813 2808 Sci-ibitur
831 2753 961 2806 secundo
974 2755 1086 2821 populo,
1111 2755 1227 2806 omisso·
1244 2754 1287 2818 id,

130 2829 238 2879 inuno
257 2824 307 2877 Ox.
327 2824 440 2877 Habent
465 2826 559 2893 possit
582 2826 678 2890 {acere
693 2824 767 2878 Edd.
791 2825 822 2878 P.
841 2826 878 2877 A:
895 2825 927 2893 Bt
947 2823 975 2877 S.
995 2824 1030 2879 Ε.
1051 2823 1082 2878 G.
1106 2827 1176 2878 Ven.
1196 2832 1287 2878 nostr.

130 2899 195 2950 Asc.
217 2902 241 2952 l.
260 2900 288 2952 2.
314 2898 396 2948 Junt.
436 2895 469 2948 ln
493 2913 552 2950 uno
571 2896 623 2948 01.
648 2897 728 2949 inter
749 2897 833 2967 prius
857 2903 887 2949 et
913 2898 1059 2964 posterius
1079 2897 1181 2964 possit,
1215 2911 1288 2965 qnae

130 2971 369 3039 interponuntur,
389 2968 605 3022 interciderunt
623 2969 727 3021 omnia.
765 2966 810 3019 Au
829 2967 1094 3019 constructionem:
1131 2968 1196 3019 liet
1214 2965 1289 3018 euim

128 3037 307 3110 philosoplis
322 3072 350 3081 -
363 3039 571 3111 multitudinem
584 3066 616 3077 -
627 3039 709 3106 fugi
717 3054 791 3103 ena,
810 3055 897 3108 qnam
917 3036 1019 3089 dicunt
1032 3037 1289 3108 periphrasticam,
1364 3088 1366 3094 ,

129 3127 185 3181 pro
203 3111 280 3176 fugit
298 3110 372 3162 enim
390 3120 457 3183 etc,
477 3113 559 3164 cuius
576 3109 633 3163 hoc
651 3109 716 3162 loco
736 3125 820 3161 cansa
840 3115 893 3172 est,
933 3107 1220 3177 ucd'interponitur,
1239 3106 1289 3161 vel

129 3181 228 3302 pdotilalas
245 3181 403 3299 partictipio
429 3183 588 3302 antgcgdit:
615 3185 668 3231 est
685 3179 768 3300 lenim
783 3123 965 3298 pbilosopztio
986 3176 1087 3245 poncia
1105 3183 1289 3301 cow'ilibm

130 3265 747 3390 iunii?02⁰illosiil'nsifliirm‘is
762 3263 921 3388 lisinii?
931 3264 1224 3370 nuntient.
1243 3266 1289 3374 sl?

130 3395 175 3448 52.
195 3409 223 3463 p.
244 3393 297 3445 126
315 3409 356 3460 sq.
385 3389 437 3443 nbi
463 3400 563 3445 nostro
591 3391 656 3444 loco
683 3391 794 3460 optime
812 3389 1002 3454 convenit-is,
1031 3405 1118 3457 quem
1143 3390 1231 3442 attuli
1254 3406 1289 3444 ex

132 3466 179 3518 Or.
200 3479 254 3534 pro
273 3463 352 3536 Lege
370 3464 443 3517 lllan.
463 3466 490 3519 3.
528 3463 588 3516 Mc.

202 3535 246 3586 uel
264 3533 291 3584 si
309 3537 342 3588 s'n
361 3550 433 3599 eom,
451 3534 547 3604 wem]
566 3532 654 3609 codd.
675 3534 748 3611 Aug.
768 3550 860 3610 marg.
881 3534 947 3586 Asc.
965 3536 991 3589 2.
1011 3549 1086 3586 unus
1105 3533 1156 3588 Ox.
1176 3535 1251 3588 lllon.
1262 3538 1287 3589 1.

130 3606 203 3658 Edd.
224 3605 253 3658 S.
273 3604 307 3658 E.
328 3606 451 3662 HWolf.
471 3605 613 3659 omittunt
630 3607 682 3671 s'n.‚
706 3605 763 3659 duo
781 3604 852 3656 Oxx.
871 3608 945 3658 Mon.
965 3607 991 3661 2.
1018 3603 1125 3658 babent
1151 3621 1194 3670 eu,
1223 3622 1289 3658 cum

130 3677 203 3731 Edd.
230 3697 246 3729 a
265 3676 387 3732 Reiskio
415 3678 532 3731 collatis
552 3677 701 3743 omnibns,
723 3684 874 3747 praetcrea
897 3677 933 3728 Ρ.
951 3675 984 3729 Α.
1003 3677 1034 3728 B.
1056 3677 1086 3729 0.
1116 3676 1197 3728 Junt.
1217 3678 1287 3728 Ven.

132 3757 223 3803 nostr.
243 3749 306 3802 Asc.
330 3755 354 3805 l.
375 3752 401 3804 2.
421 3750 494 3802 item
512 3749 619 3802 omisso
637 3749 670 3802 t'n
689 3756 719 3801 et
737 3755 875 3818 sequente
894 3763 973 3816 quoe,
996 3755 1118 3817 excepto
1136 3762 1194 3800 uno
1213 3747 1289 3799 ltlon.

133 3827 162 3872 et
180 3818 232 3869 Ed.
255 3820 315 3872 Car.
339 3818 450 3890 steph„
478 3821 509 3871 in
529 3820 634 3890 quibus
654 3828 697 3873 est
715 3835 806 3888 quoin.
828 3818 949 3875 (lud-¹2.
974 3817 1063 3872 babet
1088 3823 1291 3884 connectuntur

131 3891 365 4013 prot‘eeqlisf'mur.
401 3891 537 3966 Intelligi
561 3891 776 3958 Academiam,'
797 3906 897 3957 nemo,
936 3887 1057 3960 opinor,
1095 3897 1139 3942 est
1165 3889 1216 3958 qui
1240 3906 1292 3943 ne-

132 3977 212 4015 scia.
288 3979 311 4013 r.

202 4031 319 4097 Habere
328 4033 420 4101 possit
438 4033 552 4085 auxilie
569 4034 740 4101 reliquorum
754 4027 981 4102 pbilosophorum
1009 4030 1181 4100 disciplinis]
1218 4032 1292 4086 For·

131 4123 192 4170 san,
211 4100 314 4171 lubere
330 4105 424 4172 possit
442 4105 588 4157 annilina
613 4104 785 4174 reliquorum
806 4101 1037 4173 pbilosophorum
1062 4103 1233 4173 disciplinis,
1258 4111 1291 4156 ut

132 4179 219 4231 etiarn
239 4176 396 4228 Lambinus
416 4176 516 4231 edidit.
554 4176 591 4232 D.

202 4263 309 4314 magno
327 4246 429 4301 dobere
453 4245 548 4315 possit
572 4244 685 4300 auxilia
710 4263 727 4298 a
745 4246 970 4316 reliquorum
984 4246 1055 4317 ¹etc]
1081 4249 1155 4303 ‚Vox
1182 4245 1291 4300 annua

133 4319 163 4368 in
184 4316 270 4370 Godd.
292 4320 441 4373 absorbuit
458 4318 613 4389 hausitque
631 4334 658 4384 u,
684 4319 760 4388 quod
784 4318 1017 4373 interserendum
1044 4326 1097 4383 cst,
1124 4326 1158 4370 ut
1185 4318 1290 4370 oratio-

133 4404 200 4439 nem
223 4389 329 4443 fulciat
351 4391 574 4444 vacillantem.“
613 4391 755 4443 Turnebus
782 4388 951 4444 Adversarr.
979 4389 1017 4446 11.
1043 4393 1069 4446 8.
1095 4389 1190 4458 1245.
1227 4387 1291 4453 „ln

133 4457 263 4534 vulgatis
282 4461 366 4516 libris
384 4462 465 4518 deest
481 4462 661 4535 praepositio
679 4477 709 4532 o,
732 4478 805 4531 vocs
822 4461 936 4519 euxino
950 4452 1102 4530 absorpta,
1127 4465 1161 4529 ut
1179 4457 1291 4515 Tume-
