2828 5070
190 293 255 363 272
388 288 623 357 CICERONIS
643 289 891 359 wscunatt.
912 287 1145 356 DISPUTAT.

191 465 271 525 sunt
290 464 414 537 sutem,
436 475 662 541 quaecumque
680 466 771 538 sunt,
793 477 878 541 quse
898 453 1152 520 similitudinem
1180 452 1351 532 faciente)

192 543 277 606 nihil
307 543 516 605 necessitatis
545 544 655 620 affert,
691 561 754 604 cnr
780 550 960 604 assumtus
996 540 1111 616 animi,
1150 535 1349 601 similitudo.

192 727 330 784 lectionis
351 729 505 794 varietate,
530 729 587 780 iam
612 727 727 780 librarii
750 726 801 780 vel
823 736 1000 781 correctores
1026 734 1124 779 nostro
1150 725 1216 777 loco
1233 724 1350 777 mederi

194 801 289 854 conati
308 801 376 853 sint.
413 801 448 853 ln
465 817 576 874 margg.
596 799 667 852 Edd.
687 799 802 852 Lambb.
823 809 853 852 et
871 799 957 851 Goth.
979 799 1088 850 dicitnr
1105 797 1176 848 alios
1192 796 1293 871 legere
1312 792 1349 848 sd

194 878 289 925 cutem
311 876 392 925 suut:
420 889 505 941 quam
533 887 586 944 ego
613 869 769 923 lectionem
797 869 829 922 in
851 869 911 922 sols
932 869 986 920 Ed.
1006 867 1139 924 HWollii
1166 867 1272 937 reperi.
1312 868 1349 920 ln

193 935 269 996 blon.
291 947 315 997 l.
335 951 399 1013 post
417 957 591 1011 quaecunque
609 947 672 993 sunt
691 940 806 992 additur
821 947 879 992 out.
916 940 976 994 Mr.

265 1029 334 1080 quoe
352 1012 567 1066 similitudinem
583 1011 741 1078 fuciunt]
777 1011 900 1064 Faciunt
923 1011 1009 1063 babet
1035 1007 1102 1062 cod.
1129 1007 1214 1061 vind.
1234 1010 1261 1063 Ἃ.
1289 1007 1346 1061 Ed.

193 1093 253 1138 vet.
272 1083 433 1149 Bouhierii,
461 1084 558 1135 hamb
577 1081 723 1138 Fawols.
743 1082 823 1134 Koel.
843 1082 928 1135 Scbz.
949 1083 997 1133 Or.
1034 1081 1097 1154 Ego
1124 1096 1204 1144 vero,
1227 1087 1260 1130 nt
1287 1094 1349 1131 non

195 1164 338 1208 mutarem
365 1154 566 1218 lndicativum,
594 1154 618 1206 si
643 1162 716 1206 esset
741 1153 771 1204 in
790 1153 906 1224 optimis
929 1152 1026 1204 libris:
1053 1151 1093 1202 ita
1120 1148 1349 1202 Coniunctirum

194 1226 284 1295 facile
302 1228 375 1291 fero,
393 1233 427 1277 ut
445 1240 515 1294 quae
534 1224 643 1276 dictum
663 1241 721 1278 esse
739 1223 873 1277 videatur
888 1240 942 1294 pro
961 1219 1106 1285 eiusmodi,
1125 1227 1166 1284 ut,
1185 1219 1234 1272 rel
1250 1228 1286 1272 ut
1303 1220 1350 1270 in-

194 1297 324 1371 telligas:
351 1313 384 1349 so
402 1302 465 1348 sunt
483 1302 576 1348 nutuss
593 1296 636 1348 ita
654 1301 826 1364 comparato,
851 1300 882 1345 ut
896 1293 1115 1361 ¹similitudmem
1138 1291 1255 1357 fociant,
1283 1291 1348 1343 vel:

196 1383 231 1421 scs
257 1374 322 1421 sust
349 1374 440 1420 autem
464 1364 517 1419 tte
535 1374 646 1433 nutura,
671 1373 703 1419 ut
722 1394 754 1404 -
773 1362 896 1432 faciant?
930 1366 1021 1431 Quare
1040 1379 1097 1416 non
1123 1379 1190 1414 cum
1207 1361 1350 1415 recentis-

195 1439 268 1491 simo
287 1439 396 1491 editore
415 1438 539 1489 dixerim
558 1438 782 1490 Coniunctivum
799 1436 1048 1506 sententiaerepn
1089 1450 1146 1485 are.
1167 1459 1201 1470 -
1234 1431 1290 1485 Ed.
1310 1432 1347 1484 H.

196 1508 296 1583 pergit
319 1515 359 1561 ut
382 1505 463 1560 sitit.
494 1508 579 1561 Codd.
600 1509 687 1561 Marb.
708 1511 783 1561 Mon.
804 1513 828 1563 l.
848 1507 1008 1560 necessitas.
1046 1453 1106 1559 lll.

269 1577 342 1632 nibil
368 1577 545 1631 necessitatis
567 1581 661 1646 offert,
693 1595 756 1631 cur
778 1584 979 1634 nuscuntur
1005 1575 1134 1643 animi,
1162 1574 1348 1659 similitude]

197 1650 317 1716 „leucus
335 1649 386 1703 bic
404 1650 486 1702 foede
506 1658 658 1721 corruptus
676 1659 747 1714 erat,
772 1650 874 1702 vitiosa
892 1648 1126 1718 interpunctione
1153 1656 1182 1699 et
1206 1648 1292 1698 unius
1311 1646 1350 1698 ls-

197 1727 277 1774 terae
302 1721 493 1774 detractione:
531 1739 617 1791 quesn
644 1738 709 1773 sane
735 1720 876 1784 feliciter,
902 1719 1082 1790 praefiscine,
1111 1717 1348 1788 interpunctione

198 1799 317 1857 mutata,
337 1802 366 1845 et
384 1791 470 1844 litera
488 1807 507 1844 ss
525 1792 646 1857 reddita,
674 1791 798 1844 restitui
837 1790 885 1844 Sic
907 1799 1003 1842 autem
1028 1789 1134 1841 habent
1160 1788 1230 1840 libri
1248 1804 1350 1857 omnes

197 1864 250 1915 rnl
272 1863 326 1915 ati:
347 1861 422 1915 nibil
438 1862 615 1916 necessitatis
635 1861 728 1928 offert,
753 1878 805 1915 cur
821 1866 960 1926 noscatur,
988 1858 1078 1913 animi
1104 1858 1271 1923 similitudo,
1290 1865 1348 1912 etc}

199 1881 282 1985 nulls
300 1935 449 1986 sententia.
486 1935 572 1987 Nunc
591 1943 696 2000 autem,
722 1941 756 1984 ut
774 1951 790 1985 a
807 1951 854 1986 me
873 1933 966 1984 editus
993 1940 1044 1996 est,
1072 1932 1182 2000 optima
1205 1929 1351 1982 sententis

100 2040 111 2061 κ
199 2013 256 2058 est.
277 2002 355 2055 nibil
374 2003 559 2070 necessitatis,
585 2003 692 2072 inquit,
719 2003 805 2056 affert
823 2003 985 2056 similitudo
1007 2011 1234 2073 procreatorum,
1260 2017 1350 2069 quare

198 2081 353 2126 nascantur
370 2075 469 2138 animi,
489 2074 557 2144 quia
575 2074 734 2125 similitudo
754 2094 769 2127 a
788 2091 907 2144 corpore
946 2071 1152 2126 ronciscitur.“
1188 2069 1349 2124 Lambinus.

271 2143 328 2196 Gur
345 2150 480 2198 nascatur
498 2144 589 2196 animi
606 2143 773 2210 similitudo]
810 2146 900 2198 lactat
918 2092 951 2197 ll.
971 2143 1125 2198 Lambinus
1143 2159 1171 2194 se
1190 2142 1352 2194 restituisse

198 2229 251 2283 cus·
269 2220 422 2268 noscuntur
441 2214 540 2279 animi,
567 2213 740 2277 similitudo,·
766 2214 889 2271 sednon
907 2222 979 2277 erat,
1006 2212 1113 2267 curub
1139 2230 1201 2266 eam
1220 2212 1354 2265 emenda·

199 2287 310 2339 tionem
327 2286 491 2358 superbiret
508 2285 557 2337 vir
574 2284 771 2340 doctissimus:
795 2286 836 2338 ita
855 2285 934 2338 enim
953 2283 1117 2339 iamdudum
1136 2291 1302 2336 correxerat
1320 2285 1350 2336 Ρ,

199 2356 357 2422 Manucius,
377 2356 453 2426 quod
470 2355 591 2410 verbulo
610 2363 719 2409 notasse
737 2354 849 2407 candidi
868 2356 927 2407 fuit
952 2353 1074 2430 ingenii.
1112 2353 1229 2406 Codices
1253 2369 1352 2406 omnes

200 2446 269 2496 cum
286 2428 388 2490 nostri,
416 2438 480 2480 tum
498 2426 631 2489 aliorum,
655 2425 802 2498 vulgatam
825 2424 983 2478 lectionem
1007 2432 1172 2475 constanter
1196 2422 1351 2488 exhibent,

200 2517 255 2552 nec
273 2499 348 2621 malle
368 2499 485 2621 ᾳιιίὁίοιη
503 2496 528 2550 si
546 2494 639 2563 modo,
656 2494 774 2572 virgula
791 2494 927 2562 immissa,
944 2495 1023 2572 legas
1033 2509 1084 2548 stsr
1096 2499 1240 2560 nascatur,
1260 2494 1352 2548 animi

200 2570 322 2623 similitu
344 2586 368 2620 o.
437 2608 443 2619 .

271 2657 321 2691 cur
349 2647 503 2692 nascuntur
528 2638 627 2705 animi,
660 2636 841 2704 similitudo]
877 2638 956 2704 Quod
978 2639 1019 2691 nit
1042 2637 1112 2690 Dav.
1132 2637 1351 2690 Lasnbinianasn

201 2709 429 2763 emendationem
456 2728 472 2761 a
495 2711 524 2761 P.
544 2709 670 2763 Manutio
697 2711 857 2780 profectam
880 2726 949 2773 esse,
975 2708 1005 2761 id
1024 2709 1055 2760 in
1082 2725 1146 2761 mes
1164 2709 1280 2779 quidem
1298 2707 1352 2759 Al-

199 2779 276 2843 dina,
296 2797 368 2850 quae
386 2779 472 2832 babet
490 2780 571 2832 illius
589 2780 649 2834 viri
677 2780 896 2844 emendationes,
923 2796 981 2831 non
1005 2780 1115 2830 factum
1140 2797 1198 2832 esse
1221 2778 1350 2848 reperio.

200 2849 281 2916 Quod
296 2866 366 2901 vero
385 2851 425 2901 ait
444 2851 540 2902 lamb.
561 2850 671 2902 inEdd.
691 2859 762 2903 vett.
783 2850 923 2925 distingui
940 2857 1004 2920 post
1022 2854 1164 2913 nascatur,
1183 2850 1212 2902 id
1228 2850 1258 2899 in
1274 2847 1349 2900 Edd.

201 2939 274 2991 quae
300 2920 334 2972 ad
352 2938 470 2972 manum
491 2928 567 2985 sunt,
591 2937 649 2972 non
667 2923 847 2974 estfactum:
879 2937 976 2974 omnes
994 2919 1112 2974 habent:
1140 2936 1191 2972 cus·
1215 2923 1350 2971 namatus·

201 2989 293 3045 animi
310 2989 479 3047 similitudo.
518 2992 580 3044 Nec
598 3008 668 3044 vero
687 2992 741 3044 ista
758 2992 965 3056 distinctione,·
980 3009 1036 3061 qua
1059 2989 1136 3043 tueri
1158 2990 1224 3041 vult
1246 2988 1296 3038 vul
1319 3007 1351 3039 a·

200 3070 261 3115 tam
279 3062 360 3127 Dav,
378 3062 490 3132 aliquid
508 3062 670 3132 proficitur.
699 3061 772 3127 Quid
790 3063 886 3114 enim?
905 3062 1017 3114 etiamsi
1035 3060 1070 3114 sd
1086 3066 1217 3113 nascatur
1235 3007 1351 3109 insefii-

201 3152 251 3210 gas
270 3133 382 3186 suimus
409 3151 444 3186 ex
468 3133 599 3203 sequenti
626 3132 717 3186 animi
733 3132 908 3199 similitudo;
932 3141 1029 3185 tamen
1047 3132 1208 3214 corruperis
1234 3138 1351 3183 senten-

203 3207 283 3258 tiam.
322 3207 388 3258 Non
407 3204 484 3257 enim
502 3204 577 3270 vult,
595 3221 687 3255 animi
705 3204 927 3256 similitudinem
945 3203 1025 3255 nihil
1040 3201 1216 3255 necessitatis
1233 3201 1351 3266 afferre,

203 3293 257 3330 cur
275 3283 408 3329 nascatur
426 3275 553 3339 animus,
581 3274 629 3327 sed
653 3290 767 3329 onmem
785 3275 1007 3327 similitudinem
1035 3273 1113 3326 nihil
1131 3271 1235 3326 afferre
1253 3289 1351 3324 neces·

203 3348 306 3412 sitatis,
333 3365 387 3399 cur
413 3354 565 3398 nascantur
591 3345 689 3397 animi.
727 3345 788 3397 Hoc
806 3345 882 3397 vidit
909 3346 997 3398 etiam
1015 3344 1180 3409 HWolfius,
1207 3344 1257 3414 qui
1275 3342 1351 3394 solus

204 3432 240 3469 ex
259 3418 340 3468 illius
358 3417 448 3468 seculi
467 3415 623 3468 editoribus
642 3433 707 3467 cum
725 3415 774 3468 Fr.
793 3416 876 3468 Febr.
905 3416 1025 3469 edidisse
1049 3415 1175 3479 ridetur,
1203 3424 1235 3466 ut
1253 3412 1349 3465 Larnb.

203 3487 376 3539 Bouhierius
402 3501 517 3554 quoque
541 3485 679 3537 Lambino
701 3486 827 3550 assentit,
856 3486 983 3555 itemque
1002 3485 1142 3551 Olivetus,
1170 3485 1222 3555 qui
1239 3483 1352 3554 recepit

205 3557 323 3610 eandem
340 3555 512 3620 lectionem,
535 3555 621 3609 aliam
645 3557 753 3608 frustra
779 3556 907 3611 defendit
924 3556 1127 3610 ballemannm
1151 3565 1180 3608 et
1198 3555 1352 3607 novissime

204 3627 363 3691 Nissenius,
391 3625 574 3681 distinctione
592 3626 742 3680 Davisiana
759 3637 941 3697 persenatum
964 3628 1058 3680 locum
1078 3626 1252 3680 existimans.
1277 3627 1350 3678 Ern.

204 3696 284 3751 hunc
303 3713 417 3767 quoque
435 3695 541 3760 locum,
566 3705 599 3751 ut
617 3697 755 3762 infinitos,
780 3698 920 3750 intactum
942 3699 1075 3768 reliquit,
1102 3705 1132 3750 et
1157 3698 1289 3772 frugibus
1307 3696 1353 3747 in-

204 3770 299 3823 ventis
317 3768 351 3820 ad
369 3767 486 3845 glandes
504 3767 604 3819 rediit:
626 3785 748 3838 eumque
766 3769 931 3843 religiosius
948 3767 1005 3822 boc
1024 3785 1136 3839 quoque
1154 3767 1219 3822 loco
1238 3776 1354 3820 secutus

99 3881 105 3890 .
205 3850 249 3896 est
267 3840 403 3894 Nobbius.
441 3838 536 3891 Ceteri
563 3848 627 3907 post
644 3838 840 3895 FAWolfiusn
865 3850 1038 3909 receperunt
1066 3838 1197 3892 Lambini
1222 3839 1355 3891 ernenda-

205 3913 315 3965 tionem
332 3909 512 3983 palmariam,
531 3909 665 3961 Koelium
683 3910 755 3975 dico,
774 3909 945 3963 Sebiitsium
957 3910 1028 3962 Tbn.
1050 3918 1079 3962 et
1095 3909 1247 3975 Orellium,
1267 3926 1353 3980 quarn

205 3983 247 4034 ita
267 3984 353 4034 etiam
372 3979 584 4033 commendavit
601 3979 751 4040 „Reiskiuss
780 3981 971 4047 „Nascuntur
993 3983 1093 4034 Venet.
1116 3985 1139 4035 1.
1159 3983 1185 4036 2.
1213 3982 1285 4034 Med.
1307 3986 1353 4043 1.;

205 4058 342 4105 nascatur
360 4051 432 4104 ltled.
452 4054 478 4106 2.
498 4052 579 4103 Junt.
600 4049 681 4104 Scur.
700 4051 765 4104 Ald.
786 4051 884 4123 Steph.
920 4052 1004 4105 Unde
1022 4053 1209 4106 confirmatur
1220 4050 1354 4103 Lambini

138 4151 158 4163 ··
206 4123 381 4186 coniectura,
410 4121 441 4172 in
460 4138 545 4191 quam
564 4121 623 4191 ipse
642 4139 756 4192 quoque
774 4123 875 4188 incidi,
894 4123 1049 4196 legendum
1067 4141 1124 4177 esse
1143 4120 1215 4176 nibil
1230 4120 1354 4174 necessi·

205 4194 277 4247 tutis
295 4194 387 4259 offert,
406 4207 458 4244 cur
477 4198 631 4246 noscamur
647 4193 745 4259 animi,
765 4193 934 4248 similitudo.
971 4194 1032 4247 Hoc
1057 4203 1111 4248 est:
1139 4210 1197 4248 non
1222 4191 1355 4261 sequitur

128 4308 135 4328 χ
206 4263 375 4328 necessario,
397 4263 475 4315 nasci
494 4265 612 4331 animos,
633 4281 668 4318 ex
687 4282 787 4319 eorum
804 4264 1027 4318 similitudine.“
1063 4267 1179 4320 Praeter
1196 4264 1262 4317 istas
1280 4261 1354 4315 Edd.

204 4343 276 4389 vett.
303 4332 410 4386 babent
436 4334 524 4387 etiam
547 4335 622 4387 hanc
646 4336 803 4392 lectionem
829 4344 889 4390 tres
912 4336 982 4389 Oxx.
1020 4337 1100 4393 Unus
1127 4336 1213 4408 plane
1243 4332 1356 4390 omittis

205 4406 291 4462 verbs
308 4420 359 4462 cur
377 4411 541 4461 nascuntur.
579 4406 639 4461 Mr.
706 4413 709 4416 ·
1033 4427 1038 4440 ,
