2828 5070
531 302 659 365 nmen
679 301 707 381 1,
728 303 779 367 n.
1167 301 1229 367 ear

77 486 163 530 mero
183 465 296 528 deberi
317 466 438 542 volent,
471 467 620 540 evaseris,
652 464 696 526 od
716 483 770 526 eos
791 466 908 539 venire,
939 467 996 544 qai
1017 483 1089 527 nere
1109 463 1231 528 iudices

77 660 111 706 et
134 652 221 706 Marb.
256 651 395 703 omittunt
424 649 496 701 inme
530 650 615 718 prior
637 648 723 703 hebet
749 656 792 702 ert
823 650 910 702 mutto
937 648 1056 702 beatius.
1094 649 1137 702 De
1164 665 1233 703 oon·

79 724 243 777 structione
270 721 327 773 vid.
350 718 503 772 Doeleckii
530 720 662 772 Gramm.
688 721 785 773 Germ.
814 722 876 774 Lat.
902 738 932 789 p.
959 721 1018 776 1³2.
1062 719 1168 772 Vocem
1191 726 1233 773 est

79 794 192 846 omittit
210 791 284 843 Gud.
305 794 330 842 ².
368 792 428 842 Mr.
549 844 552 852 ,

151 860 240 927 Tene,
261 876 320 912 cnm
338 860 372 911 ob
391 857 447 923 bis]
484 857 533 912 Sic
550 860 620 935 neg.
639 862 736 937 Vulgo
755 867 790 914 te.
828 860 866 914 D.

155 933 214 997 Te,
239 946 319 999 quum
344 929 449 981 abiis
470 961 499 970 —
520 929 784 984 rainerium-baec
799 963 832 973 -
850 928 945 982 videri
959 929 1089 998 potestt]
1123 931 1167 982 lta
1185 948 1233 984 ra·

78 1002 208 1055 tionibus
237 999 367 1053 omnibus
390 997 567 1067 ponderatis,
601 1000 785 1057 scribendum
809 1000 956 1065 duximus,
984 1002 1087 1054 omissi
1105 1000 1233 1054 Bentleii

80 1073 273 1132 correctione,
305 1085 359 1121 nec
377 1084 447 1120 vero
471 1070 559 1139 plane
578 1071 714 1124 restituta
733 1073 828 1125 reteri
851 1070 1048 1137 distinctione.
1086 1070 1234 1123 Edebetnr

80 1142 245 1196 enimenta
269 1138 435 1190 Darisimn:
457 1166 485 1175 -
508 1140 692 1205 beatioresi,
723 1146 802 1192 te-
824 1139 1040 1207 Triptolemum:
1074 1139 1235 1194 convenire·

80 1227 134 1281 qne
153 1239 185 1248 -
203 1210 333 1263 vixerint.
366 1208 442 1260 Haec
456 1212 590 1265 -videri
605 1209 721 1277 potest?
747 1209 819 1262 Eam
862 1209 1112 1263 edistinctionem
1131 1210 1233 1264 lectio·

79 1298 206 1349 nemque
230 1281 423 1334 restituerunt
447 1279 519 1335 Ern.
549 1289 578 1333 et
602 1297 679 1350 seqq.
718 1277 802 1333 Solus
822 1229 896 1332 Er.
916 1281 972 1330 ita:
992 1313 1025 1322 -
1051 1279 1160 1333 beatius
1178 1285 1233 1332 est.

82 1351 156 1403 Tene
179 1367 238 1402 cum
267 1351 301 1400 ab
327 1347 371 1398 bis
398 1348 447 1416 qai
467 1377 497 1386 -
519 1349 743 1418 Triptolemum?
763 1383 794 1392 -
820 1349 962 1402 vixerint!
992 1349 1071 1401 Haec
1090 1377 1121 1386 -
1141 1347 1235 1402 videri
1328 1348 1330 1353 ’

77 1421 190 1489 potest!
222 1421 357 1471 Proxime
383 1419 493 1471 accedit
517 1419 570 1471 Ed.
596 1419 667 1472 'ibn
699 1421 730 1472 in
757 1437 812 1489 que
834 1420 959 1495 legitur:
981 1451 1013 1460 -
1044 1419 1156 1472 beatius
1181 1424 1232 1476 eet.

83 1490 207 1542 Tene-
229 1490 443 1555 Triptolemum:
463 1521 496 1530 -
515 1489 657 1552 vixerim
684 1488 752 1541 baec
770 1523 802 1532 -
818 1490 933 1557 potest!
968 1486 1118 1541 Exhibeat
1145 1490 1233 1543 etism

80 1560 157 1613 illud
178 1562 251 1613 Tene
270 1558 358 1612 Codd.
378 1558 447 1632 ling.
467 1577 542 1610 nnius
561 1559 639 1613 Leid.
665 1577 740 1612 unus
759 1559 809 1612 Ox.
833 1560 920 1624 (alius
937 1557 1023 1611 babet
1038 1561 1138 1627 paene)
1158 1558 1234 1613 cut.

79 1636 107 1686 l.
128 1630 162 1682 ln
182 1630 254 1703 Aug.
276 1626 366 1680 Rebd.
392 1636 420 1682 et
438 1627 491 1680 Ed.
512 1629 547 1679 il.
576 1638 620 1682 est
644 1635 753 1692 terrem
788 1629 819 1681 in
837 1628 912 1684 Gud.
932 1644 966 1680 ez
984 1635 1019 1683 te.
1058 1628 1234 1684 Bouhierint

81 1718 118 1753 ex
141 1701 194 1753 illa
225 1699 383 1768 scriptione
411 1698 546 1751 eliciebat
564 1697 728 1752 lectionem.
769 1698 807 1750 Te
833 1698 924 1753 enim
944 1727 976 1736 -
1000 1697 1135 1764 vixerint,
1166 1697 1235 1751 beer

78 1769 276 1839 peregrinatio
297 1800 328 1810 -
346 1773 447 1835 potest.
488 1768 525 1821 Ut
544 1784 608 1820 rrero
628 1777 682 1824 etc.
707 1769 817 1821 abiecto
837 1767 975 1822 vocabulo
1001 1768 1078 1819 vobis
1097 1775 1127 1820 et
1146 1768 1234 1823 verbo

80 1841 258 1908 appellentur
284 1845 394 1890 mutato
419 1840 451 1890 in
469 1838 650 1906 appeliantor.
683 1839 728 1890 Et
746 1837 803 1890 hoc
826 1837 941 1908 quidem
962 1836 1085 1888 latinum
1104 1854 1164 1890 esse
1183 1854 1235 1892 ne·

103 1918 132 1962 at
149 1912 263 1963 Nissen.
283 1910 389 1976 absque
408 1909 531 1972 ratione,
557 1916 711 1979 utramque
729 1915 826 1960 autem
849 1909 1002 1971 rationem,
1028 1916 1057 1960 et
1074 1905 1187 1960 Davisii
1204 1915 1235 1961 et

80 1929 243 2045 fionffierii,
275 1978 382 2031 melius
410 1979 567 2030 convenire
594 1995 662 2030 cum
687 1977 807 2031 Graecis
835 1977 986 2030 contendit
1010 1976 1057 2029 Or.
1077 1975 1234 2033 Kiihnernt

80 2051 206 2119 denique
226 2052 256 2101 in
275 2048 420 2101 contextis
439 2049 556 2118 quidem
574 2049 702 2101 serravit
717 2046 864 2121 vulgatam
883 2047 1050 2112 lectionem,
1070 2047 1235 2104 aFAWol·

79 2119 120 2173 flo
144 2126 301 2173 retentam:
336 2118 367 2169 in
390 2126 486 2172 annot.
517 2126 611 2171 autem
631 2118 743 2182 scribit,
776 2133 809 2169 ac
832 2119 857 2170 si
875 2117 1059 2170 Darisianam
1078 2117 1234 2187 receperit,

80 2207 144 2243 eam
167 2207 203 2244 ue
221 2190 322 2259 probat
340 2195 426 2257 atque
445 2205 460 2240 e
502 2186 582 2252 licat,
606 2186 729 2241 laudatis
747 2186 915 2240 Heindorfio
939 2186 974 2239 ad
991 2186 1061 2239 lior.
1083 2187 1141 2241 Sat.
1162 2186 1184 2239 1.
1204 2190 1232 2244 9.

80 2261 125 2315 73.
178 2263 275 2334 riiger.
302 2257 484 2310 Untersuc
512 2296 518 2309 .
545 2257 596 2310 tib.
623 2259 650 2310 d.
677 2260 748 2309 Lat.
771 2256 922 2309 Gramm.
943 2257 1003 2326 l.p.
1022 2260 1109 2328 23sq.
1131 2257 1234 2310 namra

78 2327 165 2382 horn.
193 2329 322 2382 Gramm.
345 2329 406 2378 Lat.
435 2327 457 2391 1.
488 2328 549 2382 168.
575 2345 604 2397 p.
630 2330 693 2383 436.
723 2327 903 2396 eundemque
930 2327 1095 2379 Accusativi
1124 2343 1146 2379 o.
1174 2327 1232 2383 tut.

79 2417 163 2452 usum
184 2401 215 2450 in
234 2397 491 2450 exclamationibus
510 2397 545 2448 ad
563 2395 798 2458 admirationem,
823 2395 1065 2470 indignationem,
1091 2396 1234 2450 laetitiam

79 2469 302 2552 significandam
325 2463 400 2537 apud
424 2467 549 2519 Graecos
576 2466 706 2519 obtinere
737 2465 820 2519 docet
849 2466 990 2536 exemplis
1014 2466 1130 2518 additis.
1176 2464 1234 2520 Sed

80 2540 198 2591 mireris
219 2555 295 2602 sane,
324 2553 389 2588 eum
413 2551 471 2588 non
497 2538 600 2610 magis,
628 2549 713 2605 quam
731 2536 897 2590 Bentleium
915 2536 1043 2588 animum
1063 2536 1232 2602 advertisse,

80 2608 135 2661 illa
154 2607 384 2683 interrogatione
405 2606 476 2656 Tene
496 2636 528 2646 -
548 2607 586 2658 od
603 2621 650 2657 eos
668 2606 763 2658 tenire
782 2607 835 2657 -i
867 2605 1043 2658 contrariam
1062 2606 1149 2677 plene
1167 2624 1233 2660 sen·

79 2679 203 2732 tentiam
222 2678 351 2746 prodire,
370 2682 455 2744 atque
472 2691 535 2727 eam
554 2694 640 2745 quam
658 2676 725 2727 vult
743 2676 854 2729 Cicero.
894 2675 925 2729 si
944 2676 1032 2740 enim,
1058 2676 1134 2747 quod
1152 2684 1232 2731 reete

80 2757 180 2801 monet
197 2748 348 2800 Heindorf.
378 2745 399 2795 l.
420 2761 457 2809 c.,
484 2745 515 2796 in
539 2745 681 2798 eiusmodi
708 2745 985 2818 interrogationibus
1004 2747 1231 2801 subaudiendum

82 2827 141 2871 est:
168 2834 256 2871 nonne
275 2816 433 2882 indignum,
466 2815 570 2866 mirum
588 2816 654 2867 eati
686 2831 751 2868 num
775 2816 937 2868 credibile?
972 2816 1031 2880 rel,
1066 2816 1233 2888 quodvult

80 2889 166 2943 Leur.
185 2887 283 2940 Valla:
318 2901 417 2939 verene
442 2883 486 2936 ita
504 2885 570 2936 eet!
606 2893 669 2936 tum
688 2893 767 2938 certe
785 2902 902 2955 semper
928 2885 980 2937 illa
999 2888 1128 2955 quaestio
1146 2886 1232 2957 quid·

79 2959 158 3028 piem
178 2959 203 3010 si
222 2974 280 3009 non
298 2958 457 3031 ingratum,
491 2961 570 3007 certe
595 2954 822 3023 inexspectatum
851 2955 1007 3029 significat.
1045 2956 1077 3010 si
1101 2973 1171 3010 vero
1190 2958 1231 3013 its

81 3028 212 3080 construi
232 3027 350 3079 volunt:
378 3023 445 3077 daec
465 3024 663 3092 peregrinatio
688 3025 840 3077 mediocria
860 3051 893 3062 -
911 3025 1004 3077 videri
1020 3032 1123 3093 potest,
1153 3032 1231 3081 tene

81 3131 114 3140 -
135 3099 174 3149 cd
201 3113 247 3148 eos
273 3096 387 3148 venire?
419 3103 482 3148 tum
508 3092 640 3162 equidem
668 3094 854 3147 Latinitatem
877 3094 1022 3147 desidem.
1058 3095 1232 3163 Requiritur

80 3169 174 3221 enim:
194 3167 238 3217 An
256 3164 323 3218 baec
340 3183 367 3217 v.
387 3163 525 3226 haeccine,
544 3165 592 3217 rel
610 3165 799 3234 simpliciter:
824 3163 943 3217 inec-
962 3164 1056 3217 videri
1071 3171 1174 3231 potest,
1202 3171 1230 3220 te

82 3264 116 3274 —
135 3234 240 3297 venire,
260 3235 288 3285 id
308 3242 365 3286 est:
385 3235 457 3302 qaod
475 3239 604 3285 venturus
621 3250 651 3286 ea
670 3238 709 3299 (r.
729 3235 811 3301 aia)'.’
847 3234 886 3285 Et
904 3235 946 3286 sio
964 3250 1016 3286 nos
1034 3232 1113 3285 huno
1132 3234 1230 3288 locum

78 3313 112 3426 (qt
137 3304 234 3357 intelli
257 3305 342 3367 imus,
374 3311 403 3355 et
427 3302 615 3372 (quamquam
634 3304 749 3358 inrorso
778 3305 1002 3361 constructionis
1021 3303 1143 3371 ordine)
1169 3304 1231 3358 edi·

99 3393 184 3431 nnus.
256 3390 281 3425 r.

153 3463 202 3533 qui
219 3479 249 3516 ee
268 3461 393 3514 iudicem
412 3473 526 3515 numero
544 3459 643 3515 deberi
660 3464 765 3532 oolam]
802 3464 889 3518 Abest
906 3480 935 3516 se
954 3464 987 3517 ab
1005 3465 1059 3518 Ed.
1078 3465 1114 3518 Η.
1140 3465 1229 3533 Quam

80 3538 220 3604 frequens
245 3532 382 3585 Ciceroni
408 3533 447 3585 sit
471 3534 648 3585 constructio
679 3535 740 3587 eolo
768 3551 811 3588 me
841 3533 941 3586 baberi
968 3536 1146 3607 similesque,
1178 3536 1229 3590 nbi

83 3606 172 3679 vulgo
190 3619 352 3673 pronomen
370 3601 520 3672 personale
539 3603 698 3667 omittitur,
717 3620 775 3657 non
794 3613 838 3657 est
857 3603 934 3674 quod
952 3622 1083 3660 moneam
1101 3615 1166 3678 post
1185 3625 1229 3670 ea,

82 3692 155 3742 quae
182 3674 243 3726 dixi
270 3673 305 3724 ad
323 3673 383 3727 cie.
411 3673 445 3725 de
463 3673 553 3747 legg.
573 3671 597 3729 l.
620 3677 644 3727 1.
668 3691 697 3744 p.
719 3679 761 3729 10.
786 3673 822 3727 ad
839 3675 874 3727 de
891 3673 960 3744 nep.
981 3677 1020 3730 ll.
1040 3680 1081 3733 15.
1107 3696 1136 3746 p·
1156 3680 1227 3732 287:

83 3743 186 3812 quibus
205 3742 285 3808 adde,
306 3744 331 3795 si
351 3745 404 3808 vis,
423 3742 568 3798 Drakenb.
586 3741 622 3793 ad
640 3742 703 3795 Liv.
723 3743 776 3797 lll.
796 3747 838 3800 68.
858 3748 884 3801 9.
913 3744 1037 3822 Kriiger.
1065 3749 1098 3799 V.
1118 3744 1144 3797 d.
1164 3749 1229 3798 At·

84 3820 204 3933 “limis
214 3831 242 3881 p.
262 3815 424 3869 ses-336.
454 3811 582 3934 Kithnelq.
608 3811 726 3932 adscic.
753 3812 837 3870 Tusc.
867 3814 906 3867 ll.
934 3818 977 3871 14.
997 3820 1040 3873 61.
1064 3835 1092 3886 p.
1115 3818 1167 3871 186
1183 3835 1228 3944 pq.

83 3883 613 4075 iiiiii.¹ii‘aii'.i⁴n.i.,fj
635 3882 711 4005 cii.h
719 3884 1226 4022 'iiiiiieiiiiiriiiitpinr.

84 4027 160 4079 1829.
181 4026 231 4078 1⁰7
249 4041 290 4091 sq.
310 4041 337 4091 p.
357 4027 417 4077 431.
438 4023 530 4076 Kritz.
555 4041 571 4075 a
608 4020 846 4078 sall.cat.t.1.
871 4042 900 4094 p.
919 4027 945 4078 4.
978 4025 1092 4080 Beneke
1110 4026 1146 4080 ad
1164 4027 1227 4083 cte.

84 4094 144 4147 Cat
165 4093 186 4144 l.
207 4096 234 4146 2.
252 4111 282 4163 P·
302 4096 346 4148 27.
372 4091 456 4150 Tusc.
475 4095 508 4144 V.
529 4095 571 4148 19.
591 4094 632 4147 54.
652 4094 684 4146 V.
704 4095 748 4148 73.
771 4096 814 4150 66.
842 4095 877 4146 de
898 4092 965 4147 niv.
990 4096 1029 4148 ll.
1048 4100 1092 4154 67.
1112 4100 1172 4155 lle.
1192 4098 1228 4154 de

84 4163 130 4217 Or.
151 4164 173 4218 1.
193 4165 236 4219 47.
256 4165 318 4218 104.
347 4162 382 4216 de
408 4161 473 4217 Sen.
500 4167 540 4217 10.
570 4163 613 4217 ³2.
639 4161 773 4216 Gerlach.
803 4162 838 4216 sd
863 4160 934 4219 Sall.
962 4164 1024 4220 Cat.
1048 4169 1069 4221 1.
1089 4167 1110 4225 l.
1133 4186 1162 4238 p.
1182 4168 1226 4224 bd

83 4234 182 4308 Pergit
209 4233 281 4286 Gud.
307 4250 419 4285 numero
450 4233 584 4286 iudicum.
613 4232 696 4285 Vind.
716 4239 741 4289 1.
768 4234 891 4287 iudicum
916 4251 1072 4297 enumero.
1108 4239 1228 4291 Praram

83 4303 204 4355 Ernesti
222 4303 412 4372 scriptionem
439 4304 524 4356 velint
550 4304 608 4356 ism
627 4310 714 4374 snpra
737 4303 985 4427 reprebendimus.
1021 4310 1076 4363 l’ro
1104 4306 1228 4360 evaseris

83 4372 137 4425 Ed
158 4373 192 4426 H.
218 4387 285 4425 cum
312 4373 380 4426 Cod.
406 4371 481 4447 Aug.
509 4389 630 4427 comere·
675 4375 741 4429 Mox
793 4373 855 4432 odd.
882 4375 968 4436 vind.
994 4382 1019 4436 l.
1044 4378 1134 4434 ltebd.
1157 4376 1228 4443 veri,

110 4502 189 4544 cicero
205 4502 268 4544 ruse.
282 4503 347 4557 nep.
363 4504 397 4543 ee.
416 4503 492 4544 ntem
517 4504 540 4545 r.
556 4505 575 4548 r.
938 4484 982 4547 22
