2828 5070
124 295 188 363 486
317 292 550 361 CICERONIS
571 295 819 371 Tuscum.
832 293 1076 367 ‚nlspum

123 457 336 544 adiungebat.
385 462 502 546 Itaque
527 471 704 547 postquam
731 463 884 528 adamavi
912 462 1000 526 hanc
1018 462 1120 545 quasi
1150 462 1296 525 senilem

121 612 225 738 paulina
245 609 346 684 'aptius
369 612 446 666 nihil
470 615 580 686 opponi
603 615 752 698 invenias,
779 634 865 687 qnam
887 612 1016 685 propria.
1052 613 1168 668 Nullus
1195 615 1293 692 igitur

142 682 234 749 ubito,
253 683 326 754 quin
343 683 501 762 legendum
520 686 559 739 sit
576 693 604 739 et
620 703 776 756 preprsa
801 687 1008 751 innumera,
1043 702 1121 757 quae
1163 686 1292 743 uomodo

121 753 276 838 depravata
302 757 362 810 sint
393 774 409 810 e
433 757 607 828 compendio
631 757 752 827 propria
782 759 919 813 innumer.
947 756 1035 814 facile
1064 758 1130 812 inte
1161 758 1168 771 “
1197 759 1290 812 'tur.“

121 823 235 881 Nssseu,
262 827 440 882 FAWeltius
470 830 501 881 in
526 828 646 896 scholis,
672 831 724 882 vix
747 830 889 901 explicari
914 845 998 900 pesse
1024 827 1115 884 verba
1137 829 1290 897 proprian

121 913 266 953 umerum
277 900 333 964 sit,
346 916 408 953 esse
418 900 470 970 qui
485 901 583 970 inepte
596 901 632 953 de
643 917 758 955 namne
769 901 899 959 oratorio
911 899 1077 970 explicent:
1093 916 1187 970 posse
1200 903 1287 955 etiarn

39 1010 44 1017 .
121 970 306 1024 commodum
324 988 463 1025 versuum
482 989 637 1025 numerum
657 971 755 1036 (zahl)
775 972 919 1048 intelligi3
948 971 1097 1039 propriam
1122 972 1208 1025 enim
1230 990 1287 1026 esse

121 1039 263 1107 idoneum,
283 1049 385 1111 aptum.
407 1043 462 1095 sibi
475 1042 605 1112 quidem,
625 1059 691 1096 cum
709 1043 763 1097 illa
782 1044 877 1098 absint
888 1042 975 1098 verba
991 1061 1009 1095 a
1026 1043 1112 1096 bonis
1131 1043 1286 1097 nonnullis

122 1110 209 1178 MSS,
229 1130 288 1166 nen
307 1113 528 1185 displiciturum
546 1114 703 1191 significat,
732 1116 758 1167 si
783 1116 970 1170 eiicerentur.
1007 1113 1127 1184 Optime
1146 1129 1222 1168 vero
1241 1114 1287 1168 de·

120 1184 217 1240 tendit
233 1184 390 1238 lectionem
408 1183 568 1260 vulgatam,
596 1203 669 1256 quae
687 1202 870 1255 nequaquam
891 1187 1036 1241 librorum
1055 1181 1135 1238 MSS.
1157 1185 1285 1239 auctori-

121 1263 183 1310 tate
201 1255 379 1321 destituitur,
407 1256 524 1321 (habent
550 1258 629 1310 enim
653 1274 716 1311 eam
741 1273 839 1311 omnes
864 1258 888 1311 ii
912 1256 999 1311 chd.
1025 1272 1097 1327 ques
1117 1273 1210 1327 supra
1229 1273 1285 1311 nen

122 1327 317 1383 indicavimus
335 1327 467 1381 variare:
486 1326 565 1381 nihil
582 1337 680 1384 autem
697 1328 816 1382 facilius
834 1329 901 1393 luit,
927 1345 1013 1400 quam
1034 1343 1136 1381 errare
1154 1329 1189 1383 in
1208 1344 1286 1382 com·

144 1397 238 1453 endiis
257 1397 421 1451 simillimis
442 1397 488 1461 sii,
513 1406 616 1464 noster,
636 1408 665 1454 et
683 1405 746 1464 m,
771 1399 928 1465 numerum)
951 1399 1071 1470 optime,
1090 1399 1228 1468 inquam,
1247 1401 1286 1454 ita

121 1416 277 1525 labanius
296 1470 327 1520 in
347 1467 466 1538 Opuscc.
491 1484 521 1539 p.
540 1473 593 1527 21⁰
612 1488 669 1540 squ
700 1472 763 1525 llcc
782 1470 846 1524 loco
864 1472 890 1525 si
908 1471 967 1524 tria
985 1469 1115 1523 membra
1134 1484 1286 1541 compara·

122 1540 213 1594 tionis
233 1537 430 1604 admittamus,
458 1556 516 1593 non
540 1542 621 1595 deest
644 1539 810 1595 commodae
834 1539 942 1596 horum
961 1541 1118 1595 verborum
1138 1541 1170 1593 in
1241 1557 1286 1597 n·

122 1609 229 1677 tationi
247 1610 336 1664 locus
373 1609 493 1664 Etenim
512 1611 660 1666 eiCicero
685 1612 743 1666 hoc
770 1611 869 1666 dicere
887 1612 1087 1676 voluit,1)ion
1111 1611 1191 1665 sium
1233 1613 1285 1666 tci-

122 1697 189 1736 cnm
208 1698 308 1735 versus
326 1681 514 1738 admiscuisse
532 1684 668 1749 crationi,
691 1681 814 1752 primum
831 1684 914 1754 quasi
932 1683 1053 1745 dictata,
1097 1683 1183 1736 dude
1201 1681 1286 1740 nulle

121 1752 243 1814 dilectu,
259 1759 403 1822 postremo
421 1752 505 1808 nulla
524 1754 678 1830 elegantia,
705 1771 822 1808 necesse
840 1763 884 1810 est
910 1754 1005 1807 tribus
1021 1752 1070 1807 his
1089 1755 1122 1808 in
1141 1752 1221 1808 Dion
1258 1755 1285 1808 'o

122 1824 297 1896 vituperatis
317 1824 374 1878 tria
392 1826 463 1880 item
481 1825 557 1888 alia,
572 1843 644 1895 quse
662 1827 694 1879 in
706 1824 827 1881 Philone
845 1825 1011 1890 laudentur,
1031 1827 1154 1896 opponi:
1192 1775 1284 1882 Appo-

122 1913 179 1966 que
197 1904 279 1950 recto
297 1897 468 1967 procederet
485 1897 596 1951 cretio:
623 1895 706 1953 Pbs'lo
722 1903 819 1952 aester
845 1905 878 1951 et
899 1897 1047 1966 proprium
1067 1913 1227 1960 numerum,
1253 1901 1284 1950 sl

123 1967 197 2022 lactu
213 1973 354 2035 poemata,
374 1974 407 2020 et
426 1967 487 2020 leco
505 1968 685 2034 adiungebat.
722 1968 921 2036 Quaerendum
940 1969 1044 2044 igitur,
1064 1967 1213 2036 quomodo
1231 1967 1285 2023 ills

123 2037 251 2097 interae
270 2047 456 2108 opponantur
473 2045 610 2107 tanquam
629 2041 786 2102 contraria,
806 2056 905 2093 sersus
924 2039 1008 2110 qussi
1025 2038 1136 2092 dictata
1154 2056 1285 2112 pronun·

122 2109 198 2161 tiere
226 2112 252 2159 el
279 2109 433 2177 proprium
457 2126 613 2164 numerum
638 2111 774 2165 versibus
797 2108 963 2185 adiungere.
1000 2110 1091 2180 Atqui
1109 2108 1170 2164 hcc
1190 2109 1285 2182 expli·

123 2194 190 2232 care
206 2193 267 2232 non
286 2178 355 2232 adeo
374 2179 497 2234 difficile
515 2187 568 2235 est.
606 2180 661 2248 Qui
686 2199 787 2236 versus
813 2188 950 2251 tanquam
970 2178 1078 2234 dictata
1096 2183 1284 2251 pronuntiat,

123 2251 149 2306 is
167 2265 226 2304 non
244 2255 338 2315 curat,
364 2257 398 2303 ut
421 2253 625 2322 pronuntiatio
647 2252 861 2307 versiculorum
886 2271 902 2306 a
962 2259 1060 2306 mento
1085 2253 1286 2308 accommode·

122 2329 189 2386 tur3
209 2321 346 2376 dictantis
366 2322 443 2376 enim
463 2324 577 2377 animus
595 2342 612 2376 a
629 2322 783 2378 celeritate
798 2323 953 2379 scribentis
967 2336 1123 2393 suspensus
1143 2324 1178 2379 id
1190 2324 1285 2378 sulum

122 2393 194 2470 agit,
211 2401 246 2446 ut
264 2394 363 2447 omnia
381 2394 467 2450 verba
485 2394 564 2448 clare
583 2397 652 2449 satis
672 2402 701 2450 et
719 2394 858 2449 distincte
876 2395 1045 2458 efferantur,
1072 2411 1112 2449 ne
1128 2396 1180 2458 sit,
1207 2393 1285 2464 quod

122 2463 276 2520 scribentis
294 2464 345 2519 vel
362 2482 462 2520 aurem
481 2466 580 2528 lateat,
599 2465 648 2522 vel
666 2465 811 2520 calamum
833 2464 966 2541 effugiat·
1005 2464 1115 2519 Contra
1140 2467 1195 2535 qui
1216 2481 1286 2534 pro-

119 2534 215 2606 prium
233 2552 377 2588 nssmerum
395 2536 526 2590 versibus
544 2534 687 2604 adiungit,
708 2537 732 2590 is
750 2543 843 2598 curat,
858 2545 892 2590 ut
910 2535 1043 2612 singulos
1061 2553 1118 2606 pre
1141 2537 1285 2606 cuiusque

120 2625 155 2662 ar
176 2609 295 2659 umento
314 2606 362 2658 vel
379 2608 468 2660 altius
487 2608 534 2661 vel
551 2609 678 2662 inferius
697 2608 881 2678 pronuntiet,
901 2615 936 2661 ut
953 2607 1109 2661 attollatur
1126 2608 1284 2661 concitatis

120 2625 282 2742 aniculus,
316 2684 350 2728 ut
376 2680 545 2748 compositis
573 2679 737 2743 descendat,
768 2679 893 2749 denique
919 2687 953 2731 ut
981 2677 1071 2732 aliter
1103 2679 1285 2733 sententiose

121 2749 199 2804 dicta
217 2747 379 2816 eloquatur,
398 2747 485 2802 aliter
509 2767 541 2803 ea
559 2752 700 2821 proferat,
726 2750 757 2802 in
776 2749 880 2820 quibus
899 2749 1035 2804 alacritas
1053 2750 1197 2818 quaedam
1216 2765 1286 2802 sen·

121 2834 205 2874 sunm
224 2825 273 2869 aut
290 2817 455 2871 animorum
473 2821 655 2890 perturbatio
680 2829 794 2906 regnet.
832 2821 915 2873 Fieri
931 2821 1029 2895 igitur
1045 2821 1153 2892 potuit,
1181 2827 1217 2871 ut
1236 2817 1284 2874 Ci-

121 2904 188 2944 cero
200 2886 341 2948 ¹Philonis
353 2891 593 2945 consuetudinem
612 2892 644 2944 in
655 2892 787 2945 versibus
826 2899 957 2945 cetarum
969 2893 1096 2947 orationi
1114 2891 1285 2944 immiscen-

121 2960 167 3017 dis
185 2957 272 3012 hasce
290 2965 350 3013 tres
370 2958 405 3013 ob
430 2975 526 3041 causap
550 2960 751 3018 commendare
769 2911 876 3026 vellen
908 2963 1041 3032 primum
1058 2961 1134 3034 quod
1152 2975 1201 3014 eos
1221 2977 1285 3014 non

121 3029 205 3104 quasi
224 3030 332 3084 dictata
349 3031 498 3099 recitaret,
526 3031 575 3087 sed
593 3040 659 3104 epte
683 3033 899 3104 pronuntiaret,
926 3033 1053 3104 adeoque
1072 3028 1221 3100 proprium
1240 3031 1284 3084 iis

121 3118 265 3159 summam
284 3102 464 3170 adiungeret,
483 3103 588 3158 deinde
607 3103 684 3176 quod
704 3120 763 3158 non
785 3104 949 3175 promiscue
965 3100 1104 3168 omnibus,
1120 3099 1172 3156 sed
1189 3099 1284 3155 lectis

120 3181 235 3230 tantum
253 3176 432 3245 poematibus
451 3182 599 3242 uteretur;
617 3182 775 3246 postremo,
793 3173 871 3241 qued
889 3192 947 3228 non
967 3191 1068 3230 omnes
1084 3172 1192 3245 ubique
1209 3188 1284 3226 ver·

121 3246 228 3303 siculos
254 3247 417 3312 inferciret,
446 3245 495 3302 sed
525 3263 575 3300 ecs
599 3247 664 3301 lcco
694 3245 855 3311 adhiberet,
888 3255 1063 3318 curaretque
1093 3262 1134 3301 ne
1162 3240 1284 3299 aliunde

120 3319 220 3389 potius
237 3318 270 3371 in
284 3318 447 3372 orationem
465 3318 603 3381 traducti,
623 3335 709 3388 quam
725 3336 760 3372 ex
779 3318 871 3387 ipsius
890 3333 1026 3373 sermone
1043 3315 1106 3370 uati
1125 3332 1189 3372 esse
1202 3314 1283 3369 vide-

120 3397 236 3444 rentur.
272 3389 327 3441 His
354 3389 449 3473 igitur
471 3388 633 3443 rationibus
659 3389 716 3442 hoc
741 3388 845 3442 saltem
871 3389 1011 3454 efficitur,
1039 3388 1099 3442 nisi
1116 3387 1175 3442 alia
1195 3404 1282 3461 ergn-

121 3468 216 3516 ments
234 3467 418 3524 accesserint,
446 3460 575 3513 nendum
602 3461 670 3514 satis
695 3461 726 3513 in
754 3460 800 3522 iis,
827 3476 902 3530 quse
920 3459 1009 3515 allata
1027 3465 1096 3512 sunt
1114 3475 1131 3512 a
1150 3457 1281 3519 Griticis,

120 3530 262 3602 praesidii
280 3546 351 3592 esse,
379 3537 414 3581 ut
437 3531 536 3599 spuria
564 3547 625 3583 esse
649 3528 701 3584 illa
729 3531 816 3584 verba
840 3532 1009 3600 putesnus.“
1028 3530 1088 3584 Mr.
1125 3528 1214 3606 „Ego
1232 3545 1282 3582 ex·

119 3599 218 3671 plicet
237 3599 317 3651 locos
338 3599 408 3654 istcs
426 3608 587 3670 poetarum,
615 3617 686 3670 quos
704 3601 863 3671 Dionysius
882 3618 965 3671 saepe
983 3617 1102 3672 prosam
1121 3602 1154 3654 in
1173 3600 1283 3654 oratio-

120 3687 189 3724 nem
208 3668 346 3734 solvebat,
373 3669 474 3723 velut
495 3687 610 3740 prosam
636 3674 798 3727 orationem
819 3672 1011 3748 negligenter
1029 3671 1167 3736 dictabat,
1197 3669 1282 3724 Philo

121 3742 181 3795 suis
205 3757 271 3794 cum
299 3741 428 3794 numeris
453 3742 625 3798 recitabat.“
661 3742 774 3813 Scripsi
791 3741 848 3796 hoc
866 3751 916 3797 snt
976 3761 1021 3797 am
1039 3740 1175 3796 Schiitaii
1194 3741 1283 3796 adno-

120 3812 261 3867 tationem
281 3812 481 3884 inspexissem
511 3814 539 3867 ls
558 3812 699 3868 similiter
711 3813 885 3884 explicavit:
906 3760 1011 3879 ,filiun
1030 3813 1196 3869 versiculos
1215 3821 1283 3884 apte

120 3883 334 3954 pronuntiavit,
361 3901 416 3939 nec
443 3884 576 3961 neglexit
594 3887 747 3958 proprium
766 3884 828 3938 illis
847 3901 1011 3948 numerum,
1039 3902 1098 3939 non
1117 3892 1152 3937 ut
1168 3883 1282 3955 Diony·

122 3955 181 4007 sius
198 3957 297 4009 lacere
316 3956 436 4019 solebat,
456 3959 507 4027 qui
526 3958 610 4027 quasi
628 3957 736 4010 dictate
753 3955 923 4009 recitabat.“
944 3955 1032 4009 Orell.
1053 3957 1085 4009 in
1102 3953 1228 4011 schedis.

189 4026 339 4094 proprium
358 4027 512 4094 numerum]
533 4028 573 4093 „i.
591 4045 615 4083 e.
635 4028 790 4100 proprium
808 4044 946 4080 versuum
965 4044 1123 4080 numerum
1142 4026 1193 4082 vel
1211 4027 1280 4098 dvl-

120 4091 178 4164 μὸν
194 4097 435 4166 pronuntiatione
457 4103 623 4171 exprimere
650 4098 790 4153 studebat.
817 4099 850 4150 V.
868 4096 1003 4152 Schiitzii
1027 4099 1096 4152 Lex.
1124 4097 1186 4152 Cic.
1208 4117 1232 4152 e.
1251 4115 1279 4150 v.

143 4209 150 4224 .
175 4167 242 4224 bb·“
270 4167 397 4222 Kelner.
442 4170 486 4223 Ad
519 4173 693 4225 sententiam
724 4172 762 4222 cf.
786 4167 1014 4238 Wyttenbschii
1041 4168 1219 4223 Animadvv.
1250 4168 1281 4221 in

140 4237 195 4292 lut.
218 4239 333 4293 Consul
359 4239 396 4294 ad
413 4239 551 4312 Apellen.
570 4259 600 4312 p.
621 4246 683 4299 696.
703 4257 732 4311 p.
751 4241 797 4296 25.
827 4239 869 4292 ed.
890 4239 969 4309 Lips.
999 4239 1032 4296 T.
1053 4240 1092 4296 ll.
1130 4240 1192 4294 Nos
1213 4257 1281 4295 cum

121 4309 169 4364 Or.
191 4319 220 4366 et
239 4310 311 4365 Tbn.
332 4311 386 4366 ille
403 4312 490 4367 verbe
508 4313 625 4366 uncinis
642 4312 841 4366 liberavimus.
878 4309 921 4364 De
940 4310 1067 4365 lectione
1086 4312 1144 4364 iam
1164 4311 1283 4365 monui·

121 4399 195 4507 pag
264 4383 302 4509 cp
326 4383 363 4509 pp
375 4383 568 4524 fiepfflbSS.
593 4384 710 4509 atlpnpt.
746 4382 808 4509 12:01
824 4380 1032 4505 ¹⁶⁰‘“.bl¹t⁸b⁹¹3t
1050 4383 1138 4436 electu
1156 4380 1281 4508 luidb}

147 4491 258 4513 ..,.
304 4497 310 4511 .
356 4494 408 4514 ..
532 4471 615 4509 mum
654 4471 739 4509 aere
782 4468 1146 4528 cuscrasurmmarg.
1204 4471 1280 4511 na.
