2828 5070
485 114 798 219 ¹idulium&
916 117 1017 159 ·'·'
1165 122 1231 193 m

63 278 317 345 moderatorem
345 287 381 343 et
400 276 519 345 ducem
540 281 661 347 solerer
690 282 871 367 lunamque
894 286 1085 351 secretione
1108 294 1145 351 et
1169 287 1227 353 do-

64 366 257 428 miuutiono
279 365 415 425 luminis
437 365 530 447 qnasi
552 367 715 427 fastorum
737 374 909 429 notantem
931 376 966 430 et
984 370 1227 456 significantem

64 446 156 512 diest
189 454 263 509 tum
290 448 327 506 in
355 446 473 509 eodem
501 448 592 519 orbo,
624 451 661 509 in
688 448 864 511 duodecim
891 462 1004 537 partos
1032 452 1226 535 distributo,

64 642 98 687 ut
117 635 151 687 in
169 633 314 687 sententia
331 634 410 687 vocis
430 633 601 689 deminutio
620 636 705 706 plane
724 639 882 705 consentio,
912 640 953 699 ita
972 640 1104 711 exempla
1129 638 1227 697 ‹tint-

65 705 197 758 nutionis
215 704 354 769 desidero,
374 706 423 757 ubi
442 706 480 758 sit
500 707 518 757 i.
540 726 568 776 q.
589 708 678 760 sectio
706 707 737 759 in
755 719 860 781 partes.
898 709 970 763 And.
991 710 1151 764 Forcellin.
1169 712 1225 769 m

66 778 167 830 Germ.
187 793 216 827 v.
236 795 263 828 v.
284 775 410 829 diminuo
429 785 458 829 et
476 776 637 832 dinrinutio.
675 780 736 832 Mr.

139 846 231 903 Quasi
261 848 400 911 iustorum
433 854 574 902 notantem
601 856 628 902 et
652 850 816 924 signantem
841 851 916 920 dier]
954 851 1005 909 Sic
1028 853 1139 909 liliano.
1168 872 1225 910 sec.

64 918 163 994 Vulgo
182 917 395 984 significmatem.
434 920 569 972 Manilius
588 921 611 986 Ι,
631 923 692 976 594.

234 989 272 1041 Et
288 1006 342 1059 per
361 988 479 1061 quinque
496 998 572 1044 raotot
590 992 736 1066 signantes
755 998 880 1063 tempora
898 995 976 1060 finer.

66 1060 177 1115 Seneca
202 1060 284 1114 Cous.
309 1060 344 1113 ad
371 1062 508 1113 Marciam
534 1079 595 1133 cap.
625 1066 666 1118 18.
709 1063 869 1117 Miraberis
888 1096 919 1107 -
948 1066 1034 1118 rotem
1060 1065 1227 1139 quotidiano

66 1147 153 1185 cursu
172 1131 233 1184 diei
251 1132 342 1183 noetis
361 1146 393 1183 ue
412 1133 508 1200 spotia
526 1134 750 1202 signantem.
780 1134 856 1203 Quae
874 1132 938 1189 loca
952 1135 1120 1205 lectionem,
1140 1156 1227 1221 quam

68 1203 243 1273 recepimus,
263 1148 372 1254 abunde
392 1202 552 1256 stabiliunt.
590 1204 625 1256 D.

138 1272 222 1345 quoni
237 1274 378 1339 foetorum
396 1272 463 1339 etc]
498 1275 639 1342 „Idcirco
663 1274 721 1330 hoc
748 1275 806 1330 dici
833 1276 968 1343 arbitror,
998 1278 1066 1351 quia
1094 1279 1125 1332 iu
1143 1280 1226 1335 tastis

66 1344 669 1487 mntetatt‘tiut
690 1347 1226 1477 inseniscentis

253 1455 259 1466 ·
630 1454 639 1484 r
672 1456 678 1468 ·
716 1456 723 1468 ·
846 1456 855 1484 s
1077 1460 1082 1473 ·

67 1485 125 1539 uid.
152 1486 222 1539 Dar.
243 1485 274 1537 in
292 1486 345 1539 Ed.
367 1491 391 1540 1.
412 1486 508 1539 lurdat
525 1505 579 1559 pro
597 1506 646 1540 sua
664 1487 789 1541 lectione
817 1490 905 1549 etiam
923 1490 991 1543 ont.
1020 1490 1139 1544 Norvic.
1165 1494 1226 1545 No-

66 1558 151 1611 nium
167 1556 341 1611 Marcellum
358 1574 382 1608 c.
403 1558 455 1610 lV:
476 1558 653 1625 signarent
673 1558 839 1627 designare,
858 1559 1012 1621 ostendere.
1032 1561 1138 1637 virgil.
1151 1560 1224 1615 Aen.

67 1629 103 1681 ll.
124 1630 186 1685 697.
207 1628 304 1681 Manil.
324 1629 362 1681 ll.
383 1630 444 1685 794.
464 1628 512 1681 tv.
534 1632 593 1684 712.
612 1630 733 1701 Recepit
773 1645 867 1700 unque
885 1630 1087 1685 [allemannus
1106 1629 1226 1697 oignon-

69 1704 124 1752 tem
143 1717 179 1757 cx
196 1700 304 1752 duobus
327 1700 413 1753 Codd.
434 1696 540 1775 Regiis.
578 1699 744 1767 Signantem
804 1700 852 1753 bet
880 1700 967 1753 etiam
994 1700 1062 1765 Cod.
1091 1702 1177 1757 Vind.
1199 1706 1225 1757 1.

67 1770 119 1824 sed
137 1770 170 1823 in
186 1788 277 1845 nurg.
297 1769 509 1839 significantem,
530 1778 562 1822 ut
580 1770 698 1841 reliqui.
718 1770 789 1825 Ern.
809 1770 889 1825 dedit
907 1768 992 1841 quoti
1008 1772 1146 1841 malornm
1164 1788 1226 1829 noe

69 1842 100 1895 ti
105 1857 122 1893 e
138 1840 344 1909 signantem
363 1840 432 1906 dies,
450 1839 505 1895 hac
524 1842 617 1895 addita
637 1842 833 1896 annotatione:
858 1842 964 1908 „ilaue
981 1841 1141 1901 lectionem
1158 1860 1226 1907 con·¹

67 1913 127 1965 feci
145 1912 255 1985 partim
274 1929 309 1965 ex
327 1911 398 1965 Edd.
417 1920 489 1963 vett.
511 1930 583 1983 quae
609 1910 717 1967 habent
741 1913 835 1965 notis
857 1912 1064 1981 significantem
1091 1914 1159 1983 [hoc
1177 1932 1226 1971 ve·

67 2002 134 2037 rum
152 2000 211 2036 non
230 1992 284 2035 est:
305 1984 386 2035 nulla
403 1982 456 2035 Ed.
478 1991 507 2035 et
525 1983 632 2046 nullus,
652 1991 794 2053 quotquot
813 1982 906 2037 adhuc
925 1986 1024 2039 collati
1040 1995 1112 2043 suut
1137 1986 1224 2040 Codd.

67 2054 158 2121 MSS,
177 2054 264 2107 habet
282 2056 375 2107 notis.-
394 2070 491 2105 omnes
509 2059 645 2107 notantem
663 2059 692 2107 et
711 2086 744 2095 -
784 2063 814 2109 et
830 2054 889 2106 MS.
908 2056 1018 2109 Elicus.
1047 2057 1122 2127 apud
1139 2056 1227 2111 Davi-

66 2124 142 2179 sium
168 2132 199 2179 et
222 2124 329 2177 duobus
347 2124 433 2179 Paris.
454 2142 497 2194 ap.
522 2124 715 2178 Aleinannum
754 2125 802 2178 sed
829 2142 864 2177 nc
887 2141 923 2177 ue
950 2124 984 2177 hi
1011 2125 1118 2178 habeut
1140 2128 1225 2195 notia,

65 2197 114 2250 sod
133 2196 331 2249 tautummodo
350 2194 504 2265 scriptioni
522 2194 683 2265 signantem
700 2195 832 2261 faucum]
885 2195 916 2247 ul
979 2204 1022 2247 est
1039 2201 1179 2248 notantem
1198 2196 1226 2253 ei

67 2268 309 2335 significantem.“
343 2266 461 2319 Ernesti
487 2267 645 2319 lectionem
675 2274 849 2339 receperunt
876 2265 926 2319 FA
943 2264 1054 2321 Volllus
1085 2274 1115 2319 ct
1144 2282 1224 2339 seqq.

67 2340 132 2415 Ego
155 2355 235 2403 vero,
265 2347 299 2399 ut
324 2337 411 2391 facile
437 2336 570 2403 concedo,
595 2338 772 2392 coiumodam
801 2347 830 2391 et
848 2334 1012 2412 elegantem
1030 2354 1088 2391 esse
1106 2336 1227 2393 Ernesti

67 2410 235 2475 lectionem,
256 2410 297 2461 lta
315 2410 407 2463 miror
425 2417 523 2463 tamen
541 2408 708 2474 lectionem,
736 2408 815 2463 omni
833 2406 919 2485 plane
938 2408 1081 2463 librorum
1099 2409 1226 2463 auctori·

67 2490 128 2534 tate
147 2482 324 2546 destitutam,
342 2487 402 2531 tam
420 2478 523 2551 cupide
542 2481 688 2551 aruplexos
716 2496 774 2543 esso
798 2479 1021 2549 virescentem,
1048 2497 1124 2546 cunr,
1153 2496 1226 2551 quae

68 2562 135 2609 ante
153 2552 309 2613 Ernestum
328 2550 465 2613 obtinuit,
492 2550 636 2621 explicari·
650 2550 740 2623 possit
758 2551 825 2605 satis
851 2550 1006 2613 commode.
1045 2552 1141 2617 Quare·
1164 2570 1227 2606 eam

69 2623 195 2689 restitui,
216 2631 245 2674 et
264 2621 304 2679 lta
324 2621 520 2692 explicandam
540 2623 684 2675 existimo:
706 2620 896 2695 „luuamquc,
922 2639 994 2691 quac
1013 2622 1176 2677 secretione
1196 2633 1226 2677 et

68 2693 269 2751 deminutione
287 2693 405 2745 luraiinis
425 2693 505 2763 quasi
524 2692 681 2747 calendarii
699 2693 759 2747 dies
778 2702 859 2749 notat
884 2700 914 2746 et
931 2692 1062 2768 designat
1087 2695 1105 2745 i.
1128 2712 1152 2747 e.
1181 2712 1226 2747 ca·

68 2765 193 2821 lendarii
215 2765 355 2828 ordinem,
393 2780 449 2835 quo
477 2764 536 2817 dies
562 2766 620 2818 siut
649 2766 818 2837 disponendi
846 2773 875 2816 et
902 2764 1107 2839 distinguendi,
1145 2763 1226 2821 nobis

68 2836 241 2891 monstrat.“
277 2834 413 2888 Ceterum
455 2851 486 2887 ro
505 2836 645 2901 foetorum
671 2855 745 2888 unus
764 2838 814 2890 Ox.
833 2834 918 2899 babet
945 2836 1042 2903 inepte
1070 2834 1225 2899 sactorum

68 2908 116 2962 sed
135 2906 192 2960 MS.
214 2907 245 2958 in
263 2924 354 2958 snare.
375 2854 458 2959 verb.
479 2908 661 2972 correctoris,
681 2908 743 2959 sine
761 2906 855 2969 dnbio,
874 2913 1010 2979 argutum
1029 2912 1226 2957 commentum

69 2980 205 3043 sotorum.
242 2952 375 3031 llcisleius
402 2977 589 3030 coniiciebat:
619 2976 702 3048 quoni
727 2978 868 3042 foetorum
893 2974 985 3029 notia
1016 2972 1226 3043 significantem

69 3051 144 3104 dies.
182 3050 261 3102 Unus
280 3050 330 3101 Ox.
352 3047 426 3100 diem
443 3049 512 3103 diet.
550 3051 612 3103 Mr.

141 3129 199 3176 tum
217 3119 246 3172 in
265 3120 358 3173 eodem
379 3120 455 3187 orbe]
491 3120 598 3172 Vocem
624 3119 654 3172 in
681 3120 792 3171 omittit
819 3116 887 3171 Cod.
916 3115 1005 3170 llchd.
1034 3134 1136 3183 vocem
1159 3118 1226 3179 orbe

69 3192 136 3247 Cod.
163 3191 237 3244 Gud.
274 3192 346 3243 Eius
369 3190 433 3243 loco
458 3209 530 3242 unus
559 3190 609 3242 Ox.
637 3192 711 3243 Mon.
736 3192 762 3245 7.
798 3195 826 3243 et
852 3187 942 3243 liehd.
968 3187 1073 3244 hahent
1102 3190 1226 3269 glossam

71 3265 158 3317 coelo.
197 3262 352 3317 zodiacum
370 3261 526 3336 significat,
545 3259 591 3312 his
610 3262 739 3313 versibus
758 3260 1011 3331 comprehensum:
1110 3274 1113 3281 ·
1210 3254 1223 3267 “

157 3333 230 3387 Sunt
248 3333 335 3397 ories,
355 3339 463 3397 taturus,
482 3331 601 3400 gemini,
620 3348 731 3398 cancer,
751 3333 803 3398 leo,
822 3333 914 3399 uirgo,

158 3404 304 3473 Libraque,
324 3404 462 3475 scorpius,
482 3404 651 3468 arcitenens,
671 3420 764 3474 ceper,
785 3400 1048 3483 contempteres,

69 3477 205 3543 „Orbenu
225 3478 265 3529 ait
282 3474 447 3541 Beroaldus,
466 3490 519 3545 pro
537 3475 643 3527 circulo
661 3476 767 3544 posuit,
792 3474 867 3528 sicut
892 3474 960 3527 alibi
984 3476 1079 3541 ordene
1103 3477 1225 3543 lacteum

69 3549 144 3601 dixit
172 3547 281 3615 [Somn.
311 3546 387 3617 Scip.
413 3545 453 3612 3.]
478 3562 532 3617 pro
560 3546 681 3611 circulo,
709 3545 760 3613 qui
786 3547 900 3613 yoiuiiu
923 3548 1099 3600 norninatnr.
1145 3548 1224 3619 Alias

71 3619 155 3672 Orbis
173 3634 227 3689 pro
251 3614 380 3686 sphaere,
405 3626 439 3668 ut
458 3632 560 3669 novem
578 3617 660 3669 orbes
685 3615 887 3687 sphaerarum.
914 3625 1015 3671 auctor
1033 3616 1224 3671 Macrobius.“

70 3689 112 3755 [in
138 3690 237 3743 Somn.
264 3689 340 3760 Scip.
370 3689 431 3740 Lib.
453 3689 490 3741 ll.
516 3706 539 3740 c.
560 3688 599 3753 4.]
634 3690 670 3740 ln
693 3688 797 3761 primis
823 3686 881 3751 vid.
911 3690 1005 3753 Macro
1027 3726 1033 3740 .
1065 3688 1076 3739 i
1124 3688 1221 3753 Sonam

70 3761 146 3832 Scip.
167 3762 190 3814 1.
213 3763 254 3817 14.
274 3764 316 3816 74.
337 3760 379 3813 ed.
399 3760 461 3831 Bip.
491 3756 671 3827 Signiferum
689 3760 783 3813 orbem
801 3756 928 3831 appellat
947 3758 1006 3811 Cic.
1027 3758 1062 3813 dc
1077 3706 1117 3813 li
1137 3758 1170 3813 D.
1184 3763 1222 3829 ll.

69 3834 112 3889 tt).
133 3833 204 3884 Add.
226 3830 499 3893 denivin.11.tt.
537 3832 596 3889 Mr.
974 3833 976 3837 ’

139 3904 171 3956 in
191 3902 336 3957 duodecim
372 3908 448 3955 ortes
466 3902 631 3969 distributo]
669 3901 802 3955 Gothoir.
828 3901 862 3954 ad
879 3900 951 4025 ὴὲ.
980 3901 1011 3969 in
1029 3900 1138 3983 margi:
1164 3902 1223 3968 „in

69 3975 195 4029 sedecim
220 3985 318 4028 tamen
349 3975 454 4027 ‹trusci
480 3972 675 4029 dividebant.“
710 3975 849 4026 Veterum
875 3974 909 4026 de
943 3972 1049 4043 ‘odiaco
1068 3974 1223 4047 sententias

68 4048 128 4099 vid.
156 4049 187 4101 in
213 4044 380 4101 lloffmanui
404 4046 473 4099 Lex.
498 4044 586 4099 Univ.
614 4065 636 4098 s.
656 4063 683 4096 v.
703 4043 849 4097 Zodiocus
876 4042 1026 4107 collectas:
1065 4038 1135 4097 addc
1157 4034 1222 4097 Tm

69 4118 272 4183 Neudronneri,
302 4118 457 4181 Ulmensis,
481 4118 640 4173 Historiam
664 4115 782 4168 zodiaci
810 4114 853 4179 (in
875 4115 946 4183 Diss.
970 4114 1100 4189 praeside
1131 4114 1158 4167 J.
1183 4108 1222 4187 bl.

69 4190 209 4255 Ges-nero)
228 4194 253 4246 4.
275 4190 407 4265 Gotting.
430 4192 507 4244 1754.
546 4190 671 4259 Quinque
689 4186 787 4241 stelles
806 4184 951 4262 intelligo,
971 4204 1040 4243 exce
1061 4194 1091 4239 to
1111 4182 1176 4268 Sole
1194 4190 1225 4239 et

68 4262 158 4328 launa,
178 4263 321 4333 planetus:
349 4260 515 4325 Saturnum,
534 4261 645 4325 Jovem,
665 4260 794 4322 Martem,
818 4258 961 4310 Venerem
989 4268 1017 4310 et
1064 4270 1221 4309 crunnum.

934 4330 997 4390 15*
