2828 5070
587 286 715 350 LIBER
735 286 762 362 l,
783 289 836 353 40.
1215 288 1277 359 ³27

120 449 204 512 hnic
224 448 353 512 levitati
375 469 494 514 nomen
515 451 726 534 imponami)
757 461 926 536 totamque
946 453 1014 515 vim
1035 454 1119 518 bene
1139 452 1277 516 vivendi

120 533 285 596 inanimi
314 532 436 595 robore
463 553 502 597 ac
529 535 758 621 magnitudine
787 547 822 600 et
848 537 884 598 in
905 537 1054 598 omnium
1075 556 1191 600 rerum
1212 535 1275 597 hu-

122 636 298 680 manarum
329 619 577 700 contemptione
606 638 645 681 ac
674 617 890 702 despicientia
920 620 1010 680 etin
1037 620 1128 681 omni
1149 620 1277 681 virtute

122 718 296 784 ponamus.
351 699 438 762 Nem
478 720 567 764 nunc
601 699 734 784 quidem
777 700 1037 789 cogitationibus
1073 701 1277 766 mollissimis

194 887 276 944 Quod
293 886 369 941 esim
386 887 487 955 lenias]
525 887 574 941 Sic
593 888 762 966 legendnm,
781 904 840 943 non
859 889 954 944 lenias.
992 887 1029 944 D.

193 958 275 1015 Quod
300 957 376 1012 raim
406 959 528 1013 leos'sss
553 958 618 1013 laic
641 960 754 1014 lenitati
778 973 875 1014 nomen
904 957 1084 1028 imponami]
1122 956 1182 1012 Cur
1208 956 1278 1012 Dar.

122 1028 217 1084 lenius
238 1030 402 1100 scripserit,
435 1030 517 1083 vides
547 1045 583 1085 ex
601 1039 698 1084 annot.
726 1031 853 1085 Bentleii
871 1029 953 1085 adh.
974 1030 994 1082 l.
1014 1029 1279 1097 Probavitiactum

122 1100 310 1164 Bouhieriul,
329 1100 405 1171 quod
418 1103 516 1154 statim
535 1102 614 1155 redit
633 1102 763 1157 eiusdem
784 1101 886 1172 stirpis
898 1101 1120 1166 substantivum,
1138 1109 1169 1156 et
1186 1098 1279 1172 (quod

122 1171 204 1225 addit
221 1169 351 1236 itiitere,
370 1172 441 1225 item
452 1172 575 1240 probans
587 1173 714 1227 Bentleii
733 1170 959 1237 correctionem)
974 1172 1033 1227 alio
1047 1170 1163 1243 'quidem
1184 1182 1277 1226 seusu.

122 1241 309 1312 Receperunt
331 1256 393 1296 eam
418 1241 563 1296 enwotr.
591 1242 676 1297 Schs.
696 1244 742 1297 Or.
762 1242 853 1296 Nobb.
873 1240 945 1296 Tbn.
964 1241 1037 1296 Ern.
1057 1259 1128 1297 vero
1147 1243 1225 1314 quod
1242 1241 1280 1296 ad

123 1313 300 1367 sententiam
337 1312 421 1365 robat
439 1311 555 1384 quidem
574 1312 688 1368 Davisii
707 1313 950 1370 emendationem:
980 1312 1069 1380 „Sed,
1090 1311 1180 1378 addit,
1198 1314 1280 1369 vide-

122 1392 175 1436 tur
192 1382 295 1437 Cicero
322 1399 367 1435 eve
384 1383 493 1438 dixisse
509 1393 633 1456 propter
652 1403 772 1458 sequens
798 1385 923 1439 verbum
947 1383 1116 1438 levitatis:“
1143 1393 1173 1439 et
1197 1384 1280 1439 B'els-

121 1453 200 1507 kius
219 1452 377 1519 „Videtnr,
395 1455 446 1520 ait,
466 1454 569 1509 Cicero
586 1454 643 1510 boc
660 1456 758 1523 alteri,
777 1455 878 1521 isaias,
901 1455 1075 1526 praetulisse
1092 1453 1153 1523 bio,
1171 1472 1229 1580 pun
1247 1455 1280 1509 iu

122 1538 187 1578 roc.
207 1523 336 1577 leuitatis
354 1523 500 1581 luderet.“
535 1525 622 1581 lione
646 1527 839 1582 verulanum
857 1527 1007 1602 ingratum
1026 1542 1042 1580 a
1062 1525 1156 1596 pellat
1198 1543 1223 1584 r.
1243 1525 1280 1581 ad

121 1593 230 1650 Wolfii
249 1592 372 1649 scholas.
458 1612 474 1649 o
493 1613 565 1653 vero
584 1599 615 1652 in
635 1597 742 1651 talibus
759 1597 844 1652 rebus
863 1598 898 1652 de
916 1613 961 1663 en,
984 1544 1061 1666 quid
1074 1599 1113 1651 sit
1132 1597 1193 1652 sive
1210 1611 1280 1667 pro·

121 1663 246 1720 bandum
265 1666 328 1721 sive
345 1682 434 1736 repro
454 1668 572 1731 sudum,
595 1666 718 1722 difficile
736 1685 798 1724 esse
816 1667 957 1722 iudicium
975 1668 1120 1734 existimo,
1139 1676 1169 1721 et
1186 1668 1280 1722 licere

121 1738 227 1792 debere
245 1736 385 1808 scriptori
403 1738 454 1792 sel
479 1741 592 1809 optimo
614 1737 728 1811 aliquid
745 1738 882 1805 scribere,
911 1739 988 1809 quod
1006 1753 1058 1791 nos
1075 1741 1200 1792 fortasse
1218 1752 1278 1791 non

123 1806 323 1864 scriberemus.
357 1804 431 1874 Quid
449 1808 534 1863 deret
552 1811 663 1864 nostris
682 1809 884 1880 scriptoribus,
902 1809 1163 1880 praestantissimis
1181 1810 1279 1872 etiam,

123 1879 150 1932 si
177 1878 326 1953 corrigere
352 1879 497 1933 vellemus
523 1895 624 1935 eornm
651 1880 743 1934 libros
762 1892 795 1934 aa
820 1881 897 1954 lege,
933 1887 967 1932 ut
985 1879 1082 1931 omnia
1099 1877 1280 1933 immntsnds

123 1965 198 2012 esse,
224 1964 278 2001 uec
304 1947 338 2000 sb
355 1950 392 2004 iis
414 1952 556 2020 proiecta,
583 1949 757 2017 diceremus,
786 1967 860 2022 quae
887 1964 1002 2003 sensum
1020 1949 1143 2003 alicuius
1161 1940 1280 2012 iudicis,

123 2017 260 2090 quasmis
277 2018 461 2089 peritissimi,
480 2019 678 2076 offenderent?
702 2019 830 2076 Restitui
850 2021 944 2095 igitur
961 2019 1117 2074 lectionem
1135 2018 1280 2072 librorum

123 2088 266 2154 omnium,
284 2088 382 2155 lemos,
401 2099 434 2144 nt
452 2091 492 2144 sit
509 2092 541 2145 iu
560 2107 593 2146 eo
611 2106 728 2163 quoque
745 2091 947 2162 paronomasia
964 2095 999 2152 (a
1017 2107 1073 2162 qua
1091 2091 1213 2151 minime
1230 2088 1279 2144 ab·

121 2159 248 2214 horrere
266 2157 438 2215 ciceronem
457 2162 598 2229 constat),
628 2160 738 2216 utalia
764 2162 908 2216 sententia
927 2150 1042 2214 dicatur
1060 2159 1147 2214 leuius
1174 2159 1281 2226 (nimi-

122 2248 189 2284 rum
207 2228 298 2284 missu
315 2246 406 2297 grece
422 2250 451 2285 s.
470 2232 621 2298 mntem),
647 2232 707 2288 alis
732 2224 833 2285 &siloa
857 2232 880 2285 i.
900 2247 924 2284 e.
943 2232 1080 2298 rutilitas,
1100 2232 1222 2298 vanitas,
1245 2235 1281 2282 ut

123 2308 206 2356 recte
223 2300 352 2371 explicat
370 2300 527 2356 Schtttsius
545 2304 578 2356 in
595 2303 673 2357 Lex-⁴
687 2300 747 2356 Cic.
767 2316 822 2356 neo
840 2307 966 2363 mutans,
984 2302 1068 2353 utin
1085 2300 1138 2354 Ed.
1159 2302 1281 2364 fecerat,

122 2371 267 2426 librorum
285 2371 477 2442 scriptionem
504 2373 605 2431 leuius.
641 2374 703 2427 lam
728 2371 813 2426 video
836 2373 869 2424 in
887 2371 986 2426 eadem
1003 2387 1119 2424 mecum
1138 2366 1282 2424 sententia
1364 2422 1370 2431 ,

123 2459 186 2499 esse
203 2441 236 2494 ll.
257 2438 407 2496 notatum
424 2446 457 2498 in
476 2444 681 2511 Quaestionum
699 2440 903 2496 Tullianaman
926 2441 1002 2495 libro
1021 2440 1044 2493 1.
1090 2481 1097 2494 .
1117 2439 1280 2496 lot-loe.

123 2513 176 2600 qui
200 2510 300 2567 laudat
325 2511 357 2570 (l.
375 2511 510 2569 Belenum
535 2514 570 2568 ad
598 2512 659 2567 (lic.
679 2503 763 2566 lael.
786 2528 817 2582 p.
839 2513 889 2567 tet
908 2528 949 2582 sq.
970 2508 1006 2564 ds
1022 2527 1075 2566 ver
1111 2526 1179 2564 rum
1197 2508 1285 2562 simi·-

122 2584 197 2638 lsnm
213 2599 272 2637 uns
299 2582 332 2635 in
356 2584 561 2639 enunciatione
579 2603 646 2647 usn,
672 2583 708 2637 de
732 2581 790 2636 boc
815 2589 910 2636 autem
933 2598 988 2635 usn
1006 2580 1281 2649 elevantem

123 2654 205 2708 linae.
225 2653 291 2707 Am.
309 2655 354 2719 8³,
373 2657 422 2710 93:
457 2670 535 2724 quos,
560 2654 608 2724 qui
631 2653 769 2706 leviore
793 2651 902 2706 nomine
925 2650 1074 2722 appellum,
1097 2660 1282 2720 percussos-ss

124 2729 239 2779 oocuats
260 2724 292 2776 in
312 2723 397 2782 Catil.
417 2726 470 2781 111.
491 2727 516 2780 7.
537 2726 588 2779 li:
615 2730 647 2777 ast
665 2723 808 2778 levissime
826 2723 937 2776 dieums
957 2730 986 2776 et
1005 2722 1049 2776 siu
1064 2737 1120 2793 pro
1139 2721 1217 2776 Sext.
1236 2721 1281 2776 69.

125 2797 185 2852 1⁴5.
226 2811 260 2848 ro
278 2797 398 2849 Murena
415 2798 460 2862 4⁰,
479 2798 523 2852 ot.
543 2794 614 2850 Add.
632 2794 708 2865 lipp.
728 2794 763 2848 ad
780 2793 890 2847 Famm.
910 2791 967 2847 111.
989 2796 1029 2848 to.
1052 2799 1118 2847 ante
1136 2791 1211 2848 med.
1231 2790 1280 2845 Or.

124 2880 201 2989 prod
218 2902 225 2916 .
245 2864 328 2988 Bpsc.
347 2870 394 2931 3⁰,
411 2865 612 2991 dsshtametss'
635 2879 722 2935 neque
739 2865 834 2918 manis
856 2863 949 2918 &com
972 2869 999 2917 et
1023 2862 1162 2917 leviter
1185 2876 1283 2916 unane

162 2951 179 2989 o
236 2951 251 2988 e
289 2947 324 2989 un
347 2953 401 2990 um.
494 2978 501 2993 .

125 2952 161 3005 qu
196 2950 294 3061 ddisse
313 2953 466 3077 deponam]
502 3006 650 3061 Sos-ibitur
667 3003 840 3074 imponemus
858 3005 890 3058 in
909 3002 978 3059 cod.
996 3000 1086 3058 Rehd.
1106 3003 1178 3057 lidd.
1197 3006 1227 3059 P.
1245 3003 1281 3058 Α.

123 3076 263 3211 {didi}
280 3073 1027 3228 &illiditls²tdilin¹¹iils>liilizfilt
1054 3073 1283 3226 iiiiiiiii‘
1323 3126 1326 3131 ’

125 3214 884 3343 ttlt.ltl3‘.tt“ttttttlt.‘tt‘tt'ttsltt
901 3213 1282 3340 tttttttttttlt

127 3357 157 3408 P.
178 3355 212 3411 A.
232 3356 263 3407 B.
284 3355 313 3409 S.
331 3357 367 3410 E.
386 3305 419 3412 d.
439 3358 471 3410 V.
490 3359 572 3413 Junt.
591 3358 661 3413 Ven.
681 3367 773 3414 nostr.
792 3357 858 3411 Asc.
878 3362 903 3415 1.
922 3359 949 3414 2.
974 3354 1052 3410 Cam.
1081 3355 1190 3410 sturm.
1209 3350 1281 3407 Rob.

126 3425 227 3497 Stepls.
274 3425 350 3480 Tum
376 3427 445 3484 cot.
470 3427 569 3482 Duisb.
600 3427 687 3483 habet
714 3427 896 3482 bumanorum
922 3443 1026 3482 rerum.
1071 3427 1127 3480 Pro
1152 3439 1187 3477 oe
1212 3422 1282 3477 Gnd.

126 3499 220 3620 llarbi
236 3500 390 3623 autpsllug.
409 3504 450 3552 ets
469 3505 533 3552 tum
551 3501 628 3556 bion.
648 3504 674 3557 l.
693 3498 885 3569 dispicientia.
910 3499 996 3555 Vind.
1016 3503 1042 3554 1.
1070 3503 1106 3551 et
1130 3494 1221 3551 omni
1244 3493 1284 3548 its

126 3568 206 3622 ot'rtss
221 3585 245 3620 e.
322 3584 345 3622 r.
1352 3579 1354 3582 ·

196 3640 355 3707 posumus]
378 3639 437 3694 llic
454 3640 535 3694 locus
555 3657 641 3711 quam
659 3640 786 3694 maxime
802 3637 876 3694 lacit
893 3638 1086 3695 ad·00dicum
1103 3635 1181 3694 MSS.
1202 3635 1285 3706 quasi

129 3710 271 3779 quandam
294 3711 439 3765 familiam
462 3711 682 3786 agnoscendum.
719 3710 775 3764 Est
801 3711 880 3764 enim
904 3708 975 3764 b.l.
1003 3711 1036 3762 in
1061 3709 1163 3763 multis
1190 3708 1284 3775 iisque

129 3779 341 3848 antiquissimis
359 3782 537 3852 optimisque
555 3781 640 3834 libris
659 3796 754 3846 error,
772 3783 860 3835 unius
878 3781 1028 3836 cuiusdam
1040 3779 1148 3834 veteris
1167 3776 1284 3829 librarii

129 3849 216 3920 culpa
233 3853 416 3938 commissus,
434 3851 517 3922 isque
535 3851 611 3915 talis,
629 3859 672 3916 ut,
690 3867 745 3920 per
763 3867 834 3920 quos
853 3851 946 3937 libros
962 3856 1145 3932 propagatus·
1156 3844 1286 3915 reperia-

133 3929 194 3984 tur,
212 3935 375 3976 necessarso
395 3938 473 3992 mex
490 3921 548 3974 boc
566 3921 666 3975 eodem
683 3921 765 3975 fonte
776 3920 926 3985 fluxerant,
946 3936 1012 3973 cum
1031 3919 1098 3972 lteri
1116 3935 1176 3979 vax,
1195 3931 1230 3970 au
1247 3931 1285 3970 ns

128 3992 181 4044 rix
199 3992 328 4062 quidem,
358 3992 499 4063 potuerit,
532 3999 567 4044 ut
586 3991 686 4045 eodem
704 3991 791 4061 plane
810 3990 874 4043 loco
901 3989 1090 4043 librariorum
1108 3986 1187 4041 oculi
1205 4001 1286 4040 com·

129 4059 262 4145 plurium
281 4063 318 4116 ad
335 4063 412 4116 idem
432 4061 605 4116 vocabulum
624 4059 765 4116 tredecim
783 4061 871 4113 lineis
889 4059 999 4113 distans
1019 4066 1048 4113 et
1063 4071 1178 4113 sensum
1196 4057 1286 4128 plane

130 4141 351 4203 interrumpens
370 4131 525 4188 aberraret.
564 4131 644 4198 Quod
668 4130 725 4185 boe
747 4131 813 4186 loco
839 4133 951 4184 factum
968 4146 1028 4185 esse
1046 4128 1198 4184 dicendum
1217 4127 1285 4191 erit,

131 4201 244 4271 siquis
264 4202 440 4257 contendere
459 4204 544 4267 velit,
573 4217 634 4255 non
660 4219 752 4255 unum
770 4199 900 4255 omnium
918 4198 1033 4264 horum,
1066 4215 1139 4272 qnos
1156 4195 1286 4250 laudubi-

130 4287 207 4337 mus,
238 4271 377 4329 Codicum
405 4286 467 4328 esse
490 4274 613 4327 iontem.
648 4271 703 4325 Bet
720 4278 816 4325 autem
836 4285 975 4340 ponamus
996 4270 1076 4325 iustu
1093 4277 1286 4340 tyrannorum.

133 4341 199 4394 aem
217 4360 340 4397 nune-
360 4342 560 4398 incedens
583 4344 683 4398 .Gud.
703 4348 728 4401 1.
749 4342 823 4396 Gud.
842 4346 870 4399 tl.
896 4341 945 4409 [et
962 4341 994 4395 in
1017 4339 1073 4396 hoc
1091 4338 1209 4412 quidem
1226 4335 1285 4388 alio

134 4428 248 4481 errore,
265 4413 323 4470 boe
341 4416 399 4470 iam
417 4422 545 4486 reperto,
592 4423 673 4471 mum
693 4420 746 4483 eat,
764 4419 810 4483 ut,
826 4429 900 4487 quae
917 4418 987 4469 sant
1004 4411 1084 4505 intsp
1101 4410 1239 4477 imponam
1256 4411 1286 4461 st
