2828 5070
580 310 711 376 LIBER
731 311 759 388 1,
779 315 831 380 11.
1222 318 1286 389 261

124 471 195 538 Qut
216 480 339 556 potest,
365 494 466 558 quum
492 475 558 538 ista
585 477 819 565 cognoverim!
862 479 912 541 Μ.
932 479 999 544 Qut
1018 482 1134 562 possit,
1162 482 1324 569 rogasltt

126 556 294 619 caterua
324 560 465 620 veniunt
496 567 614 622 contra
646 561 841 640 dicentium,
873 581 933 625 nec
959 564 1068 627 solum
1095 560 1280 648 Epicureo-

126 658 217 714 rum,
238 658 321 722 quos
344 639 495 722 equidem
517 662 584 704 nou
608 641 776 726 despicio,
799 643 857 707 sed
878 648 1078 727 nescioquo
1099 648 1198 711 modo
1221 648 1282 713 do-

124 723 294 783 ctissimus
329 727 467 805 quisque
506 721 736 806 [contemnit]:
786 731 952 790 acerrima
991 737 1103 792 autem
1144 729 1284 796 deliciae

124 897 253 950 Manutio
280 897 393 960 assensi,
426 903 457 950 ut
475 899 604 951 'secundo
627 899 693 952 loco
720 899 899 966 induximus;
929 903 993 972 quis
1018 903 1097 956 enim
1123 920 1181 957 non
1198 905 1283 959 videt

125 967 287 1020 orationem
305 967 513 1021 redundare?“
537 970 654 1021 Brutus.
692 972 853 1025 lllanutium
878 981 990 1026 secutus
1014 983 1056 1027 est
1082 974 1170 1026 etiam
1197 975 1282 1028 Lam·

123 1037 220 1102 binus,
240 1047 269 1090 et
288 1039 339 1107 qni
358 1056 425 1092 eum
442 1040 581 1108 sequitur,
609 1041 658 1092 Fr.
678 1041 762 1093 Fabr.
801 1040 880 1097 ldeui
903 1046 1038 1096 fecerunt
1061 1045 1150 1097 etiam
1169 1046 1283 1100 1111Ῑο1-

125 1108 181 1160 ssus
200 1116 230 1160 et
249 1109 400 1195 Sylburg.;
420 1126 542 1179 quorum
561 1111 679 1180 quidem
698 1113 749 1165 ille
768 1112 802 1165 ad
819 1115 907 1167 verba
930 1115 1128 1168 antecedentia
1156 1116 1213 1180 „iu
1231 1115 1283 1170 boc
1365 1169 1373 1187 ,

125 1195 262 1243 sermone,
282 1181 332 1243 sit,
354 1201 371 1232 ι.
393 1198 417 1233 e.
438 1181 505 1232 dum
524 1181 559 1233 de
577 1191 670 1235 morte
689 1182 873 1253 disputamus.
911 1185 1031 1255 Alioqui
1055 1186 1154 1260 legere
1180 1187 1282 1239 malim

125 1251 169 1302 cd
197 1248 247 1302 doc
272 1266 411 1305 sermore.
457 1250 519 1302 Alii
548 1251 651 1305 omissa
676 1254 889 1324 praepositione
916 1254 965 1308 boc
992 1271 1116 1310 emmone
1148 1256 1282 1331 leg-unt.“

125 1321 201 1374 cum
219 1323 346 1374 Manutio
365 1324 462 1374 iacere
480 1323 618 1374 videntur
635 1323 746 1392 aliquot
765 1327 835 1378 Oxx.
874 1327 935 1378 Vox
953 1326 1013 1378 utic
1031 1327 1109 1380 abest
1127 1345 1143 1379 a
1160 1328 1281 1394 Duisb.;

127 1391 159 1443 iu
177 1391 268 1444 Rehd.
288 1393 426 1444 scribitur
443 1392 502 1444 utic
519 1392 533 1444 i
539 1409 557 1446 n
576 1393 697 1459 ratione,
727 1397 803 1464 quod
821 1395 942 1450 debetur
959 1397 1078 1479 ingenio
1096 1399 1281 1464 correctoris,

168 1463 301 1515 irerum
318 1462 347 1515 h.
367 1464 387 1514 l.
409 1463 585 1528 odoraretur,
612 1483 665 1517 nec
689 1483 759 1520 vero
781 1467 904 1520 videret.
944 1467 1010 1520 Tios
1037 1468 1150 1520 omittit
1175 1469 1228 1521 Ed.
1249 1469 1280 1524 0.

187 1534 261 1584 .Αο
283 1571 289 1583 .
309 1542 339 1586 et
357 1535 409 1586 Ed.
430 1535 465 1585 11.
485 1533 591 1587 habent
606 1535 700 1604 poerit
718 1538 830 1594 malum.
867 1539 935 1590 Dav.
956 1539 988 1590 in
1005 1538 1058 1592 Ed.
1079 1541 1104 1594 1.
1125 1538 1196 1591 Tbn.
1218 1539 1280 1592 otv.

127 1603 217 1657 Nobb.
238 1621 253 1656 e
274 1604 390 1656 iderunt
407 1604 469 1656 utta
486 1611 525 1657 ut
544 1605 655 1659 rctioue
672 1624 749 1661 more
768 1617 822 1662 etc.
843 1609 920 1679 quod
937 1608 1051 1663 volebat
1068 1609 1162 1663 Bentl.
1179 1610 1281 1664 Schel-

126 1674 205 1727 lerus
222 1675 360 1728 coniecit:
380 1676 440 1727 utta
458 1676 514 1728 uti
520 1693 582 1746 que
600 1678 721 1744 ratione,
745 1685 777 1732 ut
794 1696 872 1732 more
891 1689 945 1732 etc.
983 1680 1102 1749 Reliqui
1125 1689 1189 1750 post
1207 1685 1280 1734 Man.

126 1744 223 1798 hamb.
251 1746 333 1798 Brut.
359 1747 481 1801 Hwoli.
507 1756 536 1800 et
559 1746 639 1817 sylb.
665 1749 798 1824 frugibus
824 1751 950 1803 inventis
974 1750 1008 1802 ad
1039 1750 1156 1824 glandes
1185 1752 1281 1804 redire

125 1816 302 1881 meluerunt,
330 1817 371 1870 ita
396 1826 431 1869 ut
454 1818 524 1869 Ern.
552 1835 666 1886 quoque
691 1821 722 1871 in
746 1828 884 1872 contextu
909 1828 1037 1872 servaret
1055 1829 1183 1872 veterem
1202 1837 1282 1874 erro-

124 1902 198 1951 rem,
218 1887 249 1937 in
267 1895 363 1939 annot.
384 1897 489 1952 autem,
558 1891 598 1940 esi
622 1890 733 1960 primus
760 1891 894 1942 mendum
916 1890 1078 1954 detexisset,
1106 1900 1155 1942 aut
1182 1896 1214 1943 ut
1232 1899 1282 1944 aut

124 1957 170 2010 est
187 1958 280 2010 deleri
298 1957 385 2011 iubet.
424 1959 504 2011 Unus
546 1960 589 2011 od.
610 1961 693 2012 Vind.
708 1965 731 2016 1.
751 1960 929 2031 probabilem
946 1960 1021 2013 hanc
1040 1960 1157 2013 exhibet
1175 1960 1280 2014 lectio·

123 2046 202 2082 nems
222 2034 254 2080 ut
269 2028 329 2081 ulla
347 2031 458 2083 ratione
477 2046 554 2082 mors
572 2029 628 2081 tibi
645 2031 738 2084 uideri
753 2031 846 2100 possit
864 2032 977 2084 mulum.
1003 2026 1139 2084 Reiskius‘
1153 2047 1280 2101 quoquc,

123 2100 207 2170 quasi
225 2100 373 2153 neminem
390 2109 579 2171 praeeuntem
597 2101 751 2168 habuisset,
779 2103 811 2154 in
830 2104 951 2155 Manutii
970 2111 1000 2156 et
1016 2102 1127 2155 Davisii
1147 2103 1279 2156 emenda·

127 2171 241 2224 tionem
261 2171 372 2223 incidit.
410 2172 470 2223 Mr.
586 2183 588 2186 '

195 2241 252 2296 Qui
266 2240 381 2308 potest,]
420 2241 465 2295 Sc.
485 2241 556 2308 fieri.
595 2244 703 2296 Laudat
722 2251 853 2296 nostrum
876 2244 973 2296 locum
995 2245 1137 2298 Goerenn.
1163 2247 1199 2299 ad
1217 2247 1277 2300 Cic.

123 2311 229 2365 Acade.
250 2314 287 2365 11.
307 2315 351 2367 38.
383 2315 446 2368 121:
476 2314 561 2383 plura
585 2313 664 2379 dedit
686 2314 721 2367 ad
743 2314 847 2366 Acadd.
868 2315 890 2367 1.
912 2318 936 2367 1.
956 2317 1005 2369 29:
1036 2316 1083 2366 sed
1110 2316 1150 2366 ibi
1170 2317 1200 2367 in
1219 2318 1281 2368 lau·

122 2383 215 2437 dando
234 2383 297 2435 loco
316 2393 412 2435 nostro
440 2385 514 2436 male
542 2385 660 2455 scripsit
683 2402 748 2437 eum
775 2401 833 2437 esse
853 2384 875 2436 1.
896 2385 933 2436 11.
953 2387 996 2439 13.
1034 2386 1069 2437 10
1087 2401 1145 2437 000
1159 2387 1214 2438 (lx.
1234 2386 1278 2439 bis

122 2454 264 2508 scribitur
281 2453 344 2522 quie
362 2471 416 2524 pro
435 2455 491 2524 qui.
511 2455 565 2507 Ed.
585 2456 620 2506 11.
645 2463 769 2525 utroque
796 2455 860 2507 loco
878 2454 963 2507 habet
988 2461 1090 2523 potest.
1129 2456 1208 2508 Unus
1227 2456 1279 2509 01.

122 2540 213 2594 negas
231 2541 285 2594 pro
303 2541 399 2594 rogas.
437 2529 491 2578 Pro
509 2525 619 2578 veniunt
637 2527 708 2579 Ern.
728 2525 853 2578 coniecit
871 2526 995 2578 uenient:
1023 2544 1109 2595 quam
1132 2526 1282 2579 coniectu·

120 2613 196 2660 ram,
219 2612 278 2648 non
301 2597 388 2647 nimis
414 2595 598 2666 probabilem,
626 2605 740 2667 poterat
765 2597 822 2647 iarn
850 2597 980 2666 reperire
1000 2596 1030 2648 iu
1055 2597 1108 2649 Ed.
1135 2597 1278 2652 HWollli.

121 2669 189 2720 Post
207 2674 304 2720 contra
323 2667 472 2719 dicentium
492 2667 576 2719 Vind.
598 2673 622 2722 1.
648 2668 726 2720 addit
742 2665 977 2736 pbilosophorum.
1015 2669 1096 2722 Unus
1115 2669 1165 2723 01.
1194 2668 1281 2724 habet

122 2739 376 2792 contradicendum.
414 2739 474 2790 Mr.

195 2812 258 2862 Nec
276 2811 364 2861 solum
384 2802 596 2877 Epicureorum]
632 2808 726 2884 Vulgo
749 2823 819 2863 nour
847 2817 948 2863 contra
972 2827 1057 2881 quain
1083 2811 1187 2865 volunt
1206 2812 1276 2889 Reg.

122 2881 196 2933 Med.
215 2881 284 2933 Bak.
305 2889 334 2932 et
353 2881 441 2932 editio
461 2880 596 2937 Victorii.
634 2879 670 2931 D.
1049 2920 1053 2925 .

122 2976 126 2985 ⁴
193 2967 255 3005 sec
272 2953 359 3003 ectum
380 2950 589 3018 Epicureorum]
627 2950 685 3004 Nec
707 2951 806 3021 recepi
831 2969 867 3005 ex
886 2952 971 3005 Codd.
1000 2954 1069 3027 lleg.
1096 2955 1188 3006 tribus
1207 2956 1276 3008 Oxx.

120 3021 208 3074 Bern.
235 3022 309 3075 Gud.
337 3027 361 3077 1.
382 3024 407 3076 2.
434 3026 506 3096 Aug.
537 3021 625 3074 Rehd.
651 3021 747 3073 Duisb.
781 3023 853 3075 Gud.
883 3023 969 3074 Marb.
996 3026 1070 3075 Mon.
1093 3028 1116 3078 1.
1142 3025 1214 3076 Edd.
1242 3026 1277 3077 11.

121 3092 207 3156 (liaeo
225 3109 295 3145 vero
315 3102 479 3145 constanter
497 3109 583 3162 neque
601 3109 654 3162 pro
673 3093 731 3156 nec)
750 3093 826 3144 vict.
846 3094 912 3146 Rcb.
934 3092 1033 3162 steph.
1054 3094 1176 3146 HWolf.
1191 3094 1276 3146 Leod.

120 3163 193 3216 Dar.
213 3163 356 3217 FAWoll‘.
378 3164 425 3215 Or.
454 3165 492 3215 Et
511 3163 616 3215 habent
635 3164 675 3214 ita
693 3179 798 3226 omnes,
818 3180 887 3232 quos
907 3163 1034 3231 inspexit
1051 3162 1143 3215 Bentl.
1181 3163 1242 3215 Mr.

197 3249 263 3302 quoe
281 3237 407 3305 equidem
424 3251 478 3286 non
497 3232 633 3301 despicio]
670 3234 806 3286 Correxit
830 3233 919 3286 Bouh.
941 3231 1072 3301 respicio,
1100 3233 1176 3300 quod
1193 3235 1277 3302 Ern.‚

120 3320 228 3375 parum
249 3316 380 3358 accurato
399 3307 527 3376 inspecta
547 3307 608 3357 eius
626 3305 819 3368 annotatione,
845 3322 879 3357 ex
899 3305 1019 3356 lllanutii
1039 3302 1095 3355 MS.
1116 3303 1279 3359 desumtum

122 3392 184 3428 esse
204 3377 390 3440 existimabat,
412 3385 440 3428 et
459 3376 591 3448 cupidius
610 3393 675 3428 rece
697 3384 783 3428 erunt
801 3374 945 3428 FAWolt‘.
967 3373 1083 3427 Schiitz.
1113 3375 1199 3428 Recte
1219 3392 1280 3429 mo-

120 3455 173 3499 net
192 3446 239 3499 Or.
260 3449 404 3518 εἰρωνικῶς
422 3447 503 3516 loqui
523 3450 651 3498 Marcum
669 3393 703 3499 <ie
721 3447 883 3515 Epicureis,
904 3462 973 3515 quos
992 3445 1061 3497 alibi
1084 3446 1162 3497 viros
1180 3447 1278 3513 bonos,

121 3518 278 3588 simplices,
305 3520 336 3571 in
354 3518 523 3588 disputando
543 3518 664 3570 minime
689 3519 786 3569 vafros
813 3516 858 3581 (de
877 3519 917 3569 lae
939 3535 966 3591 g.
992 3517 1014 3568 1.
1036 3521 1060 3570 1.
1082 3516 1174 3569 delle
1198 3556 1204 3569 .
1224 3519 1278 3571 111.

122 3589 179 3654 16.)
198 3589 334 3659 appellat.
372 3593 426 3642 Pro
447 3589 571 3656 equidem
591 3597 633 3641 est
652 3588 764 3657 quidem
783 3588 814 3638 in
833 3588 899 3641 Cod.
919 3535 1007 3641 ient.
1028 3588 1099 3640 Edd.
1120 3588 1155 3640 11.
1207 3606 1232 3641 0.
1250 3592 1277 3645 2.
1308 3627 1310 3632 ι

120 3662 193 3711 1100.
221 3671 309 3712 nostr.
335 3660 403 3713 1101).
433 3659 531 3729 steph.
558 3661 637 3711 Junt.
666 3658 742 3711 Cam.
767 3659 820 3711 Ed.
849 3659 897 3710 Fr.
918 3660 1001 3712 Febr.
1030 3658 1116 3711 habet
1144 3659 1278 3729 dispicio.

120 3731 174 3785 Uti
191 3730 222 3782 h.
242 3731 262 3781 1.
283 3732 455 3784 Ciceronem
474 3731 699 3783 dissimulatione
718 3731 887 3794 academica,
914 3731 1029 3783 monuit
1055 3731 1142 3782 etiam
1161 3730 1280 3801 Anony-

119 3818 185 3854 mus
202 3802 277 3872 apud
297 3804 449 3856 Olivetum.
488 3802 547 3854 Cur
571 3819 640 3855 vero
663 3802 777 3854 uncinis
803 3801 967 3855 includeret
992 3801 1062 3853 haec
1090 3810 1213 3870 quatuor
1230 3819 1281 3855 vo-

120 3872 222 3925 cabula
243 3873 430 3935 FAWolfius,
451 3872 531 3924 nulla
549 3873 634 3941 plane
653 3882 714 3925 erat
732 3873 806 3924 ratio
826 3873 936 3924 idonea.
974 3871 1083 3923 haudat
1101 3872 1148 3923 Or.
1175 3873 1280 3926 similis
1382 3896 1383 3900 ¹

119 3945 282 3997 sententiae
301 3945 398 3995 locum
416 3944 516 3996 Tusco.
536 3944 573 3995 11.
594 3947 618 3998 3.
640 3949 663 3998 1.
685 3960 753 4013 quor
772 3959 825 3995 non
843 3951 986 3996 contemno
1006 3942 1139 4008 equidem.
1176 3944 1238 3997 Mr.

192 4015 380 4067 Doctissimus
399 4014 515 4084 quisque
534 4016 705 4081 contemnit]
726 4017 890 4085 lnantiqno
904 4015 978 4066 libro
997 4030 1054 4066 non
1072 4014 1159 4066 fuisse
1177 4033 1280 4069 vocem

119 4084 257 4138 ultimam
276 4095 398 4137 testatur
417 4088 572 4152 ltlanucins,
593 4096 630 4151 et,
649 4096 683 4139 01
702 4086 749 4137 illi
766 4086 893 4151 videtur,
914 4094 1002 4138 recte.
1040 4084 1095 4137 Sed
1113 4088 1205 4139 nostri
1226 4087 1280 4140 Co-

120 4157 280 4210 dicessum
298 4173 398 4209 vocem
417 4159 554 4222 retinent,
575 4175 628 4209 nec
648 4166 690 4209 est
708 4174 770 4221 cur,
791 4157 826 4209 iis
841 4157 1041 4221 retinentibus,
1061 4156 1219 4231 ablegetur.
1239 4158 1276 4209 D.

193 4229 373 4281 doctissimus
393 4230 517 4298 quisque]
555 4267 573 4294 „
583 4228 676 4291 Abest,
696 4237 734 4293 et,
753 4228 867 4298 opinor,
891 4237 971 4281 recte
989 4227 1111 4282 verbum
1128 4229 1278 4280 coutemnit

120 4299 154 4352 ab
173 4301 293 4369 antiquo
312 4300 397 4363 libro,
417 4309 450 4351 ut
470 4301 545 4353 illud
564 4299 745 4352 doetissimus
764 4299 880 4369 quisque
898 4307 1009 4370 spectet
1027 4298 1199 4351 adverbum
1219 4299 1278 4350 dis·

121 4371 245 4423 seruit.“
264 4370 295 4423 Ρ.
319 4371 475 4424 Manutius.
496 4372 566 4423 Dav.
587 4372 711 4424 adhaec
730 4372 761 4422 iu
779 4371 831 4422 Ed.
852 4373 883 4425 2:
915 4370 1065 4437 „Omnino
1085 4369 1201 4421 fallitur
1219 4371 1278 4420 Ma·

120 4442 236 4496 nutius:
265 4458 361 4513 neque
388 4443 468 4496 enim
486 4442 587 4496 Cicero
615 4442 811 4497 doctissimum
828 4458 973 4514 quemque
992 4449 1092 4496 contra
1114 4439 1278 4493 animorum
