2828 5070
515 313 644 388 maan
664 312 693 392 1,
715 313 767 376 as.
999 368 1003 376 .
1152 314 1214 388 sss

62 489 212 548 victores
236 482 409 561 Olympiae
429 479 578 557 vidisset,
606 481 746 542 accessit
766 477 809 540 ad
830 498 941 541 senem
963 487 997 543 et
1016 481 1214 568 gratulatus,

62 572 204 642 Morere,
226 564 393 645 Diagora,
416 566 534 643 inquit,
559 583 622 624 non
643 566 722 624 enirn
743 566 776 623 ln
799 563 916 625 caelum
937 564 1149 630 adscensurus
1170 584 1212 628 es.

63 653 189 736 Magna
220 649 312 723 haec,
350 656 384 709 et
412 648 554 706 nimium
584 650 724 706 fortasse
747 644 868 707 Graeci
896 654 1030 726 putant3
1068 649 1214 719 vellum

63 737 176 816 potius
198 732 370 814 putabant:
402 731 504 810 isque,
528 731 582 809 qui
605 729 668 789 hoc
690 729 856 815 Diagorae
880 728 975 804 dixit,
998 750 1215 816 permaguum

64 817 268 891 existimans,
291 823 360 874 tres
375 812 621 894 Olympionicas
643 833 710 873 una
731 831 749 872 e
770 811 868 874 domo
891 813 1040 895 prodire,
1064 815 1216 877 cunctari

64 990 144 1042 seqq.
170 969 220 1022 ubi
242 969 355 1038 pariter
380 973 471 1023 exstat
495 966 615 1018 huiusce
640 966 684 1018 rei
710 966 857 1019 memoria.
894 967 952 1020 Eos
978 969 1065 1023 etiam
1084 979 1217 1025 recenset

64 1051 166 1096 auctor
184 1042 304 1117 Argum.
326 1040 452 1091 Graecus
472 1039 502 1089 iu
522 1037 637 1088 Pindari
656 1037 771 1107 Olymp.
790 1037 854 1089 v11.
880 1057 947 1113 pag.
967 1045 1010 1097 76.
1037 1042 1102 1095 illic
1119 1051 1216 1097 autem

64 1116 143 1167 male
169 1113 287 1182 Διωριὺς
311 1110 371 1162 ἀντὶ
396 1116 445 1161 τοῦ
468 1109 595 1175 Δωριέως
624 1109 771 1160 scribitur.
809 1111 871 1161 lloc
894 1119 972 1179 patet
998 1130 1033 1166 ex
1051 1115 1216 1168 Aristotelis

64 1187 150 1239 Rhet.
179 1185 230 1236 lib.
251 1185 271 1235 l.
302 1200 361 1250 cap.
384 1181 422 1237 11.
450 1185 490 1236 16.
518 1189 546 1233 et
573 1179 753 1247 Thucydidis
780 1180 829 1232 lib.
857 1182 909 1233 111.
934 1200 998 1260 pag.
1021 1189 1080 1240 176.
1107 1185 1138 1237 B;
1175 1187 1216 1239 Ob

66 1258 185 1311 eandem
205 1274 318 1308 causam
337 1253 441 1327 gaudio
458 1253 548 1321 periit
567 1259 596 1304 et
610 1250 716 1304 Chilon
735 1252 985 1319 Lacedaemonius,
1005 1256 1080 1325 quod
1097 1257 1217 1311 tradunt

65 1331 208 1403 Diogenes
227 1328 359 1379 Laertius
380 1324 404 1387 Ι,
424 1326 467 1382 72,
486 1327 529 1378 73.
558 1322 675 1391 aliique.
714 1322 789 1376 Saue
811 1331 891 1375 tauta
914 1326 972 1378 luit
996 1328 1071 1397 apud
1093 1328 1217 1383 Graecos

67 1399 252 1469 Olympiacae
267 1396 407 1449 victoriae
427 1394 487 1446 laus
507 1403 535 1447 et
554 1393 659 1468 gloria,
679 1389 744 1454 uicta
762 1389 974 1461 consensionum
993 1400 1085 1452 αὐτῶν
1103 1401 1217 1453 ἰσόθεον

65 1473 236 1538 νομίζεσθαι,
256 1477 288 1520 ut
306 1469 348 1522 ait
365 1466 510 1518 Lucienus
528 1465 562 1518 ‹le
583 1466 689 1534 Gymu.
715 1464 796 1520 Tom.
815 1467 853 1520 11.
880 1484 945 1542 pag.
964 1471 1026 1524 tta.
1064 1471 1097 1523 la
1115 1473 1217 1525 multis

67 1542 180 1595 ostendi
198 1541 285 1593 facile
304 1546 410 1607 posset,
442 1538 491 1589 sed
515 1554 552 1588 ne
578 1536 695 1610 longior
719 1539 773 1589 sim
800 1538 1005 1591 adauctorum
1030 1541 1115 1595 modo
1138 1543 1217 1596 locos

67 1615 196 1688 digitum
214 1611 368 1665 intendam.
407 1607 462 1659 Adi
480 1609 518 1661 sis
546 1609 639 1696 igitur
659 1605 813 1660 Pindarum
833 1609 948 1678 Olymp.
968 1610 1021 1676 111,
1042 1615 1083 1665 77.
1121 1613 1218 1667 Plato·

67 1703 134 1737 nem
159 1683 193 1736 (le
216 1684 285 1752 Rep.
315 1681 364 1732 lib.
391 1681 425 1730 V.
450 1697 515 1754 pag.
536 1682 598 1743 aso,
623 1682 684 1734 368.
716 1679 757 1731 ed.
786 1681 867 1763 Cant.
892 1680 1073 1735 Athenaeum
1098 1683 1148 1737 lib.
1169 1687 1216 1740 Vl.

66 1757 215 1878 tituil:
232 1750 382 1899 teill-
396 1751 435 1874 „t-
450 1754 628 1885 essenti,
643 1750 1217 1895 sollicitantiumlli:
1264 1818 1272 1831 ·

68 1896 140 1949 Vide
158 1903 187 1948 et
206 1897 283 1948 inira
302 1894 350 1946 lib.
373 1893 410 1944 11.
438 1909 498 1963 cap·
520 1895 561 1947 16.
599 1895 636 1946 D.

144 1966 270 2020 Victores
288 1965 433 2033 Olympiae
452 1964 582 2029 uidisset]
621 1964 706 2018 Codd.
733 1966 808 2019 Mon.
829 1965 899 2020 1.2.
938 1964 1083 2035 Olympiae
1100 1967 1218 2021 vidisset

70 2037 201 2091 uictores.
243 2037 397 2106 Utcunque
424 2037 519 2105 posita
542 2037 601 2088 sint
624 2036 720 2098 verba,
751 2036 814 2088 noli
841 2036 987 2105 Olympiae
1011 2039 1134 2114 iungere
1153 2056 1219 2092 cum

70 2109 197 2161 sedisset.
233 2107 276 2160 De
294 2106 422 2161 formula
440 2107 500 2159 vicl.
526 2123 581 2158 van
600 2107 741 2161 staveren
761 2106 797 2159 ad
815 2107 902 2164 Corn.
921 2108 965 2160 Ne
988 2150 993 2163 .
1015 2110 1106 2167 Praei.
1125 2129 1155 2181 p.
1177 2115 1217 2165 lo.

70 2182 114 2233 ed.
135 2178 242 2254 Stuttg.
263 2211 294 2220 -
319 2180 353 2230 ln
372 2193 429 2230 uno
449 2179 497 2230 Ox.
519 2176 599 2231 deest
616 2195 716 2231 senem.
736 2179 944 2232 masconius
969 2220 974 2231 .
995 2182 1137 2249 Dyugore.
1158 2184 1219 2239 Mr.
1279 2176 1289 2195 '

139 2251 212 2303 Non
231 2250 304 2302 enim
323 2249 354 2301 in
373 2255 481 2301 coetum
498 2265 664 2303 ascensurus
683 2265 713 2301 ee
764 2249 871 2303 Narrat
895 2197 1068 2304 Boughierius
1091 2253 1219 2323 aliquem

70 2323 169 2375 virum
189 2323 307 2374 doctum
326 2321 485 2377 coniecisse
503 2320 584 2372 Nunc
601 2337 655 2390 pro
673 2321 750 2372 Noni
781 2321 843 2390 ipss
862 2328 957 2373 autem
986 2339 1050 2375 eum
1075 2331 1154 2377 recte
1173 2342 1220 2377 re·

69 2397 155 2447 futat.
193 2393 306 2445 Habent
326 2400 421 2443 tanuen
442 2408 514 2444 nunc
533 2390 619 2446 Codd.
649 2391 705 2444 duo
724 2391 793 2442 Oxx.
818 2393 861 2442 Au
885 2429 891 2441 .
915 2391 1005 2448 Rehd.
1026 2393 1125 2446 Guell'.
1145 2394 1219 2448 Eas

71 2467 106 2517 ll.
127 2465 157 2516 C.
178 2464 276 2516 Herw.
301 2462 381 2513 Junt.
403 2462 480 2516 Cain.
509 2462 573 2517 Asc.
593 2465 617 2518 2.
648 2462 707 2525 (ssd
731 2479 822 2546 marg·
841 2409 896 2515 lul.
926 2466 998 2524 non).
1034 2464 1069 2515 In
1087 2464 1172 2517 Viud.
1195 2471 1218 2518 l.

71 2536 203 2590 estium
222 2534 304 2593 enisis,
338 2534 368 2584 in
387 2533 469 2587 Vind.
490 2536 514 2586 2.
545 2533 670 2584 sienim.
709 2533 824 2586 lllireris
850 2551 927 2598 sane,
958 2535 1112 2588 Ernestum
1132 2552 1220 2591 veras

70 2608 159 2659 huius
178 2607 235 2658 loci
255 2605 445 2674 explicationi
472 2604 566 2666 (sinon
585 2605 664 2657 enim
682 2604 751 2657 deus
770 2607 888 2658 futurus
908 2624 946 2658 ss.
967 2624 1031 2658 uam
1060 2606 1102 2659 nil
1127 2609 1219 2661 maius

71 2678 126 2732 tibi
150 2680 181 2729 in
208 2677 297 2729 terris
316 2677 447 2728 accidere
464 2675 607 2743 potest.“l
632 2675 706 2727 hanc
724 2674 825 2728 falsam
846 2679 1045 2744 praemisisse:
1077 2677 1220 2749 „Simpli-

71 2751 221 2803 cissimum
242 2755 284 2799 est
304 2747 485 2822 intelligere:
514 2745 594 2798 olous
620 2754 646 2799 et
664 2739 838 2798 sinensorte.
860 2777 891 2787 --
929 2746 995 2800 esu.
1018 2752 1092 2801 lion.
1113 2756 1136 2804 l.
1165 2766 1219 2820 pro

72 2821 101 2873 ln
119 2820 206 2872 habet
223 2817 303 2869 milli.
341 2818 421 2870 Unus
441 2817 489 2868 Ox.
511 2832 682 2882 accessurus,
706 2817 782 2868 alius
805 2832 979 2870 accensurus.
1017 2822 1077 2873 Mr.

143 2893 278 2957 Magne
306 2887 388 2941 laec
418 2895 444 2941 et
469 2887 587 2940 nimium
612 2891 735 2952 sortasse
762 2888 865 2940 Graeci
891 2890 1008 2956 pectant]
1044 2891 1220 2945 Bouhierias

71 2971 193 3033 propter
216 2981 243 3013 v.
264 2962 380 3012 nivisium
405 2968 433 3012 et
451 2977 574 3029 sequens
596 2976 779 3027 permagnum
801 2959 860 3030 legi
877 2960 992 3014 volebat
1009 2978 1142 3028 naugerum
1160 2961 1218 3016 loe.

72 3034 153 3088 ldem
173 3033 298 3085 coniecit
317 3031 447 3094 itachius,
466 3031 589 3085 addens:
609 3048 666 3084 uon
684 3031 777 3084 susim
796 3030 922 3083 scribere
939 3049 1065 3099 magna
1083 3031 1170 3087 llaec
1193 3038 1221 3086 et

72 3107 187 3158 nirnlurn
206 3107 227 3168 f.
264 3103 328 3154 Non
347 3103 518 3171 reputabant
536 3103 594 3153 viri
613 3102 702 3164 docti,
722 3099 839 3153 niarium
857 3118 933 3153 essse
951 3103 1137 3169 Aduerbium,
1161 3119 1221 3156 non

71 3176 266 3228 Adiectivum.
311 3171 459 3225 Sententia
488 3174 641 3224 inaniusia
668 3181 725 3224 est:
763 3189 867 3245 magna
896 3170 969 3225 haec
994 3174 1047 3238 (sc.
1077 3174 1222 3227 eiusmodi

72 3246 227 3298 victoriam
249 3250 277 3294 et
295 3243 443 3314 gloriam),
464 3250 492 3293 et
510 3243 633 3293 nisiiium
652 3245 775 3296 fortasse
790 3259 904 3315 inagna,
924 3243 943 3293 i.
958 3261 980 3296 a.
996 3245 1114 3309 rnaiora,
1133 3264 1221 3314 quam

72 3322 140 3369 sunt
159 3331 191 3365 re
211 3330 288 3374 vera,
309 3312 414 3364 Graeci
438 3312 632 3381 potenttid.
660 3320 773 3369 nostras
798 3311 948 3379 symbolas
973 3315 1008 3367 ad
1027 3314 1085 3367 cic.
1106 3317 1128 3367 l.
1148 3317 1220 3371 XVI.

69 3405 97 3457 p.
120 3387 161 3439 17.
202 3385 236 3435 ln
255 3399 311 3434 uno
332 3383 381 3434 Ox.
402 3390 430 3434 et
448 3381 500 3434 Ed.
520 3380 598 3456 Sylb.
620 3391 663 3435 est
683 3382 817 3437 nimirum
835 3397 889 3450 pro
907 3384 1028 3437 nimium.
1065 3386 1149 3440 Alius
1169 3388 1219 3445 Ox.

71 3457 183 3511 omittit
201 3455 288 3508 verba
304 3459 401 3521 patant
419 3487 449 3494 -
463 3453 562 3519 potius.
585 3453 756 3507 Gud.habet
775 3470 877 3520 elingua
897 3457 1000 3520 errius,
1020 3457 1124 3511 oiiiisso
1143 3456 1219 3513 haec.
1266 3515 1271 3521 ,

70 3532 143 3604 Aug.
165 3544 217 3596 pro
238 3533 294 3577 tam
312 3525 397 3578 habet
416 3532 480 3576 tusis.
520 3523 590 3578 Tres
610 3524 680 3577 Oxx.
700 3524 926 3598 Duisb3la1nen=
951 3527 1000 3580 ubi
1019 3529 1152 3602 agnoscit
1170 3547 1221 3596 vu·

70 3600 211 3653 luntatem
230 3599 359 3667 priorem
375 3613 505 3650 errorem
524 3595 608 3662 (turis)
628 3593 803 3672 corrigendi.
826 3595 899 3650 Gud.
914 3602 939 3654 2.
951 3598 1035 3654 habet
1054 3599 1081 3653 s's
1100 3600 1148 3670 qui
1162 3606 1219 3671 pro'

71 3670 159 3740 isque.
180 3670 232 3722 Ed.
254 3669 288 3719 ll.
310 3666 358 3720 lec
379 3684 432 3736 pro
451 3664 508 3719 loc.
547 3668 606 3721 Mr.
1171 3718 1173 3722 ,

143 3748 201 3792 tres
221 3739 445 3808 Olympionicas]
483 3739 563 3790 Unus
582 3737 632 3791 Ox.
652 3740 748 3802 terris,
777 3739 853 3809 quoti
872 3749 968 3794 ortum
987 3750 1031 3795 est
1049 3761 1084 3796 ex
1102 3743 1221 3813 antiqua

73 3811 232 3880 scriptione
251 3813 313 3873 tris,
354 3827 418 3863 uam
437 3808 544 3862 habeut
563 3809 650 3863 Codd.
670 3811 766 3863 nostri
786 3813 986 3864 vetustissimi.
1008 3811 1094 3866 Codd.
1107 3815 1181 3867 lllon.
1196 3818 1218 3867 l.

71 3885 96 3937 2.
124 3889 184 3933 tres
204 3881 272 3932 Oxx.
293 3830 366 3935 Eli.
388 3880 468 3932 lunt.
493 3878 568 3932 Cam.
589 3882 659 3933 Ven.
680 3888 770 3933 nostr·
790 3882 854 3934 Asc.
875 3885 902 3937 ,2.
923 3885 1117 3951 praemittunt
1134 3885 1221 3938 verbo

71 3960 130 4006 tres
148 3951 225 4005 hanc
243 3952 381 4025 glossam:
401 3959 509 4019 patrem
528 3968 587 4002 celin
606 3951 709 4005 desolas
728 3951 813 4015 filiis:
841 3969 927 4018 quam
946 3953 977 4005 in
997 3953 1083 4009 Coae.
1103 3955 1221 4010 Venetis
1304 3978 1321 4003 e

70 4041 129 4077 non
157 4032 304 4092 repertam
333 4024 452 4076 exulare
478 4025 534 4074 iam
559 4021 674 4076 volebut
698 4021 890 4078 Camerarius.
933 4019 1015 4077 Solus
1044 4023 1111 4080 Cod.
1133 4028 1220 4081 lllarb.

70 4095 156 4148 habet
177 4095 357 4163 Olymipicas.
390 4097 462 4168 Aug.
484 4093 702 4162 Olympionicas.
739 4095 805 4145 Post
833 4110 889 4146 unu
914 4094 969 4147 ‹luo
989 4095 1060 4150 Oxx.
1082 4099 1221 4151 omittunt

70 4184 170 4221 ecum
191 4168 261 4239 Aug.
282 4165 428 4220 scribitur
455 4182 488 4216 ec
515 4166 546 4216 in
564 4163 636 4217 Eud.
658 4163 781 4221 P.‚A.B
810 4164 840 4220 O.
861 4167 898 4220 ltl.
917 4167 949 4218 L.
970 4174 999 4219 et
1021 4169 1131 4221 uostris
1150 4176 1220 4221 vett.

70 4247 138 4291 ante
157 4240 239 4303 Grut.
261 4238 389 4307 exceptis
408 4236 478 4289 Rob.
497 4234 595 4304 Steph.
624 4243 652 4289 et
670 4236 755 4288 Leosl.
775 4237 841 4288 lllox
858 4236 944 4288 Vina.
964 4241 988 4293 l.
1014 4239 1093 4292 illum
1112 4238 1223 4290 dlutius

71 4311 209 4373 cunctari,
235 4327 300 4361 cum
322 4308 389 4369 Cod.
410 4308 482 4382 Aug.
520 4307 602 4359 Illum
628 4306 741 4360 omittit
759 4306 827 4361 coa.
849 4304 923 4364 Gud,
943 4311 969 4363 2.
1007 4312 1073 4363 lllox
1090 4308 1175 4359 Vind.
1196 4312 1222 4364 1.

70 4377 200 4440 fortunae
217 4396 257 4430 ne
276 4381 452 4445 alliceretur,
472 4377 521 4430 ubi
540 4379 673 4458 agnoscis
693 4378 894 4448 interpretem.
925 4377 1007 4433 Unus
1016 4380 1066 4435 Ox.
1087 4376 1222 4434 inutilem.

73 4447 176 4508 Cicero
203 4446 258 4501 hoc
281 4450 475 4507 locovocem
494 4447 607 4509 inutilis
625 4448 722 4521 posuit
737 4466 793 4521 pro
809 4449 1002 4519 perlatam
1030 4451 1073 4507 sic
1089 4448 1139 4503 uli
1157 4448 1223 4504 iuu-
