2828 5070
132 279 211 337 ml
642 280 785 347 INDEX

201 445 451 517 11)16)1.66166.
472 446 599 504 616616.
637 448 838 521 Repetitiones
865 445 1065 503 Lambinianoe
1089 453 1119 503 et
1142 445 1197 503 Ed.
1217 448 1285 519 Ope·

131 534 195 572 reru
212 519 360 574 ciceronis
376 522 411 574 D.
431 519 604 588 Gotdofredi.
641 522 764 575 Illarum
788 538 877 591 penes
897 538 943 575 me
967 528 1012 575 eet
1029 521 1081 575 Ed.
1101 521 1284 598 Argentum

130 591 360 647 1511111611.
381 596 415 659 83
435 591 605 658 Gotlefredi
622 594 679 646 tria
698 593 733 646 ad
751 609 867 645 manum
880 600 948 646 sunt
964 592 1152 663 exemplaria,
1171 610 1196 645 a.
1212 594 1285 649 teas,

130 664 211 718 1596.
232 665 309 720 1666.
330 665 439 718 Gener.
458 667 485 720 1.
512 683 624 720 6161166.
661 664 702 716 Et
727 663 927 716 Lambinianas
952 664 1070 735 quidem
1098 664 1285 734 repetitiones

131 741 300 787 contextum
319 733 425 789 babere
443 751 502 789 non
520 737 662 798 Lambini,
688 734 738 790 sed
755 733 869 805 pridem
887 733 1052 808 vulgatum,
1081 736 1132 804 qui
1151 735 1285 803 proxime

131 804 168 856 ad
185 803 324 858 Aldinum
342 806 464 873 accedit,
482 823 568 861 nemo
586 808 691 860 nescit.
724 806 838 859 Habent
855 813 951 859 autem
972 824 1021 860 eae
1035 806 1168 858 Lambini
1187 806 1286 859 lectic-

132 893 182 929 nes
201 877 232 929 in
251 879 393 953 margine,
412 894 467 931 neo
484 894 556 932 vero
575 894 689 932 omnes:
709 893 814 947 neque,
834 893 907 946 quae
926 878 1042 930 suntin
1062 894 1123 929 mar
1145 914 1162 941 .,
1188 892 1285 930 omnes

132 954 199 1000 sunt
218 948 437 1003 Lambinianae:
464 950 648 1004 coniecturae
666 950 766 1013 etiam,
785 948 884 1001 nescio
903 950 994 1012 cuiue,
1015 949 1026 1014 (
1034 950 1092 1001 nisi
1130 955 1196 1000 orte
1222 955 1285 1000 sunt

55 1023 57 1027 ’
132 1016 319 1084 Gotholredi)
344 1021 374 1073 in
399 1022 532 1095 margine
555 1020 696 1093 leguntur
719 1018 888 1083 nonnullae,
922 1020 998 1071 varii
1028 1022 1060 1072 in
1085 1019 1176 1071 variis
1203 1017 1285 1071 libris

129 1090 230 1210 pretii,
268 1091 346 1144 llaec
377 1093 483 1156 omnia,
516 1110 589 1162 quae
620 1099 687 1144 sunt
714 1091 745 1143 in
772 1091 907 1163 margine
929 1090 1194 1153 Lambinianarum,
1231 1090 1285 1159 ipsi

147 1161 270 1215 iambino
289 1180 305 1214 a
323 1161 436 1227 multis,
456 1160 552 1215 iubis
571 1183 586 1216 a
605 1164 678 1216 Jano
698 1160 862 1225 Gebhardo,
880 1161 990 1214 tributa
1010 1170 1086 1226 sunt,
1108 1161 1185 1213 unde
1204 1161 1285 1213 Lam·

130 1233 262 1285 binianae
281 1232 416 1286 lectionis
435 1234 568 1287 confusio
587 1241 667 1286 tanta
680 1239 723 1286 est
734 1241 807 1298 orta,
827 1241 859 1283 ut
879 1233 1090 1285 nunc-demum
1110 1231 1285 1301 postOrellii

130 1320 248 1373 operam
267 1302 338 1356 huic
356 1306 401 1358 rei
420 1312 565 1366 navatam,
585 1306 704 1374 eiusque
723 1303 1030 1359 666661161116111161166
1042 1305 1136 1364 (1666)
1155 1303 1285 1356 collatio·

129 1391 207 1441 nem,
233 1382 312 1428 certo
331 1376 465 1440 sciamus,
493 1376 563 1444 quid
588 1376 628 1428 sit
646 1373 787 1440 Lambini,
815 1375 886 1446 quid
911 1391 978 1428 non.
1016 1376 1077 1429 Neo
1104 1382 1202 1427 tamen
1221 1389 1285 1427 con·

128 1445 301 1498 temnendae
320 1446 390 1501 illae
410 1448 611 1516 repetitiones,
638 1447 747 1517 quippe
764 1464 838 1517 quae
857 1462 922 1498 cum
941 1446 1074 1498 Lambini
1098 1445 1285 1499 annotatione

129 1518 218 1570 etiam
238 1534 320 1569 curas
340 1519 402 1570 eius
422 1517 560 1571 secundas
578 1520 727 1587 quantivis
752 1518 842 1588 pretii
866 1520 1043 1571 contineant.
1079 1517 1122 1570 De
1140 1515 1285 1569 Editioni·

129 1587 182 1639 bus
201 1587 377 1642 Gothofredi
397 1589 472 1643 idem
491 1591 555 1642 fere
574 1588 738 1642 dicendum.
777 1588 870 1641 Habet
886 1590 949 1642 iere
968 1588 1067 1642 eadem
1092 1589 1124 1639 in
1143 1588 1285 1662 margine,

129 1676 203 1729 quae
222 1657 301 1723 illae,
321 1659 427 1713 additis
445 1668 543 1713 tamen
562 1659 723 1724 nonnullis,
743 1677 816 1729 quae
834 1658 1050 1724 adlectionem,
1070 1657 1202 1729 pluribus
1214 1675 1285 1728 quae

128 1730 229 1782 adres
248 1731 406 1800 pertinent.
443 1730 575 1783 Lambini
595 1731 811 1784 annotationem
830 1747 888 1784 non
907 1729 1000 1786 babet.

200 1803 247 1863 19)
278 1801 353 1870 Syro.
377 1834 408 1844 -
454 1803 518 1854 Frc.
544 1801 705 1871 Sylburgii
718 1801 808 1855 editio
833 1801 957 1855 omnium
981 1800 1130 1854 Ciceronis
1154 1798 1285 1867 Operum,

129 1888 184 1925 nec
201 1888 274 1924 vero
293 1873 389 1927 addito
409 1871 528 1926 editoris
548 1874 677 1937 nomine,
702 1873 801 1925 decem
819 1873 970 1926 volumina
989 1871 1195 1940 complectens,
1220 1887 1285 1940 pro·

129 1941 185 1994 diit
202 1944 337 1996 Francos.
362 1961 407 2012 ap.
427 1944 517 1998 Andr.
536 1943 676 1998 Wecheli
700 1941 821 1997 heredes
844 1948 918 1999 16911.
939 1946 964 1999 8.
1002 1943 1122 1995 Dicitur
1146 1944 1178 1995 iu
1195 1941 1285 1996 titulo

129 2016 309 2067 conformata
328 2015 363 2067 ad
381 2009 576 2068 Manutianam
596 2023 624 2068 et
641 2014 805 2078 Brutinam,
824 2015 980 2084 profitetur
998 2015 1069 2067 item
1088 2014 1285 2068 annotationes

130 2092 160 2137 et
178 2086 382 2159 castigationes
397 2103 433 2138 ex
445 2087 578 2138 virorum
598 2085 749 2138 doctorum
764 2086 882 2155 scriptis
902 2094 1062 2155 excerptas.
1088 2083 1162 2137 Sunt
1180 2092 1285 2149 tamen,

130 2172 204 2223 quae
223 2174 281 2208 non
300 2156 457 2225 profitetur
469 2156 583 2217 titulus,
602 2156 743 2209 nonnulla
761 2162 790 2210 et
807 2158 838 2208 in
850 2158 996 2210 contextis
1009 2163 1038 2210 et
1056 2156 1088 2207 in
1099 2155 1285 2209 annotatione

129 2224 235 2279 editori
258 2228 389 2297 propria,
423 2244 496 2297 quae
523 2225 610 2280 huius
641 2242 756 2298 quoque
785 2227 921 2282 editionis
948 2227 1076 2297 pretium
1104 2228 1285 2280 constituunt

128 2296 205 2350 haud
224 2299 477 2351 contemnendum.
510 2309 513 2316 '

199 2368 374 2433 163631)
394 2369 476 2423 Grai.
499 2402 531 2412 -
568 2367 763 2424 Grateriauae.
800 2369 931 2422 llambur
953 2387 1050 2423 ensem
1070 2369 1191 2436 Operum
1207 2369 1285 2424 cece

129 2439 211 2494 roais
229 2441 352 2494 omnium
369 2442 405 2495 ab
423 2441 510 2495 initio
529 2440 657 2506 adhibui,
684 2448 810 2511 quatuor
827 2440 904 2494 Voll.
938 2478 944 2491 .
964 2458 1001 2492 m.
1024 2458 1048 2495 a.
1070 2443 1145 2497 1616.
1168 2440 1285 2508 editam,

150 2512 254 2566 cesima
280 2512 366 2576 facie,
400 2512 566 2582 apriorum
593 2514 656 2567 fere
681 2512 813 2564 omnium
837 2512 881 2564 ele
903 2513 982 2564 antia
1006 2511 1116 2564 mirum
1143 2519 1285 2582 quantum

128 2529 301 2642 distantems
333 2581 438 2636 deinde
458 2580 669 2644 londinensem,
703 2581 825 2636 totidem
850 2529 1049 2636 voluminibus
1074 2583 1109 2636 ad
1133 2583 1285 2653 exemplar

25 2654 34 2664 “
128 2653 347 2728 liamburgensa
371 2662 514 2715 accurate,
546 2671 600 2707 nec
628 2654 709 2706 vitiis
728 2670 882 2722 operarum
902 2654 1050 2715 correctis,
1076 2671 1242 2723 expressam
1261 2672 1285 2708 a.

130 2726 207 2779 1631.
226 2725 246 2775 f.
268 2741 305 2775 m.
326 2722 535 2776 Annotatioues
560 2723 613 2777 illa
631 2722 718 2778 habet
745 2731 913 2781 contextum
933 2731 1095 2794 sequentes,
1125 2723 1200 2779 haec
1219 2740 1285 2779 con·

127 2796 217 2848 textis
238 2793 386 2847 subiectas.
422 2794 650 2871 Elegantissime
668 2802 724 2848 est:
751 2812 821 2865 prae
840 2796 933 2848 nimio
953 2794 1113 2870 elegantiae
1139 2796 1237 2848 studio
1256 2797 1285 2849 iu

127 2864 236 2918 duobus
263 2865 459 2917 voluminibus
483 2865 630 2936 prioribus
658 2867 762 2919 omissa
790 2873 833 2918 est
857 2868 945 2921 etiam
973 2868 1100 2937 capitum
1119 2867 1242 2930 notatio,
1271 2884 1285 2920 ι

129 2936 256 2989 Grutero
276 2937 307 2989 in
325 2935 379 2987 Ed.
400 2936 501 2989 llamb.
521 2937 649 2990 inducta.
685 2936 729 2990 De
755 2937 848 3006 ipsius
868 2938 1005 2992 editionis
1050 2939 1124 2991 retio
1149 2938 1219 2990 eatis
1238 2954 1285 2991 ex·

149 3007 809 3079 6611611161616111611166661661.6631.
846 3008 952 3062 Jauum
971 3009 1027 3062 Geb
1066 3009 1155 3075 reum,
1181 3010 1234 3076 qui
1251 3009 1285 3062 ad

127 3025 306 3132 1666616661
333 3079 498 3148 composuit
525 3080 586 3134 eius
605 3079 659 3132 Ed.
687 3081 913 3144 annotationem,
944 3081 1124 3150 mancipium
1151 3080 1285 3132 codicum

127 3150 204 3215 haud
230 3149 340 3203 iniuria
363 3149 508 3221 appellari
527 3166 613 3204 nemo
631 3152 741 3203 nescit:
769 3167 823 3204 nec
841 3167 922 3216 vero,
954 3151 1022 3203 dum
1048 3148 1285 3219 reprehendenda

127 3221 379 3292 reprebendimus,
402 3218 477 3273 illud
495 3229 591 3276 tacere
609 3222 701 3285 decet,
728 3221 831 3274 multis
850 3239 916 3274 eum
941 3221 1014 3275 locis
1033 3221 1285 3276 6106661116ᾱί-

126 3294 223 3347 cinam
250 3292 393 3355 attulisse,
422 3291 523 3346 multis
549 3293 654 3346 merito
680 3293 715 3345 ad
739 3293 866 3346 Victorii
892 3291 1011 3347 rediisse
1037 3293 1202 3356 lectionem,
1234 3292 1286 3376 qui

125 3364 216 3417 libros
236 3362 368 3415 adhibuit
386 3362 463 3415 haud
480 3364 714 3417 contemnendos.
753 3363 833 3428 Quod
850 3380 920 3417 vero
939 3365 981 3418 ait
999 3365 1072 3417 Ern.
1092 3364 1111 3416 l.
1132 3381 1156 3415 c.
1178 3363 1285 3416 editio-

125 3452 192 3488 nem
211 3433 391 3498 Blasionem,
424 3434 514 3504 (quae
539 3436 611 3487 item
637 3435 668 3487 in
692 3436 799 3488 nostrie
824 3433 884 3498 est)
903 3453 976 3505 quae
994 3435 1106 3505 prodiit
1124 3434 1285 3488 Amstelae·

125 3503 203 3559 dami
224 3508 299 3560 1659.
322 3507 365 3568 12,
385 3512 555 3558 contextum
574 3522 704 3559 servasse
714 3507 933 3570 Gruterianum,
953 3507 993 3558 ita
1012 3514 1044 3559 ut
1063 3513 1093 3559 et
1110 3506 1183 3558 vitia
1201 3504 1285 3559 illiue

125 3576 262 3632 editionis
282 3582 420 3639 servaret,
452 3576 482 3628 id
509 3592 568 3629 non
594 3593 799 3647 usquequaque
817 3593 920 3628 verum
942 3584 993 3630 est.
1032 3578 1149 3647 Proprii
1168 3575 1285 3646 quidem

124 3646 202 3717 quod
219 3644 323 3700 babeat
341 3646 420 3709 boni,
445 3645 523 3698 nihil
542 3663 719 3722 magnopere
737 3648 851 3717 reperi:
877 3647 927 3699 sed
945 3647 1038 3717 incidi
1056 3648 1088 3700 in
1106 3648 1194 3713 locos,
1219 3647 1285 3717 qui-

122 3717 175 3773 bus
193 3737 209 3772 a
228 3719 403 3772 Gruteriana
422 3718 572 3771 recederet
591 3719 673 3772 etad
691 3721 805 3788 priores
824 3717 943 3775 rediret.
1215 3774 1217 3777 ,

193 3790 240 3855 33)
258 3790 305 3854 34)
323 3788 369 3850 35)
388 3790 435 3852 36)
455 3787 662 3854 Gronoviunae,
678 3807 756 3858 ,quae
775 3809 791 3843 a
810 3789 933 3842 Gruteri
953 3792 1099 3846 contextis
1119 3792 1151 3844 in
1170 3793 1285 3861 paucis·

122 3862 204 3914 simis
224 3860 373 3915 recedunt.
412 3859 446 3912 ln
465 3858 512 3913 his
531 3867 575 3913 est
592 3860 619 3924 a)
639 3860 761 3925 Operum
780 3860 840 3916 Cic.
861 3862 984 3914 omnium
1002 3861 1102 3916 Editio
1121 3880 1188 3916 cum
1207 3863 1286 3917 notis

122 3933 248 4006 integris
266 3931 339 3986 Jam'
357 3931 495 3984 Gulielmi
519 3939 548 3984 61
566 3931 636 3986 Jani
654 3931 774 3984 Gruter-i
801 3931 883 3996 [item
906 3951 941 3986 ue
967 3933 1037 3986 Jam‘
1056 3931 1210 3998 Gebhardt']
1237 3951 1285 3988 re-

121 4004 240 4088 cognita
264 4002 362 4059 6166,
388 4002 527 4055 Grououio
555 4011 609 4055 cet.
637 4002 686 4054 lV.
711 4002 789 4057 Voll.
817 3949 910 4079 Lugi.
936 4004 996 4057 nat.
1019 4007 1097 4060 1691.
1116 4010 1141 4060 4.
1178 4005 1221 4056 Ea
1240 4013 1286 4059 est

121 4074 222 4138 editio,
250 4073 334 4127 cuiue
352 4083 521 4127 contextum
542 4073 635 4127 edidit
651 4075 735 4139 Ern,
761 4074 820 4128 suis
843 4082 941 4128 tamen
968 4075 1217 4130 emendationibus
1237 4093 1285 4128 re·

120 4146 223 4215 ceptis.
261 4144 390 4220 Elegans
410 4153 454 4198 est
472 4153 501 4199 et
519 4153 668 4198 accurata:
699 4143 785 4198 babet
803 4144 942 4198 nonnihil
966 4162 1057 4200 novae
1075 4146 1249 4199 accessionis
1268 4163 1285 4199 a

121 4216 283 4281 Gronovio,
302 4214 453 4270 emendata
471 4216 662 4284 paucissima:
684 4217 785 4270 acerbe
803 4232 1012 4286 nonnunquam
1032 4214 1179 4269 Gebhardi
1199 4233 1285 4269 erro.

120 4304 167 4342 res
185 4288 383 4362 castigantur,
406 4286 436 4350 b)
460 4287 668 4355 Verturgiana,
689 4287 756 4355 Opp.
778 4287 838 4341 Cic.
859 4304 931 4340 omn.
952 4287 1003 4340 xl.
1023 4285 1143 4341 volte.
1168 4284 1284 4342 11111616-

120 4358 192 4413 laed.
212 4356 360 4414 Wetsteu.
387 4359 465 4414 1⁷24.
504 4358 625 4429 Propria
651 4359 738 4412 habet
762 4357 950 4427 paucissima:
980 4356 1084 4411 iudicii
1107 4357 1171 4409 iere
1190 4355 1280 4412 nihil.

118 4429 162 4484 De
181 4448 213 4486 ea
233 4445 291 4484 non
310 4437 363 4494 est,
383 4429 461 4500 quod
479 4429 581 4486 addam
598 4429 718 4487 Ernesti
736 4428 846 4486 iudicio
865 4427 885 4481 1.
907 4445 931 4484 c.
952 4444 989 4497 p·
1001 4429 1050 4485 ³1:
1069 4425 1147 4483 illud
1164 4442 1282 4496 moneo,

984 4647 988 4675 l
