2828 5070
196 294 259 365 400
402 291 633 359 CICERONIS
655 292 903 363 tusconen.
926 296 1157 364 DISPUTAT.

113 451 293 548 ¹³·¹,J⁴·cuiue
328 462 430 522 eliam
461 462 548 523 filiae
583 459 703 542 cupide
737 471 881 525 mortem
915 465 1153 544 expetiverunt
1185 481 1250 546 pro
1282 466 1356 528 vita

195 543 340 608 civium:
372 541 531 621 Codrum,
570 545 628 625 qui
656 563 692 606 se
719 547 755 604 in
783 544 909 608 medios
937 547 1077 607 immisit
1102 547 1225 624 hostes,
1258 555 1355 610 veste

197 730 248 798 qui
266 745 364 781 vocem
384 729 520 798 aliquam,
548 748 576 779 v.
595 747 620 781 e.
640 731 769 794 atterunt,
788 730 911 792 landant,
935 739 1155 796 commemorant,
1185 733 1234 785 vel
1252 734 1352 786 sirnile

196 800 300 851 saltem
316 800 445 865 verbum,
485 810 528 852 ost
545 800 671 853 Codrum
690 801 825 853 excidisse
844 802 1055 872 suspicantur.“
1089 803 1257 872 Anonymus
1277 805 1353 875 apud

197 868 355 924 Olivetum:
388 872 431 936 ‚,1.
473 871 582 923 eOrat.
602 872 653 925 to:
679 886 740 923 cam
758 875 896 938 repeteret
923 888 1008 940 arque
1027 888 1044 922 a
1065 871 1171 925 Corace
1189 882 1245 926 etc.
1272 875 1295 926 1.
1316 876 1352 928 de

195 939 261 993 niv.
284 945 312 994 l:
332 946 362 993 ut
380 942 414 995 ab
432 940 542 993 ultimis
560 940 753 993 auctoritatem
779 949 902 1009 repetam
920 950 974 994 etc.
1001 943 1038 994 ll.
1059 941 1093 995 de
1113 945 1226 996 lnvent.
1245 946 1277 999 2:
1317 962 1353 998 ac

195 1017 302 1063 aetem
329 1011 440 1081 quidem
457 1012 611 1080 scriptores
629 1012 704 1063 ertia
727 1027 813 1079 usqae
832 1028 849 1063 a
865 1012 994 1080 principe
1014 1013 1065 1064 itio
1090 1021 1173 1083 atque
1200 1013 1352 1069 inventore

198 1078 279 1135 Titia
298 1083 433 1151 repetitae
452 1092 506 1134 etc.
544 1084 644 1150 ltaque
668 1082 776 1133 dicitur
795 1088 929 1150 repetere,
957 1083 1007 1152 qui
1025 1092 1124 1135 vetera
1142 1094 1228 1153 atque
1247 1084 1353 1139 oblite-

196 1162 259 1205 rata
277 1162 491 1217 commemorat,
512 1153 588 1221 quod
606 1151 748 1204 faciebant
767 1151 896 1204 rhetores
917 1153 975 1217 isti,
995 1152 1028 1215 de
1048 1153 1150 1222 quibus
1169 1174 1183 1205 a
1207 1155 1277 1220 itur,
1298 1157 1352 1226 qui

196 1223 292 1276 clarae
309 1231 411 1277 mortes
428 1222 481 1292 pre
498 1224 597 1289 patria
621 1223 759 1290 oppetitae
783 1222 985 1285 memorabant,
1011 1241 1100 1290 usque
1124 1225 1157 1276 ab
1179 1173 1351 1280 {mahtheo

197 1296 306 1360 exorsi,
326 1303 411 1367 atque
430 1310 463 1347 er
482 1295 532 1345 itta
551 1294 720 1363 antiquitate
738 1293 893 1360 repetebant
903 1293 1025 1345 Codrum
1045 1302 1100 1348 etc.
1128 1295 1352 1359 „Anaeoluthon

196 1381 256 1418 esse
275 1364 408 1434 equidem
426 1381 492 1417 cum
511 1365 556 1417 Or.
578 1363 709 1417 dixerim.
746 1363 790 1414 Ad
807 1364 984 1416 locutionem
1007 1364 1206 1418 attinerent.
1232 1367 1349 1450 ²³95&

197 1434 618 1559 titichiattilii..
638 1433 702 1568 ii.
716 1435 996 1574 stetisset:
1016 1434 1054 1555 i?
1070 1436 1118 1559 t:
1140 1435 1246 1559 tit·
1260 1438 1348 1564 stt:

198 1575 248 1629 0v.
268 1579 381 1629 llletam.
400 1577 463 1628 Vll.
485 1579 544 1630 731.
565 1575 673 1697 lipgin.
693 1575 776 1626 Fabb.
796 1577 839 1628 to.
876 1574 936 1628 Mr.

268 1644 404 1715 Repetunt
432 1647 466 1699 ab
485 1644 585 1699 Erecit
605 1662 636 1698 eo
656 1643 728 1710 etc]
765 1644 848 1696 Vind.
871 1649 895 1699 1.
916 1654 943 1697 et
962 1645 1015 1697 Ed.
1035 1646 1070 1698 H.
1098 1647 1243 1714 repetitor.
1272 1649 1297 1701 A

197 1717 306 1771 omittit
332 1718 374 1770 ao.
404 1716 492 1770 Rehd.
520 1717 606 1770 habet
636 1714 760 1768 Eritheo.
786 1716 866 1767 lton.
889 1719 912 1769 1.
944 1713 1103 1769 Eretteteo.
1137 1719 1221 1771 Bern.
1258 1668 1348 1773 arai-i.

196 1788 323 1841 Erecteo.
342 1786 438 1840 Duisb.
460 1787 587 1840 Oricieo:
611 1805 683 1837 tanus
702 1787 751 1839 Ox.
771 1786 896 1840 Ettriteo.
916 1786 990 1838 Mon.
1010 1789 1035 1842 2.
1063 1787 1147 1839 Vind.
1167 1791 1192 1843 2.
1219 1787 1348 1844 Erethee.

196 1857 314 1913 Probam
339 1858 525 1930 scriptionem
550 1857 657 1910 habent
680 1856 766 1909 Codd.
786 1856 859 1908 Gud.
885 1861 906 1911 1.
926 1859 952 1911 Ἰ.
978 1855 1052 1932 Aug.
1072 1858 1155 1911 Rern.
1180 1860 1220 1912 Re
1244 1899 1249 1910 .
1272 1861 1347 1913 Gud.

196 1928 269 1982 Edd.
288 1930 323 1981 H.
341 1931 412 1983 Van.
432 1928 620 1996 Alteri-Asc.
642 1932 665 1981 1.
686 1926 806 1982 Hwolt.
825 1926 894 1978 Dav.
915 1926 990 1979 oliv.
1008 1928 1081 1979 Lall.
1102 1879 1245 1984 maveli.
1266 1949 1317 2000 seq
1341 1971 1349 1984 .

197 1998 263 2055 Sola
287 2001 357 2052 Ven.
386 2009 473 2052 nostr.
501 1996 666 2052 archimen:
696 1998 824 2066 reliquae
847 1994 1003 2051 Erichtheo.
1048 1999 1114 2052 Mox
1140 1999 1214 2052 Gud.
1246 1951 1348 2069 capide

196 2068 281 2137 ntiae.
319 2072 354 2122 ln
373 2071 457 2123 Codd.
477 2072 546 2152 Reg.
568 2079 597 2120 et
615 2067 688 2121 Gud.
709 2072 734 2122 l.
759 2074 800 2121 est
824 2069 964 2136 cupidae.
1003 2068 1063 2122 Mr.

267 2147 384 2193 mortem
403 2137 671 2208 expetiverunt}
699 2137 769 2192 Dav.
789 2138 820 2190 in
838 2139 890 2192 Ed.
909 2142 935 2194 2.
960 2157 994 2192 ex
1012 2139 1137 2192 Bentleii
1164 2141 1346 2194 coniectura:

196 2211 407 2280 oppetiverunt.
434 2211 477 2264 Ad
496 2228 580 2280 qnam
597 2208 781 2263 Bouhierius:
801 2208 893 2274 „Quia
912 2226 1032 2261 resnou
1051 2211 1128 2263 intra
1140 2221 1239 2263 votum
1253 2213 1348 2276 stetit,

197 2289 227 2352 et
244 2291 369 2335 mortem
386 2299 443 2334 non
461 2282 647 2351 expetiverant
666 2279 769 2345 solum,
799 2280 848 2332 sed
866 2279 952 2333 etiam
974 2282 1171 2348 oppetiverunt,
1190 2283 1348 2348 Bentleius,

196 2352 368 2406 mentiente
385 2352 511 2418 Davisio,
530 2352 667 2404 ultimum
685 2350 741 2403 hoc
758 2349 877 2402 verbum
897 2350 943 2402 illi
961 2351 1047 2402 alteri
1065 2352 1259 2406 substituebat.
1286 2352 1350 2404 Ali-

196 2430 244 2491 ter
261 2423 335 2477 mihi
353 2423 477 2477 videtur.
515 2423 665 2493 Conspirat
682 2421 796 2475 seilicet
814 2421 911 2490 cupide
929 2422 1033 2474 melius
1051 2440 1118 2474 eum
1134 2424 1221 2476 verbo
1240 2423 1349 2492 expeti-

195 2501 302 2549 aeram.
338 2497 439 2564 Neque
463 2495 520 2546 fuit
544 2509 667 2556 necesse,
693 2491 781 2544 verbo
804 2492 923 2561 proprio
950 2492 980 2544 id
1004 2493 1177 2569 significare,
1211 2496 1288 2563 quod
1313 2512 1349 2548 ex

196 2560 257 2616 tota
271 2565 328 2616 loci
341 2565 416 2619 serie
428 2565 494 2617 satis
513 2563 702 2637 intelligitur,
719 2561 879 2614 Erechthei
894 2562 968 2614 filias
982 2573 1104 2616 inertem
1117 2565 1231 2616 obiisse:
1252 2583 1348 2630 neque

195 2632 291 2686 voluit
302 2634 403 2688 Cicero
415 2635 449 2687 ‹le
469 2643 561 2686 morte
581 2633 710 2696 illarum,
729 2630 822 2684 sedda
835 2632 983 2686 alacritate
1002 2635 1145 2687 moriendi
1164 2635 1349 2688 admonere.“

197 2702 273 2771 Quae
292 2706 408 2775 quidem
428 2707 468 2757 ita
492 2704 589 2774 probo,
618 2711 651 2754 ut
669 2719 785 2754 manum
810 2703 843 2754 ab
868 2703 1042 2758 emendando
1060 2705 1255 2757 abstinentiam
1282 2723 1350 2758 cen·

196 2790 288 2839 aeam3
324 2793 378 2829 nec
394 2792 465 2829 vero
484 2792 517 2827 eo
534 2774 641 2839 valent,
673 2781 715 2838 ut,
739 2773 763 2824 si
781 2772 972 2841 oppetiverunt
998 2774 1029 2826 in
1047 2775 1144 2845 probis
1161 2775 1245 2827 libris
1264 2787 1348 2843 esset,

196 2842 228 2897 id
245 2845 452 2915 repudiandum
470 2863 624 2898 censerem.
662 2843 721 2896 Mr.

268 2917 392 2970 Mortem
419 2914 638 2987 expetiverunt]
679 2913 836 2966 Historiam
861 2915 1043 2985 suppeditant
1069 2914 1260 2983 Apollodorus
1293 2918 1347 2970 lib.

196 2984 249 3041 111.
274 3004 335 3058 cap.
355 2989 429 3053 XIV,
447 2990 473 3042 t.
510 2984 673 3058 Apostolius
692 2984 772 3037 Ceut.
800 2984 860 3050 XV,
879 2988 922 3040 84·
949 2985 1057 3053 aliique
1074 2984 1236 3051 scriptores,
1274 3005 1349 3054 quos

195 3056 313 3111 laudant
330 3059 410 3111 Hier.
431 3056 570 3110 Columna
588 3056 622 3110 ad
639 3054 728 3108 Ennii
747 3055 832 3128 Frage
854 3092 861 3131 .·
871 3072 944 3177 pap.
963 3054 1024 3108 254.
1050 3061 1079 3105 et
1096 3053 1176 3105 Joan.
1204 3056 1349 3109 llleursius

196 3127 232 3183 de
249 3130 319 3204 lleg.
339 3129 443 3182 Athen.
464 3129 502 3192 11,
521 3132 547 3184 9.
566 3145 598 3179 ac
617 3125 706 3178 Cecro
728 3125 770 3176 iae
790 3142 851 3195 cap.
897 3125 909 3176 l
936 3162 943 3176 .
979 3121 1023 3191 D„

266 3218 317 3269 pro
335 3201 395 3252 cita
413 3199 525 3265 eiciam]
546 3197 630 3252 Codd.
652 3196 696 3249 Gn
718 3197 761 3249 .2.
781 3213 854 3247 unus
863 3195 912 3251 Ox.
932 3194 1010 3269 Gud.⁴
1023 3209 1077 3262 pro
1095 3199 1205 3247 morte
1224 3196 1348 3251 cioiums

196 3287 233 3325 ex
251 3289 338 3343 prava
356 3270 562 3324 emendatione.
589 3266 644 3319 Pro
664 3266 724 3317 uita
743 3273 784 3318 est
801 3282 855 3333 pro
872 3263 931 3318 vita
948 3265 1138 3318 contutanda
1154 3284 1182 3317 a.
1204 3267 1241 3319 ad
1258 3269 1349 3322 vitam

194 3341 421 3396 cohaereandam.
458 3342 511 3392 Pro
537 3340 566 3392 ia
584 3336 691 3390 medior
713 3353 786 3387 unus
811 3337 861 3389 Ox.
887 3336 918 3388 ia
935 3335 1034 3391 medio.
1071 3334 1112 3389 De
1131 3339 1349 3393 constructione

195 3413 254 3465 vid.
275 3412 401 3466 Gronov.
430 3410 464 3461 ad
490 3410 553 3460 Liv.
582 3408 629 3461 1x.
649 3409 674 3462 l.
697 3409 738 3461 lo.
766 3425 794 3475 p·
813 3408 857 3460 40.
887 3407 930 3459 ed.
954 3406 1097 3460 Drakenb.
1124 3405 1232 3484 stuttg.
1256 3409 1292 3461 T.
1311 3412 1346 3465 V.

195 3483 263 3537 cod.
284 3482 357 3535 Gud.
377 3480 413 3532 in
430 3479 538 3533 nudior
555 3477 673 3532 immitit
691 3474 704 3527 i
709 3493 727 3528 a
745 3473 843 3528 hortea.
881 3477 963 3531 Unus
981 3478 1031 3530 Ox.
1054 3476 1140 3544 misit,
1160 3479 1233 3532 alius
1251 3478 1347 3534 immi-

194 3552 276 3605 terit.
313 3551 357 3603 Ad
375 3558 549 3603 structuram
576 3549 610 3602 in
629 3547 762 3600 medior
787 3545 909 3600 immisit
933 3544 1025 3599 hoster
1048 3547 1106 3600 vid.
1126 3549 1228 3602 lleinh.
1247 3551 1345 3604 Klotz.

193 3623 226 3675 in
243 3621 343 3674 Jahnii
361 3628 391 3673 et
409 3620 538 3674 Seebodii
556 3619 671 3673 Annall.
689 3614 808 3672 Philelh
828 3617 905 3673 1832.
925 3617 947 3669 1.
970 3621 993 3671 1.
1013 3636 1041 3689 p.
1061 3620 1095 3674 ot
1114 3637 1156 3689 sq.
1194 3621 1253 3675 Mr.

265 3716 339 3763 veste
356 3710 504 3777 famulari]
524 3711 557 3764 ln
575 3710 629 3762 bae
648 3725 680 3762 re
699 3705 868 3770 famularem
886 3704 988 3758 enham
1014 3707 1088 3759 dixit
1108 3709 1194 3760 etiam
1212 3709 1347 3765 Valerius

193 3782 333 3837 Maximus
358 3781 408 3834 lib.
427 3784 460 3834 V.
489 3799 549 3851 cap.
570 3781 619 3843 vt,
640 3784 664 3834 l.
692 3785 750 3830 ext.
778 3778 924 3846 Δρυτόμου
947 3793 1017 3830 vero
1043 3795 1093 3830 seu
1122 3783 1347 3851 φρυγανιστῆρος

193 3855 288 3980 tec
304 3846 1347 3984 elancett0¹rss¹emmeeei..lem

193 3995 274 4047 culus
292 3996 340 4047 ω),
361 3996 383 4048 Ι,
402 4012 435 4047 0,
457 4033 463 4045 ,
483 3996 509 4048 2,
535 4011 551 4044 a
569 3990 672 4060 quibus
698 3986 829 4041 omnibus
853 3987 982 4040 diversus
1009 3989 1068 4041 abit
1087 3989 1128 4043 cl.
1153 3992 1347 4058 Burmannus,

193 4065 261 4118 dum
279 4075 375 4120 nostro
393 4012 565 4130 vJerioque
584 4059 760 4114 reddendum
776 4057 977 4125 manipularem
995 4059 1095 4112 cattam
1113 4063 1241 4116 censuit:
1270 4064 1348 4133 quod

193 4137 307 4190 scilieet
324 4153 414 4189 unum
425 4153 460 4187 ex
478 4131 690 4202 pabulatoribus
707 4129 823 4181 acodro
839 4128 935 4192 fatre
951 4144 1115 4194 percursam
1133 4133 1220 4184 tuisse
1239 4135 1349 4188 scribat

192 4209 340 4261 Maximus.
379 4203 461 4268 Quasi
487 4201 546 4253 falx
572 4201 684 4254 homini
712 4199 820 4251 rustico
850 4198 1047 4273 lignatorique
1074 4220 1133 4254 non
1159 4206 1348 4258 conveniret!

193 4279 293 4331 Livius
311 4279 359 4343 lx,
379 4277 421 4330 36,
459 4273 521 4325 lere
537 4271 681 4338 pastorali
699 4267 804 4331 habitu,
823 4268 984 4335 agrestibus
1002 4271 1076 4335 talia,
1094 4273 1215 4325 falcibus
1234 4276 1350 4342 gareio-

192 4363 245 4415 φα
261 4349 337 4402 binis
355 4344 468 4399 armati.
506 4345 616 4395 Revera
641 4340 718 4394 nihil
744 4340 860 4392 omnino
884 4341 1070 4404 inovendmm
1098 4345 1249 4408 famularis
1268 4349 1349 4400 enim

695 4675 711 4709 Ι
