2828 5070
473 313 602 376 LIBER
615 313 642 393 I,
669 312 721 380 34.
743 312 812 385 35..
1153 317 1217 384 286

59 483 91 544 si
112 488 192 580 ente
212 477 458 559 occidissemus,
489 498 580 542 mors
612 498 671 542 nos
692 498 712 541 s
732 477 841 557 malis,
872 496 938 541 non
970 500 990 543 s
1017 482 1112 547 bonis
1141 486 1216 548 ebs·

58 571 323 729 trax-ldlltlgitur
343 646 473 728 aliquis,
526 647 563 705 ui
590 643 675 705 nihil
695 644 776 706 mali
796 643 928 722 hebeat,
956 647 1084 709 nullum
1105 667 1124 710 s
1144 651 1256 716 ior-35

61 737 146 806 tune
164 729 285 790 vulnus
307 730 490 810 acceperit:
553 729 668 790 etellns
688 727 746 788 ille
764 726 937 789 honoretis
952 737 1095 810 quatuor
1114 730 1256 808 filiis585

61 928 97 940 -
117 894 290 949 ornamentis
313 895 423 964 privati
445 910 575 960 essemus,
601 893 808 960 occidissemus,
837 895 885 948 vel
912 896 944 947 in
962 896 1020 950 line
1038 898 1212 968 scripturus:

60 974 154 1021 marte
172 982 190 1018 a
207 968 300 1030 matie,
319 985 372 1020 non
390 982 408 1018 a
426 968 517 1033 bonis,
537 967 673 1019 abstracti
691 977 824 1021 essemus:
847 967 895 1022 sed
913 984 980 1019 cum
998 977 1135 1022 neutrum
1153 972 1215 1041 pln-

61 1047 154 1103 ceret,
172 1046 206 1089 ut
223 1047 290 1107 pote
309 1039 417 1102 durius,
437 1038 541 1090 maluit
580 1056 595 1090 s
640 1036 876 1111 onegligentius
894 1036 1029 1103 scribere,
1057 1055 1143 1108 quam
1161 1060 1215 1112 pu.

60 1109 124 1162 tide
143 1117 309 1161 accuratum
326 1127 355 1163 se
374 1108 518 1162 exhibere.
554 1056 608 1161 Ed.
627 1109 662 1160 tl.
682 1124 736 1178 pro
760 1113 824 1160 ante
841 1106 927 1161 habet
945 1114 1020 1173 tnnc,
1049 1112 1125 1178 quod
1141 1113 1213 1165 item

61 1180 186 1232 debetur
203 1181 371 1243 correctori,
391 1180 442 1248 qui
461 1181 519 1232 alio
537 1179 621 1231 modo
639 1179 806 1242 sententiae,
890 1196 912 1229 n
929 1195 986 1231 non
1005 1191 1129 1249 caperet,
1154 1201 1214 1236 rne-

61 1251 128 1304 deri
144 1250 244 1303 vellet.
264 1251 338 1303 Gud.
359 1250 483 1320 denique
501 1260 530 1303 et
548 1253 623 1302 Mon.
645 1255 668 1304 l.
687 1249 794 1302 habent
811 1195 934 1324 gfflsm
956 1250 1118 1316 obissemus,
1146 1266 1214 1308 cum
1233 1272 1236 1277 ·

60 1321 135 1374 Edd.
155 1323 184 1372 P.
203 1320 237 1371 A.
256 1321 287 1372 Β.
308 1321 335 1374 S.
354 1322 389 1373 E.
409 1322 439 1374 C.
459 1323 540 1374 Junt.
560 1321 636 1373 Cam.
656 1322 720 1373 Asc.
742 1325 766 1374 1.
786 1321 811 1374 2.
837 1319 945 1373 Sturm.
975 1322 1044 1372 Ven.
1065 1331 1153 1375 nostr.
1173 1334 1213 1390 et,

151 1391 246 1444 lleisk.
266 1393 401 1456 contulit,
420 1394 489 1444 Ven.
512 1397 535 1447 l.
555 1394 580 1447 2.
600 1392 673 1445 Med.
694 1395 718 1446 1.
737 1393 763 1446 2.
782 1389 848 1444 Alc.
884 1392 919 1444 In
936 1391 994 1444 fine
1012 1392 1115 1462 cepitis
1139 1412 1213 1448 unus

134 1462 312 1514 abstraxisse.
342 1465 401 1515 Mr.

135 1551 159 1586 c.
179 1536 223 1588 35.
261 1533 306 1586 Sit
323 1534 418 1601 igitur
436 1533 551 1603 aliquis,
573 1533 630 1603 -qus'
646 1531 719 1588 nihil
733 1532 805 1588 mali
822 1531 948 1600 habeat]
980 1536 1035 1587 Pro
1052 1534 1127 1590 nittt
1142 1537 1210 1592 God.

61 1603 138 1678 Aug.
158 1604 206 1657 m'l.
245 1605 279 1656 ln
297 1622 374 1674 seqq.
404 1604 435 1655 in
458 1605 511 1656 Ed.
530 1604 592 1656 Asc.
613 1608 639 1660 2.
665 1613 708 1658 est
731 1604 882 1672 acceperis.
920 1605 962 1658 Ut
978 1604 1008 1657 h.
1027 1605 1048 1658 l.
1066 1608 1212 1662 Metellum

62 1675 185 1811 Mt?
201 1673 328 1797 gemo,
349 1675 544 1798 Mittit}
556 1675 817 1799 lhssistttt:
835 1675 1211 1802 il‘fflffll‘lill'

61 1816 131 1940 hm
168 1815 287 1869 Aristot.
307 1817 376 1870 Eth.
396 1817 508 1868 Nicom.
529 1817 552 1868 l.
572 1817 611 1869 1⁰.
633 1819 679 1871 14:
705 1814 741 1867 dr
758 1763 923 1885 [lampadio
947 1765 1044 1884 τύχΞις
1069 1820 1211 1891 περιπέσῃ.

148 1887 172 1939 it
190 1888 318 1940 Plotinus
335 1906 363 1957 p.
384 1889 427 1941 32.
464 1887 496 1939 F.
509 1887 646 1940 ereum.

170 1958 269 2011 eteltne
286 1959 336 2011 itte
354 1957 501 2011 honoratis
520 1963 637 2027 quatuor
653 1955 741 2022 filine]
777 1957 881 2023 „Inter
903 1975 968 2011 rsrs
988 1957 1139 2011 -l'elicitstis
1158 1959 1214 2013 hu·

61 2046 163 2082 mense
181 2030 312 2098 exesnpla
330 2037 495 2081 numeratus
513 2037 555 2081 est
573 2027 604 2093 Q.
624 2027 766 2092 Metellus,
793 2029 845 2096 qui
862 2046 878 2080 s
895 2029 991 2099 primo
1014 2029 1137 2104 originis
1155 2032 1212 2099 (lis,

61 2099 99 2154 ad
115 2099 252 2152 ultimum
270 2118 360 2170 usque
379 2099 480 2151 mortis
498 2107 620 2168 tempus,
646 2115 794 2167 nunquam
811 2108 936 2153 cenante
963 2100 1096 2154 fortunae
1114 2103 1214 2157 faven-

65 2171 106 2223 tis
123 2171 315 2244 indulgentia,
343 2171 377 2223 sd
403 2187 546 2222 summum
562 2170 639 2221 vitae
656 2169 753 2222 bestie
777 2169 926 2222 cumulum
943 2174 1106 2238 pervenisse
1123 2174 1215 2228 tradi·

61 2249 123 2294 tur.
160 2243 234 2295 Nam
252 2250 368 2324 praeter
384 2241 507 2294 honores
524 2239 723 2310 sinplissimoe,
751 2255 967 2315 cognomenque
986 2241 1169 2308 Macedonici,
1196 2261 1213 2297 s

62 2312 455 2436 Mtttnfflhttltfflttt
471 2325 627 2436 ‘Mitt’
644 2308 1118 2449 tt⁶‘2t‘nt{l¹¹³1.ttt.⁰¹⁸.tll⁵’
1140 2315 1214 2449 M,

61 2453 198 2536 undecim
216 2401 333 2576 uldfotes
352 2419 483 2522 r’sliquit,
511 2469 600 2503 nurus
622 2466 693 2503 vero
719 2466 916 2534 generosque,
934 2457 962 2502 et
980 2465 1086 2516 omnes,
1099 2400 1163 2520 qdui
1182 2470 1212 2506 se

61 2533 163 2648 inii.
179 2521 950 2671 {tt}ttttntltttttniilltttntt‘t
970 2520 1102 2663 sstttt.
1116 2525 1213 2664 {titt

60 2665 184 2719 ultimae
202 2667 358 2721 senectutis
377 2665 537 2728 defunctus,
555 2663 674 2732 lenique
691 2678 797 2737 genere
815 2663 916 2716 mortis
935 2662 1014 2716 inter
1025 2666 1120 2717 oscula
1134 2683 1214 2719 com-

85 2737 221 2808 lexusque
246 2737 471 2789 clarissimorum
497 2736 525 2805 p'
550 2751 653 2786 norum
668 2733 844 2803 exspiravit.
880 2733 922 2786 De
945 2733 1001 2787 hoc
1024 2737 1060 2788 M.
1081 2736 1114 2788 Τ.
1134 2738 1165 2789 in
1183 2741 1210 2794 5.

61 2755 100 2861 ds
118 2808 182 2860 Fin.
202 2810 246 2877 [V.
266 2811 309 2862 27.
329 2806 385 2872 82]
404 2807 514 2859 Plinius
568 2807 605 2858 11.
623 2801 680 2869 ll]
699 2812 728 2856 et
746 2804 876 2858 Valerius
894 2803 982 2869 [Vlll.
1002 2808 1027 2861 ὅ.
1048 2805 1085 2872 1.]
1110 2809 1213 2863 memi-

63 2880 201 2933 nerunt.“
219 2879 353 2932 Beroald.
375 2904 408 2914 -
443 2878 497 2929 Pro
525 2876 575 2928 itte
600 2893 674 2927 unus
698 2874 748 2928 Ox.
776 2874 861 2929 hehet
879 2876 997 2946 quidem.
1034 2877 1075 2930 De
1095 2881 1213 2933 Metello

62 2950 127 3004 add.
146 2951 303 3074 PlinMVll.
323 2967 348 3001 c.
368 2952 411 3004 1³.
431 2948 506 3002 Sect.
527 2951 568 3005 11.
589 2946 623 3000 ad
640 2962 728 3015 quem
745 2946 841 3000 lomim
863 2946 922 3000 vid.
943 2947 1080 3002 Herduin.
1099 2967 1127 3020 p.
1148 2954 1210 3007 381.

166 3061 173 3073 .
247 3038 271 3072 r.

63 3031 95 3075 et
111 3023 308 3158 figam]
343 3092 436 3167 Vulgo
463 3090 624 3144 honoratas.
661 3090 722 3142 Nec
745 3088 832 3142 aliter
856 3089 993 3142 exhibent
1011 3091 1135 3144 codices.
1171 3091 1212 3143 At

61 3163 120 3216 hoa
139 3165 173 3215 de
191 3163 300 3216 Metelli
320 3162 390 3214 filiis
408 3163 467 3214 dici
484 3162 614 3214 videtur:
642 3169 818 3230 quapropter
840 3159 994 3228 διόρθωσιν
1016 3161 1212 3214 Bentleiansm

63 3234 197 3303 recipere
215 3250 272 3286 non
289 3251 352 3286 sum
368 3234 487 3285 veritus.
525 3232 624 3284 Cicero
643 3232 706 3283 Fin.
726 3232 760 3296 V,
779 3232 821 3284 27.
861 3232 890 3285 O.
911 3230 1042 3284 Metellus
1059 3235 1118 3282 tres
1135 3232 1213 3296 filios

63 3303 195 3359 consules
222 3304 303 3368 vidit,
335 3320 351 3356 e
375 3303 475 3373 quidne
497 3318 581 3355 anum
605 3301 691 3354 etiam
715 3308 742 3354 et
766 3316 907 3354 censorem
936 3306 964 3352 et
989 3299 1213 3368 triumphantem,

65 3382 199 3446 quartum
217 3382 309 3428 antem
325 3381 491 3442 praetorem.
528 3373 583 3425 Adi
602 3373 639 3424 sis
657 3373 743 3425 etiam
760 3372 905 3424 vellelum
923 3372 1104 3424 Paterculusn
1122 3373 1171 3425 lib.
1187 3375 1210 3426 l.

63 3448 198 3570 ttv'll.
215 3450 241 3581 i]
260 3442 1219 3583 tt⁰13tt.t.¹e::t¹etttttmtnnttittttt-

64 3588 160 3641 Amm.
181 3587 344 3639 Marcellini
361 3586 434 3652 XIV,
454 3587 479 3639 5.
500 3583 602 3653 quibus
619 3584 688 3636 adde
705 3584 839 3636 Tacitum
857 3583 929 3636 Hist.
950 3585 973 3649 l,
994 3589 1036 3638 77.
1068 3586 1106 3639 D.

137 3657 296 3724 honoratis]
333 3655 516 3726 „Reponebat
533 3655 601 3706 Dav.
621 3652 774 3721 honoratis,
793 3653 912 3720 veritus,
935 3655 1029 3719 credo,
1056 3674 1093 3711 ne
1110 3676 1215 3728 perum

65 3738 132 3799 apte
160 3730 307 3781 diceretur
328 3737 411 3794 pater
436 3726 585 3779 honoratas
616 3725 696 3790 filiis.
733 3723 780 3776 An
802 3728 878 3778 forte
904 3742 962 3778 non
984 3727 1107 3791 viderat,
1138 3730 1215 3798 quod

66 3801 185 3870 scripsit
202 3800 236 3852 de
255 3800 360 3852 Catone
378 3798 490 3861 Cicero,
510 3797 543 3849 de
562 3795 643 3848 Offic.
663 3797 716 3848 lll.
738 3799 786 3851 16:
820 3802 850 3849 et
869 3796 943 3849 enim
961 3799 1048 3850 ceteri
1071 3815 1105 3850 ex
1120 3800 1215 3867 patri-

66 3872 125 3934 tus,
156 3870 207 3936 ric,
236 3870 285 3940 qni
312 3870 401 3921 lumen
427 3868 501 3920 iilud
520 3864 683 3936 progenuit,
711 3881 745 3918 ee
761 3865 821 3930 filio
840 3874 882 3920 est
900 3867 1091 3921 nominandus.
1117 3896 1147 3907 -
1183 3869 1215 3923 Si

66 3950 151 4012 peter
168 3958 225 3994 non
244 3939 437 3992 honorabatur
448 3939 527 4003 filiis,
547 3956 601 3991 cur
618 3937 769 3989 inductum
786 3937 843 3988 fuit
854 3937 898 3989 ius
909 3939 1001 3990 trium
1018 3939 1216 3999 liberorum‘t“¹

67 4015 205 4081 Anonym.
232 4028 275 4079 ap.
305 4009 404 4063 Otioet.
444 4008 502 4075 [De
529 4010 593 4062 iure
620 4008 712 4061 trium
737 4005 895 4060 liberorum
920 4025 947 4059 v.
974 4010 1043 4063 Lex.
1072 4011 1160 4064 lurid.
1180 4029 1217 4066 cx

66 4084 190 4136 Brisson.
220 4085 332 4135 ilotom.
361 4080 457 4145 Cujac.
485 4099 513 4150 p.
538 4076 620 4144 612]
656 4079 691 4130 ln
714 4078 831 4130 eundem
857 4081 1029 4134 sententiam
1061 4080 1217 4152 disputarit

68 4154 186 4208 Schiitz.
213 4155 329 4222 Opuscc.
357 4171 386 4222 p.
406 4154 466 4207 208.
492 4151 523 4201 in
546 4148 712 4202 Prolusione
742 4166 774 4200 su
794 4166 827 4201 rs
848 4149 977 4204 laudata:
1013 4151 1154 4205 nimirum
1181 4171 1218 4208 ne

68 4235 169 4278 contra
187 4226 317 4277 omnium
335 4223 472 4276 Codicum
489 4237 658 4274 consensum
680 4166 794 4287 aliquid
817 4220 989 4295 corrigatur.
1026 4223 1217 4289 „Honoratum

69 4297 119 4361 sit,
138 4297 267 4366 pertinet
285 4295 320 4347 ed
336 4294 487 4356 honorem,
514 4291 566 4362 qui
591 4309 627 4344 ex
648 4307 752 4364 magne
768 4290 862 4359 prole,
889 4300 918 4343 et
935 4292 1019 4345 felici
1057 4295 1219 4346 otissimum

68 4384 197 4419 successu
216 4374 344 4436 suscepta
362 4365 397 4417 ad
413 4371 526 4433 putrem
544 4361 692 4425 redundet,
718 4359 804 4429 idque
821 4376 879 4412 non
896 4360 932 4415 ad
948 4365 1023 4416 Mete
1048 4381 1097 4415 um
1115 4363 1218 4430 solum,

68 4439 118 4492 sed
143 4438 232 4490 etiam
258 4437 293 4489 ad
319 4436 464 4490 Priamum
489 4431 649 4488 refertur.“
685 4430 765 4486 idem
790 4446 861 4486 vero
884 4431 916 4485 in
940 4431 994 4487 Ed.
1013 4433 1084 4504 Opp-
1104 4433 1164 4488 cic.
1184 4431 1220 4489 sd
