<?xml version="1.0" encoding="UTF-8"?>
<!DOCTYPE html PUBLIC "-//W3C//DTD XHTML 1.0 Transitional//EN"
    "http://www.w3.org/TR/xhtml1/DTD/xhtml1-transitional.dtd">
<html xmlns="http://www.w3.org/1999/xhtml" xml:lang="en" lang="en">
 <head>
  <title>
</title>
<meta http-equiv="Content-Type" content="text/html;charset=utf-8" />
  <meta name='ocr-system' content='tesseract 3.04.00' />
  <meta name='ocr-capabilities' content='ocr_page ocr_carea ocr_par ocr_line ocrx_word'/>
</head>
<body>
  <div class='ocr_page' id='page_1' title='image "./mtulliiciceroni01davigoog_0576.png"; bbox 0 0 2828 5070; ppageno 0'>
   <div class='ocr_carea' id='block_1_1' title="bbox 79 305 1273 395">
    <p class='ocr_par' dir='ltr' id='par_1_1' title="bbox 79 305 1273 395">
     <span class='ocr_line' id='line_1_1' title="bbox 79 305 1273 395; baseline -0.004 -15"><span class='ocrx_word' id='word_1_1' title='bbox 79 332 95 395; x_wconf 60' lang='grc' dir='ltr'>ι</span> <span class='ocrx_word' id='word_1_2' title='bbox 552 305 748 384; x_wconf 76' lang='grc'><strong>1111111111,</strong></span> <span class='ocrx_word' id='word_1_3' title='bbox 772 305 822 372; x_wconf 84' lang='lat' dir='ltr'><strong>ie.</strong></span> <span class='ocrx_word' id='word_1_4' title='bbox 1210 309 1273 375; x_wconf 82' lang='lat' dir='ltr'><strong>sss</strong></span> 
     </span>
    </p>
   </div>
   <div class='ocr_carea' id='block_1_2' title="bbox 79 464 1296 729">
    <p class='ocr_par' dir='ltr' id='par_1_2' title="bbox 79 464 1296 729">
     <span class='ocr_line' id='line_1_2' title="bbox 79 464 1296 563; baseline -0.002 -24"><span class='ocrx_word' id='word_1_5' title='bbox 79 518 97 563; x_wconf 70' lang='grc' dir='ltr'>Ι</span> <span class='ocrx_word' id='word_1_6' title='bbox 117 472 321 540; x_wconf 87' lang='lat' dir='ltr'><strong>credendum</strong></span> <span class='ocrx_word' id='word_1_7' title='bbox 333 482 390 537; x_wconf 88' lang='lat' dir='ltr'><strong>tua</strong></span> <span class='ocrx_word' id='word_1_8' title='bbox 403 472 495 536; x_wconf 88' lang='lat' dir='ltr'><strong>ducit</strong></span> <span class='ocrx_word' id='word_1_9' title='bbox 506 475 627 537; x_wconf 87' lang='lat' dir='ltr'><strong>oratio.</strong></span> <span class='ocrx_word' id='word_1_10' title='bbox 650 471 700 535; x_wconf 90' lang='grc' dir='ltr'><strong>Μ.</strong></span> <span class='ocrx_word' id='word_1_11' title='bbox 712 470 806 534; x_wconf 81' lang='lat' dir='ltr'>Sitne</span> <span class='ocrx_word' id='word_1_12' title='bbox 822 471 830 488; x_wconf 80' lang='lat'>⁸</span> <span class='ocrx_word' id='word_1_13' title='bbox 855 472 927 533; x_wconf 89' lang='lat' dir='ltr'><strong>itur</strong></span> <span class='ocrx_word' id='word_1_14' title='bbox 940 472 1061 535; x_wconf 87' lang='lat' dir='ltr'><strong>malum</strong></span> <span class='ocrx_word' id='word_1_15' title='bbox 1074 472 1200 552; x_wconf 90' lang='lat' dir='ltr'><strong>dolere,</strong></span> <span class='ocrx_word' id='word_1_16' title='bbox 1212 464 1296 537; x_wconf 80' lang='lat' dir='ltr'><strong>nec&#39;</strong></span> 
     </span>
     <span class='ocr_line' id='line_1_3' title="bbox 117 550 1274 637; baseline -0.003 -16"><span class='ocrx_word' id='word_1_17' title='bbox 117 578 172 637; x_wconf 90' lang='lat' dir='ltr'><strong>ne,</strong></span> <span class='ocrx_word' id='word_1_18' title='bbox 194 558 301 621; x_wconf 90' lang='lat' dir='ltr'><strong>Stoici</strong></span> <span class='ocrx_word' id='word_1_19' title='bbox 310 556 476 621; x_wconf 83' lang='lat' dir='ltr'><strong>viderint:</strong></span> <span class='ocrx_word' id='word_1_20' title='bbox 499 558 556 636; x_wconf 91' lang='lat' dir='ltr'><strong>qui</strong></span> <span class='ocrx_word' id='word_1_21' title='bbox 568 556 767 618; x_wconf 85' lang='lat' dir='ltr'><strong>contortulis</strong></span> <span class='ocrx_word' id='word_1_22' title='bbox 787 557 842 636; x_wconf 92' lang='lat' dir='ltr'><strong>qui</strong></span> <span class='ocrx_word' id='word_1_23' title='bbox 866 550 981 616; x_wconf 88' lang='lat' dir='ltr'><strong>usdam</strong></span> <span class='ocrx_word' id='word_1_24' title='bbox 994 564 1027 617; x_wconf 88' lang='lat' dir='ltr'><strong>et</strong></span> <span class='ocrx_word' id='word_1_25' title='bbox 1039 558 1175 619; x_wconf 87' lang='lat' dir='ltr'><strong>minutis</strong></span> <span class='ocrx_word' id='word_1_26' title='bbox 1193 577 1274 620; x_wconf 90' lang='lat' dir='ltr'><strong>con-</strong></span> 
     </span>
     <span class='ocr_line' id='line_1_4' title="bbox 79 637 1274 729; baseline -0.002 -25"><span class='ocrx_word' id='word_1_27' title='bbox 79 684 95 729; x_wconf 70' lang='lat'><strong>,</strong></span> <span class='ocrx_word' id='word_1_28' title='bbox 118 641 347 717; x_wconf 86' lang='lat' dir='ltr'><strong>clusiunculis,</strong></span> <span class='ocrx_word' id='word_1_29' title='bbox 369 659 430 701; x_wconf 90' lang='lat' dir='ltr'><strong>nec</strong></span> <span class='ocrx_word' id='word_1_30' title='bbox 451 637 494 700; x_wconf 88' lang='lat' dir='ltr'><strong>sd</strong></span> <span class='ocrx_word' id='word_1_31' title='bbox 515 658 630 701; x_wconf 86' lang='lat' dir='ltr'><strong>sensus</strong></span> <span class='ocrx_word' id='word_1_32' title='bbox 651 638 936 719; x_wconf 77' lang='lat' dir='ltr'><strong>permanantibus,</strong></span> <span class='ocrx_word' id='word_1_33' title='bbox 958 639 1047 699; x_wconf 82' lang='lat' dir='ltr'><strong>effici</strong></span> <span class='ocrx_word' id='word_1_34' title='bbox 1067 641 1187 702; x_wconf 83' lang='lat' dir='ltr'><strong>volunt</strong></span> <span class='ocrx_word' id='word_1_35' title='bbox 1207 660 1274 702; x_wconf 91' lang='lat' dir='ltr'><strong>non</strong></span> 
     </span>
    </p>
   </div>
   <div class='ocr_carea' id='block_1_3' title="bbox 79 770 1354 1248">
    <p class='ocr_par' dir='ltr' id='par_1_3' title="bbox 79 770 1276 902">
     <span class='ocr_line' id='line_1_5' title="bbox 79 770 1276 902; baseline 0.005 -23"><span class='ocrx_word' id='word_1_36' title='bbox 79 770 93 895; x_wconf 58' lang='grc' dir='ltr'>ἒ</span> <span class='ocrx_word' id='word_1_37' title='bbox 120 829 288 898; x_wconf 73' lang='lat' dir='ltr'><strong>respiciens,</strong></span> <span class='ocrx_word' id='word_1_38' title='bbox 308 827 383 879; x_wconf 89' lang='lat' dir='ltr'><strong>unde</strong></span> <span class='ocrx_word' id='word_1_39' title='bbox 402 826 626 902; x_wconf 78' lang='lat' dir='ltr'><strong>intelligendum</strong></span> <span class='ocrx_word' id='word_1_40' title='bbox 644 833 687 878; x_wconf 87' lang='lat' dir='ltr'><strong>est</strong></span> <span class='ocrx_word' id='word_1_41' title='bbox 705 824 774 894; x_wconf 78' lang='lat' dir='ltr'><strong>quid</strong></span> <span class='ocrx_word' id='word_1_42' title='bbox 795 823 914 877; x_wconf 83' lang='lat' dir='ltr'><strong>sentiam</strong></span> <span class='ocrx_word' id='word_1_43' title='bbox 937 826 971 878; x_wconf 81' lang='lat' dir='ltr'><strong>tle</strong></span> <span class='ocrx_word' id='word_1_44' title='bbox 995 826 1059 879; x_wconf 88' lang='lat' dir='ltr'><strong>iure</strong></span> <span class='ocrx_word' id='word_1_45' title='bbox 1081 825 1181 881; x_wconf 77' lang='lat' dir='ltr'><strong>ciuili?</strong></span> <span class='ocrx_word' id='word_1_46' title='bbox 1216 830 1276 884; x_wconf 83' lang='lat' dir='ltr'><strong>No·</strong></span> 
     </span>
    </p>

    <p class='ocr_par' dir='ltr' id='par_1_4' title="bbox 119 895 1277 975">
     <span class='ocr_line' id='line_1_6' title="bbox 119 895 1277 975; baseline 0.004 -25"><span class='ocrx_word' id='word_1_47' title='bbox 119 907 180 952; x_wconf 88' lang='lat' dir='ltr'><strong>stro</strong></span> <span class='ocrx_word' id='word_1_48' title='bbox 199 899 263 951; x_wconf 92' lang='lat' dir='ltr'><strong>loco</strong></span> <span class='ocrx_word' id='word_1_49' title='bbox 282 916 314 951; x_wconf 89' lang='lat' dir='ltr'><strong>ea</strong></span> <span class='ocrx_word' id='word_1_50' title='bbox 333 898 509 950; x_wconf 84' lang='lat' dir='ltr'><strong>constructio</strong></span> <span class='ocrx_word' id='word_1_51' title='bbox 528 906 581 961; x_wconf 87' lang='lat' dir='ltr'><strong>est,</strong></span> <span class='ocrx_word' id='word_1_52' title='bbox 600 897 681 948; x_wconf 84' lang='lat' dir='ltr'><strong>cuius</strong></span> <span class='ocrx_word' id='word_1_53' title='bbox 699 896 784 965; x_wconf 87' lang='lat' dir='ltr'><strong>plura</strong></span> <span class='ocrx_word' id='word_1_54' title='bbox 809 895 906 948; x_wconf 84' lang='lat' dir='ltr'><strong>addidi</strong></span> <span class='ocrx_word' id='word_1_55' title='bbox 931 896 1070 967; x_wconf 84' lang='lat' dir='ltr'><strong>exempla.</strong></span> <span class='ocrx_word' id='word_1_56' title='bbox 1105 898 1277 975; x_wconf 82' lang='lat' dir='ltr'><strong>intelligen-</strong></span> 
     </span>
    </p>

    <p class='ocr_par' dir='ltr' id='par_1_5' title="bbox 79 965 1353 1037">
     <span class='ocr_line' id='line_1_7' title="bbox 79 965 1353 1037; baseline 0.004 -16"><span class='ocrx_word' id='word_1_57' title='bbox 79 965 90 971; x_wconf 81' lang='grc'><em>“</em></span> <span class='ocrx_word' id='word_1_58' title='bbox 119 969 189 1021; x_wconf 89' lang='lat' dir='ltr'><strong>dum</strong></span> <span class='ocrx_word' id='word_1_59' title='bbox 206 986 276 1022; x_wconf 85' lang='lat' dir='ltr'><strong>vero</strong></span> <span class='ocrx_word' id='word_1_60' title='bbox 295 968 399 1020; x_wconf 86' lang='lat' dir='ltr'><strong>talibus</strong></span> <span class='ocrx_word' id='word_1_61' title='bbox 418 968 498 1032; x_wconf 87' lang='lat' dir='ltr'><strong>locis,</strong></span> <span class='ocrx_word' id='word_1_62' title='bbox 518 983 576 1019; x_wconf 92' lang='lat' dir='ltr'><strong>non</strong></span> <span class='ocrx_word' id='word_1_63' title='bbox 594 984 630 1019; x_wconf 86' lang='lat' dir='ltr'><strong>ex</strong></span> <span class='ocrx_word' id='word_1_64' title='bbox 648 966 890 1030; x_wconf 81' lang='lat' dir='ltr'><strong>antecedentibus,</strong></span> <span class='ocrx_word' id='word_1_65' title='bbox 914 966 962 1019; x_wconf 86' lang='lat' dir='ltr'><strong>sed</strong></span> <span class='ocrx_word' id='word_1_66' title='bbox 987 984 1024 1020; x_wconf 79' lang='lat' dir='ltr'><strong>ex</strong></span> <span class='ocrx_word' id='word_1_67' title='bbox 1045 968 1134 1037; x_wconf 88' lang='lat' dir='ltr'><strong>ipsius</strong></span> <span class='ocrx_word' id='word_1_68' title='bbox 1153 971 1278 1026; x_wconf 91' lang='lat' dir='ltr'><strong>interro-</strong></span> <span class='ocrx_word' id='word_1_69' title='bbox 1351 992 1353 997; x_wconf 61' lang='lat'><strong><em>¹</em></strong></span> 
     </span>
    </p>

    <p class='ocr_par' dir='ltr' id='par_1_6' title="bbox 79 1026 1277 1133">
     <span class='ocr_line' id='line_1_8' title="bbox 79 1026 1277 1133; baseline 0.006 -43"><span class='ocrx_word' id='word_1_70' title='bbox 79 1026 91 1133; x_wconf 50' lang='grc' dir='ltr'>ἱ</span> <span class='ocrx_word' id='word_1_71' title='bbox 120 1039 246 1114; x_wconf 78' lang='lat' dir='ltr'><strong>gationis</strong></span> <span class='ocrx_word' id='word_1_72' title='bbox 265 1039 422 1091; x_wconf 80' lang='lat' dir='ltr'><strong>sententia:</strong></span> <span class='ocrx_word' id='word_1_73' title='bbox 452 1039 548 1104; x_wconf 76' lang='lat' dir='ltr'><strong>Egone</strong></span> <span class='ocrx_word' id='word_1_74' title='bbox 566 1052 597 1090; x_wconf 91' lang='lat' dir='ltr'><strong>eo</strong></span> <span class='ocrx_word' id='word_1_75' title='bbox 615 1038 751 1101; x_wconf 86' lang='lat' dir='ltr'><strong>adducar,</strong></span> <span class='ocrx_word' id='word_1_76' title='bbox 774 1043 856 1087; x_wconf 90' lang='lat' dir='ltr'><strong>ut-</strong></span> <span class='ocrx_word' id='word_1_77' title='bbox 874 1036 924 1089; x_wconf 85' lang='lat' dir='ltr'><strong>vel</strong></span> <span class='ocrx_word' id='word_1_78' title='bbox 946 1037 1043 1105; x_wconf 77' lang='lat' dir='ltr'><strong>ligone</strong></span> <span class='ocrx_word' id='word_1_79' title='bbox 1067 1045 1124 1091; x_wconf 85' lang='lat' dir='ltr'><strong>tarn</strong></span> <span class='ocrx_word' id='word_1_80' title='bbox 1151 1042 1206 1095; x_wconf 88' lang='lat' dir='ltr'><strong>sim</strong></span> <span class='ocrx_word' id='word_1_81' title='bbox 1224 1041 1277 1097; x_wconf 86' lang='lat' dir='ltr'><strong>im·</strong></span> 
     </span>
    </p>

    <p class='ocr_par' dir='ltr' id='par_1_7' title="bbox 121 1108 1354 1248">
     <span class='ocr_line' id='line_1_9' title="bbox 121 1108 1354 1179; baseline -0.005 -17"><span class='ocrx_word' id='word_1_82' title='bbox 121 1109 239 1179; x_wconf 81' lang='lat' dir='ltr'><strong>pudens,</strong></span> <span class='ocrx_word' id='word_1_83' title='bbox 258 1109 388 1172; x_wconf 85' lang='lat' dir='ltr'><strong>stolidus,</strong></span> <span class='ocrx_word' id='word_1_84' title='bbox 407 1108 588 1178; x_wconf 83' lang='lat' dir='ltr'><strong>importunus,</strong></span> <span class='ocrx_word' id='word_1_85' title='bbox 607 1115 637 1159; x_wconf 90' lang='lat' dir='ltr'><strong>ut</strong></span> <span class='ocrx_word' id='word_1_86' title='bbox 657 1109 711 1159; x_wconf 74' lang='lat' dir='ltr'><strong>-t</strong></span> <span class='ocrx_word' id='word_1_87' title='bbox 749 1108 809 1171; x_wconf 85' lang='lat' dir='ltr'><strong>Mr.</strong></span> <span class='ocrx_word' id='word_1_88' title='bbox 1350 1139 1354 1148; x_wconf 76' lang='lat'><em>·</em></span> 
     </span>
     <span class='ocr_line' id='line_1_10' title="bbox 193 1175 1278 1248; baseline 0.007 -18"><span class='ocrx_word' id='word_1_89' title='bbox 193 1195 227 1232; x_wconf 90' lang='lat' dir='ltr'><strong>ne</strong></span> <span class='ocrx_word' id='word_1_90' title='bbox 254 1177 304 1232; x_wconf 84' lang='lat' dir='ltr'><strong>ttoc</strong></span> <span class='ocrx_word' id='word_1_91' title='bbox 331 1180 441 1247; x_wconf 71' lang='lat' dir='ltr'><strong>quidem</strong></span> <span class='ocrx_word' id='word_1_92' title='bbox 468 1178 586 1246; x_wconf 72' lang='lat' dir='ltr'><strong>ostien]</strong></span> <span class='ocrx_word' id='word_1_93' title='bbox 622 1177 705 1231; x_wconf 81' lang='lat' dir='ltr'><strong>vind.</strong></span> <span class='ocrx_word' id='word_1_94' title='bbox 728 1180 751 1232; x_wconf 92' lang='lat'><strong>1.</strong></span> <span class='ocrx_word' id='word_1_95' title='bbox 780 1175 870 1230; x_wconf 85' lang='lat' dir='ltr'><strong>uelim.</strong></span> <span class='ocrx_word' id='word_1_96' title='bbox 900 1179 1011 1231; x_wconf 81' lang='lat' dir='ltr'><strong>Nissen.</strong></span> <span class='ocrx_word' id='word_1_97' title='bbox 1031 1179 1112 1232; x_wconf 81' lang='lat' dir='ltr'><strong>adh.</strong></span> <span class='ocrx_word' id='word_1_98' title='bbox 1132 1180 1168 1235; x_wconf 88' lang='lat' dir='ltr'><strong>l.:</strong></span> <span class='ocrx_word' id='word_1_99' title='bbox 1206 1184 1278 1248; x_wconf 81' lang='lat' dir='ltr'><strong>„An</strong></span> 
     </span>
    </p>
   </div>
   <div class='ocr_carea' id='block_1_4' title="bbox 79 1248 1340 4500">
    <p class='ocr_par' dir='ltr' id='par_1_8' title="bbox 79 1248 1340 4500">
     <span class='ocr_line' id='line_1_11' title="bbox 79 1248 1279 1325; baseline 0.007 -24"><span class='ocrx_word' id='word_1_100' title='bbox 79 1264 83 1276; x_wconf 93' lang='lat'><em>·</em></span> <span class='ocrx_word' id='word_1_101' title='bbox 123 1250 217 1325; x_wconf 77' lang='lat' dir='ltr'><strong>igitur</strong></span> <span class='ocrx_word' id='word_1_102' title='bbox 235 1249 348 1318; x_wconf 86' lang='lat' dir='ltr'><strong>aliquid</strong></span> <span class='ocrx_word' id='word_1_103' title='bbox 364 1250 497 1302; x_wconf 83' lang='lat' dir='ltr'><strong>volebat?</strong></span> <span class='ocrx_word' id='word_1_104' title='bbox 534 1249 612 1314; x_wconf 84' lang='lat' dir='ltr'><strong>Quod</strong></span> <span class='ocrx_word' id='word_1_105' title='bbox 631 1249 655 1300; x_wconf 87' lang='lat' dir='ltr'><strong>si</strong></span> <span class='ocrx_word' id='word_1_106' title='bbox 672 1248 761 1300; x_wconf 90' lang='lat' dir='ltr'><strong>lectio</strong></span> <span class='ocrx_word' id='word_1_107' title='bbox 780 1265 861 1299; x_wconf 88' lang='lat' dir='ltr'><strong>sana:</strong></span> <span class='ocrx_word' id='word_1_108' title='bbox 883 1248 1030 1322; x_wconf 77' lang='lat' dir='ltr'><strong>intelligo:</strong></span> <span class='ocrx_word' id='word_1_109' title='bbox 1051 1252 1150 1304; x_wconf 75' lang='lat' dir='ltr'><strong>etesium</strong></span> <span class='ocrx_word' id='word_1_110' title='bbox 1167 1253 1279 1324; x_wconf 81' lang='lat' dir='ltr'><strong>aliquid</strong></span> 
     </span>
     <span class='ocr_line' id='line_1_12' title="bbox 79 1312 1279 1390; baseline 0.002 -16"><span class='ocrx_word' id='word_1_111' title='bbox 79 1312 89 1349; x_wconf 81' lang='lat'>¹</span> <span class='ocrx_word' id='word_1_112' title='bbox 121 1320 325 1374; x_wconf 79' lang='lat' dir='ltr'><strong>contradicere.</strong></span> <span class='ocrx_word' id='word_1_113' title='bbox 363 1320 419 1373; x_wconf 86' lang='lat' dir='ltr'><strong>Sed</strong></span> <span class='ocrx_word' id='word_1_114' title='bbox 443 1319 517 1372; x_wconf 90' lang='lat' dir='ltr'><strong>mihi</strong></span> <span class='ocrx_word' id='word_1_115' title='bbox 539 1320 661 1389; x_wconf 77' lang='lat' dir='ltr'><strong>¹quidem</strong></span> <span class='ocrx_word' id='word_1_116' title='bbox 687 1318 743 1369; x_wconf 92' lang='lat' dir='ltr'><strong>hoc</strong></span> <span class='ocrx_word' id='word_1_117' title='bbox 768 1317 865 1370; x_wconf 89' lang='lat' dir='ltr'><strong>ieiune</strong></span> <span class='ocrx_word' id='word_1_118' title='bbox 889 1318 1000 1371; x_wconf 87' lang='lat' dir='ltr'><strong>dictum</strong></span> <span class='ocrx_word' id='word_1_119' title='bbox 1024 1320 1149 1375; x_wconf 85' lang='lat' dir='ltr'><strong>videtur.</strong></span> <span class='ocrx_word' id='word_1_120' title='bbox 1187 1325 1279 1390; x_wconf 85' lang='lat' dir='ltr'><strong>Quare</strong></span> 
     </span>
     <span class='ocr_line' id='line_1_13' title="bbox 122 1389 1281 1471; baseline -0.004 -26"><span class='ocrx_word' id='word_1_121' title='bbox 122 1392 262 1445; x_wconf 83' lang='lat' dir='ltr'><strong>excidisse</strong></span> <span class='ocrx_word' id='word_1_122' title='bbox 280 1391 373 1442; x_wconf 86' lang='lat' dir='ltr'><strong>uideri</strong></span> <span class='ocrx_word' id='word_1_123' title='bbox 390 1399 500 1460; x_wconf 85' lang='lat' dir='ltr'><strong>putem,</strong></span> <span class='ocrx_word' id='word_1_124' title='bbox 518 1406 571 1459; x_wconf 86' lang='lat' dir='ltr'><strong>pro</strong></span> <span class='ocrx_word' id='word_1_125' title='bbox 590 1399 637 1442; x_wconf 88' lang='lat' dir='ltr'><strong>ter</strong></span> <span class='ocrx_word' id='word_1_126' title='bbox 655 1389 774 1459; x_wconf 79' lang='lat' dir='ltr'><strong>quidem,</strong></span> <span class='ocrx_word' id='word_1_127' title='bbox 801 1397 834 1439; x_wconf 91' lang='lat' dir='ltr'><strong>ut</strong></span> <span class='ocrx_word' id='word_1_128' title='bbox 853 1389 1008 1471; x_wconf 72' lang='lat' dir='ltr'><strong>legendum</strong></span> <span class='ocrx_word' id='word_1_129' title='bbox 1033 1391 1086 1444; x_wconf 88' lang='lat' dir='ltr'><strong>sit:</strong></span> <span class='ocrx_word' id='word_1_130' title='bbox 1112 1400 1147 1446; x_wconf 82' lang='lat' dir='ltr'><strong>ne&#39;</strong></span> <span class='ocrx_word' id='word_1_131' title='bbox 1168 1392 1219 1448; x_wconf 76' lang='lat' dir='ltr'><strong>boc</strong></span> <span class='ocrx_word' id='word_1_132' title='bbox 1236 1398 1281 1451; x_wconf 73' lang='lat' dir='ltr'><strong>vi.</strong></span> 
     </span>
     <span class='ocr_line' id='line_1_14' title="bbox 79 1458 1281 1536; baseline -0.006 -19"><span class='ocrx_word' id='word_1_133' title='bbox 79 1458 86 1519; x_wconf 84' lang='lat' dir='ltr'><strong>l</strong></span> <span class='ocrx_word' id='word_1_134' title='bbox 121 1461 187 1517; x_wconf 85' lang='lat' dir='ltr'><strong>deri</strong></span> <span class='ocrx_word' id='word_1_135' title='bbox 205 1461 315 1531; x_wconf 82' lang='lat' dir='ltr'><strong>quidem</strong></span> <span class='ocrx_word' id='word_1_136' title='bbox 333 1460 460 1514; x_wconf 84' lang='lat' dir='ltr'><strong>oettem.“</strong></span> <span class='ocrx_word' id='word_1_137' title='bbox 488 1461 561 1514; x_wconf 87' lang='lat' dir='ltr'><strong>Satis</strong></span> <span class='ocrx_word' id='word_1_138' title='bbox 576 1461 633 1513; x_wconf 85' lang='lat' dir='ltr'><strong>ecit</strong></span> <span class='ocrx_word' id='word_1_139' title='bbox 651 1458 795 1514; x_wconf 61' lang='lat' dir='ltr'><strong>ewaldi</strong></span> <span class='ocrx_word' id='word_1_140' title='bbox 814 1458 978 1528; x_wconf 82' lang='lat' dir='ltr'><strong>explicatio,</strong></span> <span class='ocrx_word' id='word_1_141' title='bbox 1006 1478 1093 1531; x_wconf 88' lang='lat' dir='ltr'><strong>quam</strong></span> <span class='ocrx_word' id='word_1_142' title='bbox 1117 1465 1149 1516; x_wconf 86' lang='lat' dir='ltr'><strong>in</strong></span> <span class='ocrx_word' id='word_1_143' title='bbox 1176 1484 1281 1536; x_wconf 65' lang='lat' dir='ltr'><strong>paren.</strong></span> 
     </span>
     <span class='ocr_line' id='line_1_15' title="bbox 79 1529 1278 1600; baseline 0.003 -15"><span class='ocrx_word' id='word_1_144' title='bbox 79 1536 88 1575; x_wconf 72' lang='lat' dir='ltr'><strong>l</strong></span> <span class='ocrx_word' id='word_1_145' title='bbox 123 1533 199 1586; x_wconf 86' lang='lat' dir='ltr'><strong>thesi</strong></span> <span class='ocrx_word' id='word_1_146' title='bbox 218 1532 343 1584; x_wconf 87' lang='lat' dir='ltr'><strong>addidit:</strong></span> <span class='ocrx_word' id='word_1_147' title='bbox 362 1532 476 1584; x_wconf 84' lang='lat' dir='ltr'><strong>mollem</strong></span> <span class='ocrx_word' id='word_1_148' title='bbox 494 1538 520 1583; x_wconf 90' lang='lat' dir='ltr'><strong>te</strong></span> <span class='ocrx_word' id='word_1_149' title='bbox 536 1529 698 1599; x_wconf 74' lang='lat' dir='ltr'><strong>perrexisse</strong></span> <span class='ocrx_word' id='word_1_150' title='bbox 717 1529 843 1582; x_wconf 85' lang='lat' dir='ltr'><strong>dicendo.</strong></span> <span class='ocrx_word' id='word_1_151' title='bbox 881 1532 947 1583; x_wconf 87' lang='lat' dir='ltr'><strong>Mox</strong></span> <span class='ocrx_word' id='word_1_152' title='bbox 964 1547 1018 1600; x_wconf 91' lang='lat' dir='ltr'><strong>pro</strong></span> <span class='ocrx_word' id='word_1_153' title='bbox 1037 1532 1114 1585; x_wconf 88' lang='lat' dir='ltr'><strong>ducit</strong></span> <span class='ocrx_word' id='word_1_154' title='bbox 1133 1536 1188 1588; x_wconf 89' lang='lat' dir='ltr'><strong>duo</strong></span> <span class='ocrx_word' id='word_1_155' title='bbox 1208 1538 1278 1592; x_wconf 83' lang='lat' dir='ltr'><strong>Oxx.</strong></span> 
     </span>
     <span class='ocr_line' id='line_1_16' title="bbox 79 1600 1281 1675; baseline 0.004 -17"><span class='ocrx_word' id='word_1_156' title='bbox 79 1606 85 1640; x_wconf 79' lang='lat'><em>¹</em></span> <span class='ocrx_word' id='word_1_157' title='bbox 123 1603 240 1667; x_wconf 85' lang='lat' dir='ltr'><strong>inducit,</strong></span> <span class='ocrx_word' id='word_1_158' title='bbox 261 1620 333 1654; x_wconf 89' lang='lat' dir='ltr'><strong>unus</strong></span> <span class='ocrx_word' id='word_1_159' title='bbox 352 1602 469 1656; x_wconf 83' lang='lat' dir='ltr'><strong>deducit.</strong></span> <span class='ocrx_word' id='word_1_160' title='bbox 507 1601 558 1655; x_wconf 94' lang='lat' dir='ltr'><strong>llli</strong></span> <span class='ocrx_word' id='word_1_161' title='bbox 583 1617 640 1654; x_wconf 92' lang='lat' dir='ltr'><strong>non</strong></span> <span class='ocrx_word' id='word_1_162' title='bbox 663 1600 751 1653; x_wconf 83' lang='lat' dir='ltr'><strong>inste:</strong></span> <span class='ocrx_word' id='word_1_163' title='bbox 781 1616 953 1675; x_wconf 76' lang='lat' dir='ltr'><strong>quemquam</strong></span> <span class='ocrx_word' id='word_1_164' title='bbox 976 1602 1136 1657; x_wconf 83' lang='lat' dir='ltr'><strong>adducendi</strong></span> <span class='ocrx_word' id='word_1_165' title='bbox 1158 1609 1281 1664; x_wconf 83' lang='lat' dir='ltr'><strong>verbum</strong></span> 
     </span>
     <span class='ocr_line' id='line_1_17' title="bbox 79 1669 1281 1740; baseline 0.003 -14"><span class='ocrx_word' id='word_1_166' title='bbox 79 1678 85 1713; x_wconf 84' lang='lat'><strong>¹</strong></span> <span class='ocrx_word' id='word_1_167' title='bbox 124 1675 156 1726; x_wconf 92' lang='lat' dir='ltr'><strong>in</strong></span> <span class='ocrx_word' id='word_1_168' title='bbox 173 1675 228 1726; x_wconf 89' lang='lat' dir='ltr'><strong>hac</strong></span> <span class='ocrx_word' id='word_1_169' title='bbox 245 1673 393 1726; x_wconf 90' lang='lat' dir='ltr'><strong>locutione</strong></span> <span class='ocrx_word' id='word_1_170' title='bbox 412 1672 503 1738; x_wconf 61' lang='lat' dir='ltr'><strong>inagis</strong></span> <span class='ocrx_word' id='word_1_171' title='bbox 523 1680 565 1724; x_wconf 85' lang='lat' dir='ltr'><strong>est</strong></span> <span class='ocrx_word' id='word_1_172' title='bbox 583 1689 619 1724; x_wconf 87' lang='lat' dir='ltr'><strong>ex</strong></span> <span class='ocrx_word' id='word_1_173' title='bbox 637 1689 690 1723; x_wconf 89' lang='lat' dir='ltr'><strong>usu</strong></span> <span class='ocrx_word' id='word_1_174' title='bbox 708 1672 769 1723; x_wconf 81' lang='lat' dir='ltr'><strong>Cic.</strong></span> <span class='ocrx_word' id='word_1_175' title='bbox 790 1669 897 1723; x_wconf 84' lang='lat' dir='ltr'><strong>Ducere</strong></span> <span class='ocrx_word' id='word_1_176' title='bbox 908 1671 948 1723; x_wconf 85' lang='lat' dir='ltr'><strong>ita</strong></span> <span class='ocrx_word' id='word_1_177' title='bbox 956 1673 1081 1740; x_wconf 86' lang='lat' dir='ltr'><strong>positum</strong></span> <span class='ocrx_word' id='word_1_178' title='bbox 1096 1676 1199 1730; x_wconf 83' lang='lat' dir='ltr'><strong>rarius.</strong></span> <span class='ocrx_word' id='word_1_179' title='bbox 1219 1680 1281 1737; x_wconf 86' lang='lat' dir='ltr'><strong>Mr.</strong></span> 
     </span>
     <span class='ocr_line' id='line_1_18' title="bbox 79 1740 1281 1810; baseline 0.001 -13"><span class='ocrx_word' id='word_1_180' title='bbox 79 1748 84 1784; x_wconf 80' lang='lat'>¹</span> <span class='ocrx_word' id='word_1_181' title='bbox 195 1744 273 1797; x_wconf 80' lang='lat' dir='ltr'><strong>Sitne</strong></span> <span class='ocrx_word' id='word_1_182' title='bbox 292 1743 386 1810; x_wconf 80' lang='lat' dir='ltr'><strong>igitur</strong></span> <span class='ocrx_word' id='word_1_183' title='bbox 403 1743 505 1796; x_wconf 80' lang='lat' dir='ltr'><strong>malon</strong></span> <span class='ocrx_word' id='word_1_184' title='bbox 524 1742 681 1808; x_wconf 65' lang='lat' dir='ltr'><strong>dotem]</strong></span> <span class='ocrx_word' id='word_1_185' title='bbox 718 1740 943 1794; x_wconf 82' lang='lat' dir='ltr'><strong>Adsententiam</strong></span> <span class='ocrx_word' id='word_1_186' title='bbox 962 1742 1021 1794; x_wconf 88' lang='lat' dir='ltr'><strong>vid.</strong></span> <span class='ocrx_word' id='word_1_187' title='bbox 1038 1745 1075 1796; x_wconf 90' lang='grc'><strong>11.</strong></span> <span class='ocrx_word' id='word_1_188' title='bbox 1097 1748 1137 1801; x_wconf 79' lang='lat'><strong>12.</strong></span> <span class='ocrx_word' id='word_1_189' title='bbox 1163 1751 1207 1805; x_wconf 75' lang='lat'><strong>29.</strong></span> <span class='ocrx_word' id='word_1_190' title='bbox 1227 1753 1281 1805; x_wconf 65' lang='lat' dir='ltr'><strong>Pro</strong></span> 
     </span>
     <span class='ocr_line' id='line_1_19' title="bbox 79 1802 1280 1881; baseline -0.001 -12"><span class='ocrx_word' id='word_1_191' title='bbox 79 1802 85 1855; x_wconf 84' lang='lat' dir='ltr'><strong>t</strong></span> <span class='ocrx_word' id='word_1_192' title='bbox 123 1816 219 1869; x_wconf 72' lang='lat' dir='ltr'><strong>soem</strong></span> <span class='ocrx_word' id='word_1_193' title='bbox 243 1815 394 1867; x_wconf 59' lang='lat' dir='ltr'><strong>estnon-unt</strong></span> <span class='ocrx_word' id='word_1_194' title='bbox 418 1815 496 1867; x_wconf 75' lang='lat' dir='ltr'><strong>sotor</strong></span> <span class='ocrx_word' id='word_1_195' title='bbox 521 1816 558 1865; x_wconf 88' lang='grc'><strong>11.</strong></span> <span class='ocrx_word' id='word_1_196' title='bbox 577 1814 610 1864; x_wconf 87' lang='grc'><strong>1..</strong></span> <span class='ocrx_word' id='word_1_197' title='bbox 640 1812 703 1864; x_wconf 69' lang='lat' dir='ltr'><strong>car.</strong></span> <span class='ocrx_word' id='word_1_198' title='bbox 730 1810 829 1881; x_wconf 80' lang='lat' dir='ltr'><strong>steph.</strong></span> <span class='ocrx_word' id='word_1_199' title='bbox 857 1811 965 1864; x_wconf 70' lang='lat' dir='ltr'><strong>stum.</strong></span> <span class='ocrx_word' id='word_1_200' title='bbox 994 1813 1059 1866; x_wconf 80' lang='lat' dir='ltr'><strong>nis.</strong></span> <span class='ocrx_word' id='word_1_201' title='bbox 1088 1817 1169 1869; x_wconf 78' lang='lat' dir='ltr'><strong>noui.</strong></span> <span class='ocrx_word' id='word_1_202' title='bbox 1198 1821 1280 1875; x_wconf 69' lang='lat' dir='ltr'><strong>nmt.</strong></span> 
     </span>
     <span class='ocr_line' id='line_1_20' title="bbox 79 1881 1280 1954; baseline 0 -15"><span class='ocrx_word' id='word_1_203' title='bbox 79 1893 82 1923; x_wconf 84' lang='lat'><em>¹</em></span> <span class='ocrx_word' id='word_1_204' title='bbox 130 1885 216 1938; x_wconf 88' lang='lat' dir='ltr'><strong>Goth.</strong></span> <span class='ocrx_word' id='word_1_205' title='bbox 238 1885 323 1937; x_wconf 83' lang='lat' dir='ltr'><strong>Leod.</strong></span> <span class='ocrx_word' id='word_1_206' title='bbox 344 1884 423 1954; x_wconf 79' lang='lat' dir='ltr'><strong>sylb.</strong></span> <span class='ocrx_word' id='word_1_207' title='bbox 443 1884 565 1938; x_wconf 87' lang='lat' dir='ltr'><strong>HWolt.</strong></span> <span class='ocrx_word' id='word_1_208' title='bbox 587 1882 660 1934; x_wconf 83' lang='lat' dir='ltr'><strong>Lall.</strong></span> <span class='ocrx_word' id='word_1_209' title='bbox 680 1881 825 1936; x_wconf 74' lang='lat' dir='ltr'><strong>FAWotr.</strong></span> <span class='ocrx_word' id='word_1_210' title='bbox 842 1881 932 1936; x_wconf 79' lang='lat' dir='ltr'><strong>Schs.</strong></span> <span class='ocrx_word' id='word_1_211' title='bbox 953 1883 1000 1937; x_wconf 90' lang='lat' dir='ltr'><strong>0r.</strong></span> <span class='ocrx_word' id='word_1_212' title='bbox 1021 1884 1085 1938; x_wconf 85' lang='lat' dir='ltr'><strong>Duo</strong></span> <span class='ocrx_word' id='word_1_213' title='bbox 1103 1886 1189 1942; x_wconf 82' lang='lat' dir='ltr'><strong>Godd.</strong></span> <span class='ocrx_word' id='word_1_214' title='bbox 1210 1892 1280 1946; x_wconf 82' lang='lat' dir='ltr'><strong>Oxx.</strong></span> 
     </span>
     <span class='ocr_line' id='line_1_21' title="bbox 126 1952 1340 2036; baseline 0.005 -28"><span class='ocrx_word' id='word_1_215' title='bbox 126 1957 182 2008; x_wconf 89' lang='lat' dir='ltr'><strong>duo</strong></span> <span class='ocrx_word' id='word_1_216' title='bbox 201 1955 390 2019; x_wconf 67' lang='lat' dir='ltr'><strong>bellemensi,</strong></span> <span class='ocrx_word' id='word_1_217' title='bbox 419 1955 586 2017; x_wconf 81' lang='lat' dir='ltr'><strong>assentiunt,</strong></span> <span class='ocrx_word' id='word_1_218' title='bbox 606 1954 672 2006; x_wconf 77' lang='lat' dir='ltr'><strong>cns.</strong></span> <span class='ocrx_word' id='word_1_219' title='bbox 692 1952 765 2036; x_wconf 74' lang='lat' dir='ltr'><strong>Aug.</strong></span> <span class='ocrx_word' id='word_1_220' title='bbox 787 1961 826 2018; x_wconf 90' lang='lat' dir='ltr'><strong>et,</strong></span> <span class='ocrx_word' id='word_1_221' title='bbox 844 1962 878 2004; x_wconf 91' lang='lat' dir='ltr'><strong>ut</strong></span> <span class='ocrx_word' id='word_1_222' title='bbox 895 1970 931 2005; x_wconf 84' lang='lat' dir='ltr'><strong>ex</strong></span> <span class='ocrx_word' id='word_1_223' title='bbox 949 1953 1104 2009; x_wconf 79' lang='lat' dir='ltr'><strong>collatione</strong></span> <span class='ocrx_word' id='word_1_224' title='bbox 1123 1970 1220 2014; x_wconf 85' lang='lat' dir='ltr'><strong>nostra</strong></span> <span class='ocrx_word' id='word_1_225' title='bbox 1237 1963 1282 2014; x_wconf 87' lang='lat' dir='ltr'><strong>vi·</strong></span> <span class='ocrx_word' id='word_1_226' title='bbox 1339 1964 1340 1968; x_wconf 72' lang='grc'>’</span> 
     </span>
     <span class='ocr_line' id='line_1_22' title="bbox 126 2023 1282 2099; baseline 0 -20"><span class='ocrx_word' id='word_1_227' title='bbox 126 2026 188 2079; x_wconf 89' lang='lat' dir='ltr'><strong>deri</strong></span> <span class='ocrx_word' id='word_1_228' title='bbox 211 2026 308 2094; x_wconf 86' lang='lat' dir='ltr'><strong>possit,</strong></span> <span class='ocrx_word' id='word_1_229' title='bbox 338 2027 408 2099; x_wconf 79' lang='lat' dir='ltr'><strong>Reg.</strong></span> <span class='ocrx_word' id='word_1_230' title='bbox 447 2023 502 2078; x_wconf 89' lang='lat' dir='ltr'><strong>Sed</strong></span> <span class='ocrx_word' id='word_1_231' title='bbox 527 2025 589 2076; x_wconf 84' lang='lat' dir='ltr'><strong>sine</strong></span> <span class='ocrx_word' id='word_1_232' title='bbox 615 2023 700 2076; x_wconf 89' lang='lat' dir='ltr'><strong>dubio</strong></span> <span class='ocrx_word' id='word_1_233' title='bbox 723 2023 773 2076; x_wconf 84' lang='lat' dir='ltr'><strong>luc</strong></span> <span class='ocrx_word' id='word_1_234' title='bbox 796 2040 862 2075; x_wconf 89' lang='lat' dir='ltr'><strong>cum</strong></span> <span class='ocrx_word' id='word_1_235' title='bbox 885 2023 1009 2092; x_wconf 87' lang='lat' dir='ltr'><strong>reliquis</strong></span> <span class='ocrx_word' id='word_1_236' title='bbox 1040 2028 1170 2083; x_wconf 83' lang='lat' dir='ltr'><strong>omnibus</strong></span> <span class='ocrx_word' id='word_1_237' title='bbox 1195 2032 1282 2086; x_wconf 74' lang='lat' dir='ltr'><strong>habet</strong></span> 
     </span>
     <span class='ocr_line' id='line_1_23' title="bbox 127 2094 1280 2168; baseline -0.001 -17"><span class='ocrx_word' id='word_1_238' title='bbox 127 2098 234 2160; x_wconf 85' lang='lat' dir='ltr'><strong>dolere,</strong></span> <span class='ocrx_word' id='word_1_239' title='bbox 254 2113 320 2148; x_wconf 86' lang='lat' dir='ltr'><strong>cum</strong></span> <span class='ocrx_word' id='word_1_240' title='bbox 337 2097 406 2148; x_wconf 86' lang='lat' dir='ltr'><strong>Dav.</strong></span> <span class='ocrx_word' id='word_1_241' title='bbox 427 2096 468 2148; x_wconf 82' lang='lat' dir='ltr'><strong>its</strong></span> <span class='ocrx_word' id='word_1_242' title='bbox 486 2095 619 2159; x_wconf 82' lang='lat' dir='ltr'><strong>ediderit,</strong></span> <span class='ocrx_word' id='word_1_243' title='bbox 637 2094 716 2145; x_wconf 87' lang='lat' dir='ltr'><strong>nihil</strong></span> <span class='ocrx_word' id='word_1_244' title='bbox 734 2111 861 2158; x_wconf 83' lang='lat' dir='ltr'><strong>monens,</strong></span> <span class='ocrx_word' id='word_1_245' title='bbox 885 2111 938 2147; x_wconf 91' lang='lat' dir='ltr'><strong>nee</strong></span> <span class='ocrx_word' id='word_1_246' title='bbox 956 2095 1166 2168; x_wconf 76' lang='lat' dir='ltr'><strong>hullemannus,</strong></span> <span class='ocrx_word' id='word_1_247' title='bbox 1188 2103 1280 2156; x_wconf 81' lang='lat' dir='ltr'><strong>Bouh.</strong></span> 
     </span>
     <span class='ocr_line' id='line_1_24' title="bbox 125 2165 1284 2240; baseline 0.001 -18"><span class='ocrx_word' id='word_1_248' title='bbox 125 2177 155 2222; x_wconf 92' lang='lat' dir='ltr'><strong>et</strong></span> <span class='ocrx_word' id='word_1_249' title='bbox 172 2166 265 2220; x_wconf 86' lang='lat' dir='ltr'><strong>Bentl.</strong></span> <span class='ocrx_word' id='word_1_250' title='bbox 286 2167 338 2236; x_wconf 84' lang='lat' dir='ltr'><strong>qui</strong></span> <span class='ocrx_word' id='word_1_251' title='bbox 357 2167 545 2236; x_wconf 86' lang='lat' dir='ltr'><strong>inspexerunt</strong></span> <span class='ocrx_word' id='word_1_252' title='bbox 563 2165 694 2240; x_wconf 78' lang='lat' dir='ltr'><strong>Regium,</strong></span> <span class='ocrx_word' id='word_1_253' title='bbox 714 2165 780 2218; x_wconf 91' lang='lat' dir='ltr'><strong>inde</strong></span> <span class='ocrx_word' id='word_1_254' title='bbox 799 2165 880 2217; x_wconf 83' lang='lat' dir='ltr'><strong>dolor</strong></span> <span class='ocrx_word' id='word_1_255' title='bbox 901 2166 1090 2234; x_wconf 87' lang='lat' dir='ltr'><strong>protulerint,</strong></span> <span class='ocrx_word' id='word_1_256' title='bbox 1116 2171 1191 2226; x_wconf 83' lang='lat' dir='ltr'><strong>Gud.</strong></span> <span class='ocrx_word' id='word_1_257' title='bbox 1211 2190 1284 2228; x_wconf 81' lang='lat' dir='ltr'><strong>vero</strong></span> 
     </span>
     <span class='ocr_line' id='line_1_25' title="bbox 127 2234 1282 2310; baseline 0.001 -19"><span class='ocrx_word' id='word_1_258' title='bbox 127 2245 152 2295; x_wconf 93' lang='lat' dir='ltr'><strong>l.</strong></span> <span class='ocrx_word' id='word_1_259' title='bbox 173 2247 202 2291; x_wconf 90' lang='lat' dir='ltr'><strong>et</strong></span> <span class='ocrx_word' id='word_1_260' title='bbox 220 2239 303 2292; x_wconf 90' lang='lat' dir='ltr'><strong>Bern.</strong></span> <span class='ocrx_word' id='word_1_261' title='bbox 325 2238 376 2307; x_wconf 82' lang='lat' dir='ltr'><strong>qui</strong></span> <span class='ocrx_word' id='word_1_262' title='bbox 395 2237 426 2288; x_wconf 90' lang='lat' dir='ltr'><strong>in</strong></span> <span class='ocrx_word' id='word_1_263' title='bbox 443 2238 590 2307; x_wconf 87' lang='lat' dir='ltr'><strong>plerisque</strong></span> <span class='ocrx_word' id='word_1_264' title='bbox 608 2254 674 2288; x_wconf 89' lang='lat' dir='ltr'><strong>cum</strong></span> <span class='ocrx_word' id='word_1_265' title='bbox 692 2237 761 2310; x_wconf 82' lang='lat' dir='ltr'><strong>lieg.</strong></span> <span class='ocrx_word' id='word_1_266' title='bbox 782 2235 904 2300; x_wconf 80' lang='lat' dir='ltr'><strong>iaciunt,</strong></span> <span class='ocrx_word' id='word_1_267' title='bbox 923 2234 1044 2289; x_wconf 80' lang='lat' dir='ltr'><strong>habeant</strong></span> <span class='ocrx_word' id='word_1_268' title='bbox 1072 2239 1176 2307; x_wconf 82' lang='lat' dir='ltr'><strong>dolere,</strong></span> <span class='ocrx_word' id='word_1_269' title='bbox 1200 2245 1282 2298; x_wconf 72' lang='lat' dir='ltr'><strong>cuiue</strong></span> 
     </span>
     <span class='ocr_line' id='line_1_26' title="bbox 125 2306 1283 2385; baseline 0.004 -23"><span class='ocrx_word' id='word_1_270' title='bbox 125 2310 219 2385; x_wconf 82' lang='lat' dir='ltr'><strong>glossa</strong></span> <span class='ocrx_word' id='word_1_271' title='bbox 236 2308 353 2361; x_wconf 84' lang='lat' dir='ltr'><strong>videtur</strong></span> <span class='ocrx_word' id='word_1_272' title='bbox 372 2308 463 2374; x_wconf 86' lang='lat' dir='ltr'><strong>dolor,</strong></span> <span class='ocrx_word' id='word_1_273' title='bbox 484 2325 555 2375; x_wconf 88' lang='lat' dir='ltr'><strong>quae</strong></span> <span class='ocrx_word' id='word_1_274' title='bbox 573 2307 659 2377; x_wconf 87' lang='lat' dir='ltr'><strong>plane</strong></span> <span class='ocrx_word' id='word_1_275' title='bbox 678 2323 735 2357; x_wconf 90' lang='lat' dir='ltr'><strong>non</strong></span> <span class='ocrx_word' id='word_1_276' title='bbox 754 2315 797 2358; x_wconf 87' lang='lat' dir='ltr'><strong>est</strong></span> <span class='ocrx_word' id='word_1_277' title='bbox 814 2306 982 2370; x_wconf 79' lang='lat' dir='ltr'><strong>necessaris,</strong></span> <span class='ocrx_word' id='word_1_278' title='bbox 1006 2324 1073 2359; x_wconf 91' lang='lat' dir='ltr'><strong>cum</strong></span> <span class='ocrx_word' id='word_1_279' title='bbox 1092 2327 1158 2363; x_wconf 81' lang='lat' dir='ltr'><strong>mox</strong></span> <span class='ocrx_word' id='word_1_280' title='bbox 1176 2314 1211 2366; x_wconf 89' lang='lat' dir='ltr'><strong>ad</strong></span> <span class='ocrx_word' id='word_1_281' title='bbox 1233 2332 1283 2366; x_wconf 85' lang='lat' dir='ltr'><strong>va-</strong></span> 
     </span>
     <span class='ocr_line' id='line_1_27' title="bbox 126 2376 1283 2438; baseline -0.002 -6"><span class='ocrx_word' id='word_1_282' title='bbox 126 2380 256 2433; x_wconf 84' lang='lat' dir='ltr'><strong>riandam</strong></span> <span class='ocrx_word' id='word_1_283' title='bbox 274 2379 435 2431; x_wconf 83' lang='lat' dir='ltr'><strong>orationem</strong></span> <span class='ocrx_word' id='word_1_284' title='bbox 453 2379 566 2431; x_wconf 89' lang='lat' dir='ltr'><strong>redeat:</strong></span> <span class='ocrx_word' id='word_1_285' title='bbox 587 2393 642 2431; x_wconf 89' lang='lat' dir='ltr'><strong>non</strong></span> <span class='ocrx_word' id='word_1_286' title='bbox 660 2392 720 2429; x_wconf 86' lang='lat' dir='ltr'><strong>esse</strong></span> <span class='ocrx_word' id='word_1_287' title='bbox 738 2376 845 2429; x_wconf 83' lang='lat' dir='ltr'><strong>mulum</strong></span> <span class='ocrx_word' id='word_1_288' title='bbox 863 2376 1030 2430; x_wconf 83' lang='lat' dir='ltr'><strong>datorem.</strong></span> <span class='ocrx_word' id='word_1_289' title='bbox 1059 2379 1111 2431; x_wconf 74' lang='lat' dir='ltr'><strong>Ed.</strong></span> <span class='ocrx_word' id='word_1_290' title='bbox 1131 2380 1164 2433; x_wconf 80' lang='lat' dir='ltr'><strong>A.</strong></span> <span class='ocrx_word' id='word_1_291' title='bbox 1186 2385 1283 2438; x_wconf 74' lang='lat' dir='ltr'><strong>dolore</strong></span> 
     </span>
     <span class='ocr_line' id='line_1_28' title="bbox 128 2446 1284 2520; baseline -0.003 -16"><span class='ocrx_word' id='word_1_292' title='bbox 128 2453 194 2504; x_wconf 84' lang='lat' dir='ltr'><strong>Mox</strong></span> <span class='ocrx_word' id='word_1_293' title='bbox 212 2451 285 2501; x_wconf 84' lang='lat' dir='ltr'><strong>Mon.</strong></span> <span class='ocrx_word' id='word_1_294' title='bbox 306 2453 331 2504; x_wconf 78' lang='lat'><strong>2.</strong></span> <span class='ocrx_word' id='word_1_295' title='bbox 352 2447 443 2502; x_wconf 78' lang='lat' dir='ltr'><strong>Stoici</strong></span> <span class='ocrx_word' id='word_1_296' title='bbox 461 2447 523 2517; x_wconf 88' lang='lat' dir='ltr'><strong>qui</strong></span> <span class='ocrx_word' id='word_1_297' title='bbox 533 2449 607 2501; x_wconf 82' lang='lat' dir='ltr'><strong>dens</strong></span> <span class='ocrx_word' id='word_1_298' title='bbox 624 2447 766 2500; x_wconf 82' lang='lat' dir='ltr'><strong>uiderint:</strong></span> <span class='ocrx_word' id='word_1_299' title='bbox 785 2465 857 2499; x_wconf 84' lang='lat' dir='ltr'><strong>unns</strong></span> <span class='ocrx_word' id='word_1_300' title='bbox 876 2448 926 2500; x_wconf 87' lang='lat' dir='ltr'><strong>Ox.</strong></span> <span class='ocrx_word' id='word_1_301' title='bbox 946 2446 1070 2514; x_wconf 74' lang='lat' dir='ltr'><strong>uideam,</strong></span> <span class='ocrx_word' id='word_1_302' title='bbox 1090 2453 1167 2520; x_wconf 83' lang='lat' dir='ltr'><strong>quod</strong></span> <span class='ocrx_word' id='word_1_303' title='bbox 1185 2456 1284 2508; x_wconf 74' lang='lat' dir='ltr'><strong>esevol</strong></span> 
     </span>
     <span class='ocr_line' id='line_1_29' title="bbox 129 2519 1284 2588; baseline 0.004 -15"><span class='ocrx_word' id='word_1_304' title='bbox 129 2520 309 2588; x_wconf 83' lang='lat' dir='ltr'><strong>interpretis,</strong></span> <span class='ocrx_word' id='word_1_305' title='bbox 328 2519 378 2571; x_wconf 86' lang='lat' dir='ltr'><strong>vel</strong></span> <span class='ocrx_word' id='word_1_306' title='bbox 395 2519 576 2584; x_wconf 86' lang='lat' dir='ltr'><strong>correctoris,</strong></span> <span class='ocrx_word' id='word_1_307' title='bbox 597 2520 723 2587; x_wconf 85' lang='lat' dir='ltr'><strong>quinon</strong></span> <span class='ocrx_word' id='word_1_308' title='bbox 750 2526 844 2570; x_wconf 87' lang='lat' dir='ltr'><strong>nosset</strong></span> <span class='ocrx_word' id='word_1_309' title='bbox 869 2536 953 2569; x_wconf 88' lang='lat' dir='ltr'><strong>usum</strong></span> <span class='ocrx_word' id='word_1_310' title='bbox 971 2519 1201 2575; x_wconf 79' lang='lat' dir='ltr'><strong>ciceronianum.</strong></span> <span class='ocrx_word' id='word_1_311' title='bbox 1238 2526 1284 2580; x_wconf 85' lang='lat' dir='ltr'><strong>Ad</strong></span> 
     </span>
     <span class='ocr_line' id='line_1_30' title="bbox 127 2587 1282 2663; baseline 0.003 -19"><span class='ocrx_word' id='word_1_312' title='bbox 127 2590 301 2644; x_wconf 84' lang='lat' dir='ltr'><strong>sententiam</strong></span> <span class='ocrx_word' id='word_1_313' title='bbox 317 2588 484 2641; x_wconf 81' lang='lat' dir='ltr'><strong>Beroaldus:</strong></span> <span class='ocrx_word' id='word_1_314' title='bbox 517 2590 583 2642; x_wconf 91' lang='lat' dir='ltr'><strong>Non</strong></span> <span class='ocrx_word' id='word_1_315' title='bbox 600 2588 665 2640; x_wconf 84' lang='lat' dir='ltr'><strong>vult</strong></span> <span class='ocrx_word' id='word_1_316' title='bbox 683 2588 783 2642; x_wconf 86' lang='lat' dir='ltr'><strong>Cicero</strong></span> <span class='ocrx_word' id='word_1_317' title='bbox 808 2605 915 2663; x_wconf 79' lang='lat' dir='ltr'><strong>negare</strong></span> <span class='ocrx_word' id='word_1_318' title='bbox 939 2587 1069 2642; x_wconf 85' lang='lat' dir='ltr'><strong>dolorem</strong></span> <span class='ocrx_word' id='word_1_319' title='bbox 1088 2608 1146 2646; x_wconf 88' lang='lat' dir='ltr'><strong>esse</strong></span> <span class='ocrx_word' id='word_1_320' title='bbox 1163 2596 1282 2663; x_wconf 81' lang='lat' dir='ltr'><strong>malum,</strong></span> 
     </span>
     <span class='ocr_line' id='line_1_31' title="bbox 129 2659 1284 2731; baseline 0.006 -17"><span class='ocrx_word' id='word_1_321' title='bbox 129 2661 206 2731; x_wconf 88' lang='lat' dir='ltr'><strong>quod</strong></span> <span class='ocrx_word' id='word_1_322' title='bbox 224 2661 335 2711; x_wconf 81' lang='lat' dir='ltr'><strong>iaciunt</strong></span> <span class='ocrx_word' id='word_1_323' title='bbox 359 2659 464 2711; x_wconf 88' lang='lat' dir='ltr'><strong>Stoici:</strong></span> <span class='ocrx_word' id='word_1_324' title='bbox 491 2660 540 2712; x_wconf 90' lang='lat' dir='ltr'><strong>sed</strong></span> <span class='ocrx_word' id='word_1_325' title='bbox 562 2660 711 2711; x_wconf 87' lang='lat' dir='ltr'><strong>ostendere</strong></span> <span class='ocrx_word' id='word_1_326' title='bbox 739 2676 804 2711; x_wconf 83' lang='lat' dir='ltr'><strong>euin</strong></span> <span class='ocrx_word' id='word_1_327' title='bbox 828 2676 886 2711; x_wconf 85' lang='lat' dir='ltr'><strong>esse</strong></span> <span class='ocrx_word' id='word_1_328' title='bbox 904 2659 1086 2714; x_wconf 87' lang='lat' dir='ltr'><strong>tolerabilem</strong></span> <span class='ocrx_word' id='word_1_329' title='bbox 1110 2672 1140 2716; x_wconf 92' lang='lat' dir='ltr'><strong>et</strong></span> <span class='ocrx_word' id='word_1_330' title='bbox 1163 2667 1284 2721; x_wconf 85' lang='lat' dir='ltr'><strong>fortiter</strong></span> 
     </span>
     <span class='ocr_line' id='line_1_32' title="bbox 129 2729 1237 2797; baseline 0.003 -14"><span class='ocrx_word' id='word_1_331' title='bbox 129 2730 290 2785; x_wconf 89' lang='lat' dir='ltr'><strong>ferendum.</strong></span> <span class='ocrx_word' id='word_1_332' title='bbox 310 2729 405 2781; x_wconf 89' lang='lat' dir='ltr'><strong>Duisb.</strong></span> <span class='ocrx_word' id='word_1_333' title='bbox 424 2729 510 2781; x_wconf 90' lang='lat' dir='ltr'><strong>habet</strong></span> <span class='ocrx_word' id='word_1_334' title='bbox 530 2731 653 2782; x_wconf 86' lang='lat' dir='ltr'><strong>dolorem</strong></span> <span class='ocrx_word' id='word_1_335' title='bbox 672 2729 790 2781; x_wconf 81' lang='lat' dir='ltr'><strong>maturus</strong></span> <span class='ocrx_word' id='word_1_336' title='bbox 811 2737 839 2782; x_wconf 92' lang='lat' dir='ltr'><strong>et</strong></span> <span class='ocrx_word' id='word_1_337' title='bbox 858 2746 943 2797; x_wconf 87' lang='lat' dir='ltr'><strong>supra</strong></span> <span class='ocrx_word' id='word_1_338' title='bbox 961 2730 1013 2782; x_wconf 85' lang='lat' dir='ltr'><strong>lin.</strong></span> <span class='ocrx_word' id='word_1_339' title='bbox 1034 2732 1137 2787; x_wconf 82' lang='lat' dir='ltr'><strong>dolere.</strong></span> <span class='ocrx_word' id='word_1_340' title='bbox 1176 2738 1237 2790; x_wconf 86' lang='lat' dir='ltr'><strong>Mr.</strong></span> 
     </span>
     <span class='ocr_line' id='line_1_33' title="bbox 201 2799 1284 2867; baseline -0.002 -13"><span class='ocrx_word' id='word_1_341' title='bbox 201 2799 370 2854; x_wconf 87' lang='lat' dir='ltr'><strong>contortulis</strong></span> <span class='ocrx_word' id='word_1_342' title='bbox 389 2799 553 2867; x_wconf 84' lang='lat' dir='ltr'><strong>quibusdam</strong></span> <span class='ocrx_word' id='word_1_343' title='bbox 572 2806 599 2852; x_wconf 90' lang='lat' dir='ltr'><strong>et</strong></span> <span class='ocrx_word' id='word_1_344' title='bbox 617 2799 734 2852; x_wconf 75' lang='lat' dir='ltr'><strong>nunutis</strong></span> <span class='ocrx_word' id='word_1_345' title='bbox 752 2799 998 2866; x_wconf 83' lang='lat' dir='ltr'><strong>conclusiunculis]</strong></span> <span class='ocrx_word' id='word_1_346' title='bbox 1035 2804 1119 2856; x_wconf 81' lang='lat' dir='ltr'><strong>vind.</strong></span> <span class='ocrx_word' id='word_1_347' title='bbox 1140 2808 1165 2861; x_wconf 79' lang='grc'><strong>2.</strong></span> <span class='ocrx_word' id='word_1_348' title='bbox 1192 2814 1284 2862; x_wconf 88' lang='lat' dir='ltr'><strong>tortu.</strong></span> 
     </span>
     <span class='ocr_line' id='line_1_34' title="bbox 130 2869 1286 2945; baseline 0.007 -21"><span class='ocrx_word' id='word_1_349' title='bbox 130 2872 177 2925; x_wconf 87' lang='lat' dir='ltr'><strong>lis.</strong></span> <span class='ocrx_word' id='word_1_350' title='bbox 198 2872 286 2925; x_wconf 86' lang='lat' dir='ltr'><strong>Rehd.</strong></span> <span class='ocrx_word' id='word_1_351' title='bbox 307 2870 379 2945; x_wconf 78' lang='lat' dir='ltr'><strong>Aug.</strong></span> <span class='ocrx_word' id='word_1_352' title='bbox 401 2879 429 2923; x_wconf 90' lang='lat' dir='ltr'><strong>et</strong></span> <span class='ocrx_word' id='word_1_353' title='bbox 455 2889 529 2922; x_wconf 88' lang='lat' dir='ltr'><strong>unus</strong></span> <span class='ocrx_word' id='word_1_354' title='bbox 547 2873 597 2925; x_wconf 85' lang='lat' dir='ltr'><strong>Ox.</strong></span> <span class='ocrx_word' id='word_1_355' title='bbox 616 2886 677 2922; x_wconf 89' lang='lat' dir='ltr'><strong>cum</strong></span> <span class='ocrx_word' id='word_1_356' title='bbox 695 2869 823 2923; x_wconf 87' lang='lat' dir='ltr'><strong>lortutis:</strong></span> <span class='ocrx_word' id='word_1_357' title='bbox 851 2871 925 2922; x_wconf 81' lang='lat' dir='ltr'><strong>alius</strong></span> <span class='ocrx_word' id='word_1_358' title='bbox 948 2878 1011 2923; x_wconf 90' lang='lat' dir='ltr'><strong>tunc</strong></span> <span class='ocrx_word' id='word_1_359' title='bbox 1038 2876 1160 2928; x_wconf 86' lang='lat' dir='ltr'><strong>tortutis.</strong></span> <span class='ocrx_word' id='word_1_360' title='bbox 1198 2879 1286 2932; x_wconf 86' lang='lat' dir='ltr'><strong>Amat</strong></span> 
     </span>
     <span class='ocr_line' id='line_1_35' title="bbox 131 2940 1287 3010; baseline 0.005 -14"><span class='ocrx_word' id='word_1_361' title='bbox 131 2943 232 2996; x_wconf 86' lang='lat' dir='ltr'><strong>Cicero</strong></span> <span class='ocrx_word' id='word_1_362' title='bbox 258 2943 288 2992; x_wconf 92' lang='lat' dir='ltr'><strong>in</strong></span> <span class='ocrx_word' id='word_1_363' title='bbox 316 2941 369 2994; x_wconf 86' lang='lat' dir='ltr'><strong>llac</strong></span> <span class='ocrx_word' id='word_1_364' title='bbox 395 2958 427 2993; x_wconf 90' lang='lat' dir='ltr'><strong>re</strong></span> <span class='ocrx_word' id='word_1_365' title='bbox 450 2940 796 3010; x_wconf 82' lang='lat' dir='ltr'><strong>contorquendiverbn1n‚</strong></span> <span class='ocrx_word' id='word_1_366' title='bbox 823 2959 850 2992; x_wconf 85' lang='lat' dir='ltr'><strong>v.</strong></span> <span class='ocrx_word' id='word_1_367' title='bbox 870 2957 895 2992; x_wconf 92' lang='lat' dir='ltr'><strong>c.</strong></span> <span class='ocrx_word' id='word_1_368' title='bbox 915 2940 949 2992; x_wconf 91' lang='lat' dir='ltr'><strong>de</strong></span> <span class='ocrx_word' id='word_1_369' title='bbox 966 2941 1031 2993; x_wconf 84' lang='lat' dir='ltr'><strong>Div.</strong></span> <span class='ocrx_word' id='word_1_370' title='bbox 1052 2945 1089 2996; x_wconf 90' lang='grc'><strong>11.</strong></span> <span class='ocrx_word' id='word_1_371' title='bbox 1109 2950 1158 3002; x_wconf 87' lang='lat' dir='ltr'><strong>bl:</strong></span> <span class='ocrx_word' id='word_1_372' title='bbox 1184 2950 1287 3005; x_wconf 82' lang='lat' dir='ltr'><strong>deinde</strong></span> 
     </span>
     <span class='ocr_line' id='line_1_36' title="bbox 130 3010 1287 3082; baseline 0.003 -16"><span class='ocrx_word' id='word_1_373' title='bbox 130 3018 364 3082; x_wconf 81' lang='lat' dir='ltr'><strong>contorquent</strong></span> <span class='ocrx_word' id='word_1_374' title='bbox 382 3017 409 3065; x_wconf 90' lang='lat' dir='ltr'><strong>et</strong></span> <span class='ocrx_word' id='word_1_375' title='bbox 428 3013 470 3066; x_wconf 89' lang='lat' dir='ltr'><strong>ita</strong></span> <span class='ocrx_word' id='word_1_376' title='bbox 489 3011 714 3065; x_wconf 85' lang='lat' dir='ltr'><strong>concludunt.</strong></span> <span class='ocrx_word' id='word_1_377' title='bbox 734 3011 818 3064; x_wconf 86' lang='lat' dir='ltr'><strong>Tusc.</strong></span> <span class='ocrx_word' id='word_1_378' title='bbox 836 3011 888 3064; x_wconf 89' lang='lat'><strong>111.</strong></span> <span class='ocrx_word' id='word_1_379' title='bbox 910 3014 959 3065; x_wconf 84' lang='lat'><strong>1⁰:</strong></span> <span class='ocrx_word' id='word_1_380' title='bbox 978 3010 1047 3066; x_wconf 83' lang='lat' dir='ltr'><strong>laec</strong></span> <span class='ocrx_word' id='word_1_381' title='bbox 1064 3015 1108 3068; x_wconf 86' lang='lat' dir='ltr'><strong>sic</strong></span> <span class='ocrx_word' id='word_1_382' title='bbox 1126 3049 1158 3060; x_wconf 95' lang='lat'>-</span> <span class='ocrx_word' id='word_1_383' title='bbox 1178 3035 1196 3070; x_wconf 93' lang='lat' dir='ltr'><strong>a</strong></span> <span class='ocrx_word' id='word_1_384' title='bbox 1209 3019 1287 3074; x_wconf 82' lang='lat' dir='ltr'><strong>Stoi·</strong></span> 
     </span>
     <span class='ocr_line' id='line_1_37' title="bbox 132 3081 1288 3152; baseline 0.006 -16"><span class='ocrx_word' id='word_1_385' title='bbox 132 3084 176 3136; x_wconf 89' lang='lat' dir='ltr'><strong>cis</strong></span> <span class='ocrx_word' id='word_1_386' title='bbox 203 3084 467 3137; x_wconf 84' lang='lat' dir='ltr'><strong>concluduntur</strong></span> <span class='ocrx_word' id='word_1_387' title='bbox 492 3114 524 3125; x_wconf 90' lang='lat'>-</span> <span class='ocrx_word' id='word_1_388' title='bbox 550 3082 762 3136; x_wconf 84' lang='lat' dir='ltr'><strong>contortius.</strong></span> <span class='ocrx_word' id='word_1_389' title='bbox 805 3081 847 3133; x_wconf 87' lang='lat' dir='ltr'><strong>De</strong></span> <span class='ocrx_word' id='word_1_390' title='bbox 871 3081 942 3134; x_wconf 81' lang='lat' dir='ltr'><strong>Fato</strong></span> <span class='ocrx_word' id='word_1_391' title='bbox 969 3085 1000 3137; x_wconf 76' lang='lat'><strong>8:</strong></span> <span class='ocrx_word' id='word_1_392' title='bbox 1040 3090 1288 3152; x_wconf 83' lang='lat' dir='ltr'><strong>contortiones</strong></span> 
     </span>
     <span class='ocr_line' id='line_1_38' title="bbox 132 3151 1288 3222; baseline -0.002 -16"><span class='ocrx_word' id='word_1_393' title='bbox 132 3155 274 3207; x_wconf 85' lang='lat' dir='ltr'><strong>orationis</strong></span> <span class='ocrx_word' id='word_1_394' title='bbox 293 3153 462 3222; x_wconf 80' lang='lat' dir='ltr'><strong>[Chrysippi</strong></span> <span class='ocrx_word' id='word_1_395' title='bbox 481 3152 593 3217; x_wconf 86' lang='lat' dir='ltr'><strong>Stoici].</strong></span> <span class='ocrx_word' id='word_1_396' title='bbox 613 3153 683 3205; x_wconf 90' lang='lat' dir='ltr'><strong>lbid.</strong></span> <span class='ocrx_word' id='word_1_397' title='bbox 704 3152 814 3204; x_wconf 89' lang='lat' dir='ltr'><strong>dicitnr</strong></span> <span class='ocrx_word' id='word_1_398' title='bbox 832 3151 989 3222; x_wconf 79' lang='lat' dir='ltr'><strong>Chrysippi</strong></span> <span class='ocrx_word' id='word_1_399' title='bbox 1006 3171 1095 3221; x_wconf 81' lang='lat' dir='ltr'><strong>genus</strong></span> <span class='ocrx_word' id='word_1_400' title='bbox 1116 3162 1288 3216; x_wconf 65' lang='lat' dir='ltr'><strong>enuntiandi</strong></span> 
     </span>
     <span class='ocr_line' id='line_1_39' title="bbox 134 3221 1286 3288; baseline 0.004 -11"><span class='ocrx_word' id='word_1_401' title='bbox 134 3225 334 3277; x_wconf 84' lang='lat' dir='ltr'><strong>distortum.</strong></span> <span class='ocrx_word' id='word_1_402' title='bbox 373 3227 425 3275; x_wconf 88' lang='lat' dir='ltr'><strong>Pro</strong></span> <span class='ocrx_word' id='word_1_403' title='bbox 445 3229 471 3275; x_wconf 88' lang='lat' dir='ltr'><strong>et</strong></span> <span class='ocrx_word' id='word_1_404' title='bbox 492 3225 577 3275; x_wconf 90' lang='lat' dir='ltr'><strong>multi</strong></span> <span class='ocrx_word' id='word_1_405' title='bbox 597 3238 638 3276; x_wconf 85' lang='lat' dir='ltr'><strong>aa.</strong></span> <span class='ocrx_word' id='word_1_406' title='bbox 664 3221 742 3275; x_wconf 92' lang='lat' dir='ltr'><strong>lllud</strong></span> <span class='ocrx_word' id='word_1_407' title='bbox 760 3222 875 3275; x_wconf 82' lang='lat' dir='ltr'><strong>restitui</strong></span> <span class='ocrx_word' id='word_1_408' title='bbox 893 3234 960 3273; x_wconf 85' lang='lat' dir='ltr'><strong>cum</strong></span> <span class='ocrx_word' id='word_1_409' title='bbox 978 3222 1046 3275; x_wconf 84' lang='lat' dir='ltr'><strong>Dav.</strong></span> <span class='ocrx_word' id='word_1_410' title='bbox 1067 3243 1103 3279; x_wconf 88' lang='lat' dir='ltr'><strong>ex</strong></span> <span class='ocrx_word' id='word_1_411' title='bbox 1121 3229 1257 3287; x_wconf 73' lang='lat' dir='ltr'><strong>lieddRe</strong></span> <span class='ocrx_word' id='word_1_412' title='bbox 1279 3244 1286 3288; x_wconf 76' lang='grc'><strong>.’</strong></span> 
     </span>
     <span class='ocr_line' id='line_1_40' title="bbox 135 3291 1288 3359; baseline 0.007 -13"><span class='ocrx_word' id='word_1_413' title='bbox 135 3295 210 3346; x_wconf 85' lang='lat' dir='ltr'><strong>Gud.</strong></span> <span class='ocrx_word' id='word_1_414' title='bbox 233 3291 915 3348; x_wconf 75' lang='lat' dir='ltr'><strong>1.t.1tetid.Gudbuisb.tasrb.bton.t.t.</strong></span> <span class='ocrx_word' id='word_1_415' title='bbox 952 3292 997 3345; x_wconf 82' lang='lat' dir='ltr'><strong>Ad</strong></span> <span class='ocrx_word' id='word_1_416' title='bbox 1013 3312 1041 3346; x_wconf 70' lang='lat' dir='ltr'><strong>V.</strong></span> <span class='ocrx_word' id='word_1_417' title='bbox 1054 3298 1174 3352; x_wconf 82' lang='lat' dir='ltr'><strong>minutis</strong></span> <span class='ocrx_word' id='word_1_418' title='bbox 1192 3304 1232 3355; x_wconf 80' lang='lat' dir='ltr'><strong>cf.</strong></span> <span class='ocrx_word' id='word_1_419' title='bbox 1271 3321 1288 3359; x_wconf 83' lang='lat' dir='ltr'><strong>e</strong></span> 
     </span>
     <span class='ocr_line' id='line_1_41' title="bbox 136 3363 1340 3436; baseline 0.007 -18"><span class='ocrx_word' id='word_1_420' title='bbox 136 3367 182 3418; x_wconf 83' lang='lat' dir='ltr'><strong>Or.</strong></span> <span class='ocrx_word' id='word_1_421' title='bbox 204 3367 241 3418; x_wconf 89' lang='lat' dir='ltr'><strong>tl.</strong></span> <span class='ocrx_word' id='word_1_422' title='bbox 261 3367 304 3418; x_wconf 80' lang='lat'><strong>38.</strong></span> <span class='ocrx_word' id='word_1_423' title='bbox 325 3364 374 3415; x_wconf 87' lang='lat' dir='ltr'><strong>ubi</strong></span> <span class='ocrx_word' id='word_1_424' title='bbox 392 3364 528 3436; x_wconf 79' lang='lat' dir='ltr'><strong>Diogenis</strong></span> <span class='ocrx_word' id='word_1_425' title='bbox 545 3363 695 3433; x_wconf 82' lang='lat' dir='ltr'><strong>Babylonii</strong></span> <span class='ocrx_word' id='word_1_426' title='bbox 714 3363 806 3416; x_wconf 86' lang='lat' dir='ltr'><strong>Stoici</strong></span> <span class='ocrx_word' id='word_1_427' title='bbox 824 3378 913 3430; x_wconf 80' lang='lat' dir='ltr'><strong>genas</strong></span> <span class='ocrx_word' id='word_1_428' title='bbox 940 3367 1079 3419; x_wconf 66' lang='lat' dir='ltr'><strong>emmonis</strong></span> <span class='ocrx_word' id='word_1_429' title='bbox 1096 3369 1206 3424; x_wconf 82' lang='lat' dir='ltr'><strong>dicitur</strong></span> <span class='ocrx_word' id='word_1_430' title='bbox 1223 3391 1290 3429; x_wconf 84' lang='lat' dir='ltr'><strong>cott-</strong></span> <span class='ocrx_word' id='word_1_431' title='bbox 1338 3386 1340 3395; x_wconf 71' lang='lat'><strong><em>⁴</em></strong></span> 
     </span>
     <span class='ocr_line' id='line_1_42' title="bbox 136 3433 1291 3517; baseline 0.001 -29"><span class='ocrx_word' id='word_1_432' title='bbox 136 3434 227 3488; x_wconf 87' lang='lat' dir='ltr'><strong>cisum</strong></span> <span class='ocrx_word' id='word_1_433' title='bbox 244 3441 270 3487; x_wconf 87' lang='lat' dir='ltr'><strong>et</strong></span> <span class='ocrx_word' id='word_1_434' title='bbox 288 3435 430 3487; x_wconf 86' lang='lat' dir='ltr'><strong>minutum.</strong></span> <span class='ocrx_word' id='word_1_435' title='bbox 468 3435 567 3517; x_wconf 68' lang='lat' dir='ltr'><strong>Pergit</strong></span> <span class='ocrx_word' id='word_1_436' title='bbox 584 3433 680 3485; x_wconf 85' lang='lat' dir='ltr'><strong>Duisb.</strong></span> <span class='ocrx_word' id='word_1_437' title='bbox 701 3434 835 3486; x_wconf 85' lang='lat' dir='ltr'><strong>conclusis</strong></span> <span class='ocrx_word' id='word_1_438' title='bbox 853 3433 1097 3490; x_wconf 83' lang='lat' dir='ltr'><strong>conclusiunculis.</strong></span> <span class='ocrx_word' id='word_1_439' title='bbox 1134 3443 1291 3500; x_wconf 72' lang='lat' dir='ltr'><strong>Posteriori</strong></span> 
     </span>
     <span class='ocr_line' id='line_1_43' title="bbox 136 3503 1301 3576; baseline 0.004 -17"><span class='ocrx_word' id='word_1_440' title='bbox 136 3507 202 3559; x_wconf 86' lang='lat' dir='ltr'><strong>voci</strong></span> <span class='ocrx_word' id='word_1_441' title='bbox 227 3505 258 3556; x_wconf 89' lang='lat' dir='ltr'><strong>in</strong></span> <span class='ocrx_word' id='word_1_442' title='bbox 282 3505 370 3558; x_wconf 83' lang='lat' dir='ltr'><strong>ltebd.</strong></span> <span class='ocrx_word' id='word_1_443' title='bbox 398 3513 624 3574; x_wconf 80' lang='lat' dir='ltr'><strong>superscriptum</strong></span> <span class='ocrx_word' id='word_1_444' title='bbox 651 3512 695 3557; x_wconf 86' lang='lat' dir='ltr'><strong>est</strong></span> <span class='ocrx_word' id='word_1_445' title='bbox 719 3503 902 3558; x_wconf 87' lang='lat' dir='ltr'><strong>raciunculis.</strong></span> <span class='ocrx_word' id='word_1_446' title='bbox 939 3504 990 3557; x_wconf 76' lang='lat' dir='ltr'><strong>-Ad</strong></span> <span class='ocrx_word' id='word_1_447' title='bbox 1015 3507 1193 3564; x_wconf 90' lang='lat' dir='ltr'><strong>locutionem</strong></span> <span class='ocrx_word' id='word_1_448' title='bbox 1221 3516 1301 3576; x_wconf 57' lang='lat' dir='ltr'><strong>adde</strong></span> 
     </span>
     <span class='ocr_line' id='line_1_44' title="bbox 138 3575 643 3630; baseline 0 -1"><span class='ocrx_word' id='word_1_449' title='bbox 138 3577 243 3630; x_wconf 86' lang='lat' dir='ltr'><strong>Acadd.</strong></span> <span class='ocrx_word' id='word_1_450' title='bbox 263 3576 302 3629; x_wconf 92' lang='lat'><strong>11.</strong></span> <span class='ocrx_word' id='word_1_451' title='bbox 323 3578 367 3630; x_wconf 76' lang='lat'><strong>24.</strong></span> <span class='ocrx_word' id='word_1_452' title='bbox 405 3575 464 3628; x_wconf 88' lang='lat' dir='ltr'><strong>Mr.</strong></span> <span class='ocrx_word' id='word_1_453' title='bbox 640 3623 643 3629; x_wconf 91' lang='lat'><strong>.</strong></span> 
     </span>
     <span class='ocr_line' id='line_1_45' title="bbox 209 3645 1294 3717; baseline -0.004 -18"><span class='ocrx_word' id='word_1_454' title='bbox 209 3663 259 3700; x_wconf 88' lang='lat' dir='ltr'><strong>nec</strong></span> <span class='ocrx_word' id='word_1_455' title='bbox 291 3648 329 3699; x_wconf 82' lang='lat' dir='ltr'><strong>aa</strong></span> <span class='ocrx_word' id='word_1_456' title='bbox 357 3662 453 3700; x_wconf 86' lang='lat' dir='ltr'><strong>sensus</strong></span> <span class='ocrx_word' id='word_1_457' title='bbox 479 3645 802 3714; x_wconf 85' lang='lat' dir='ltr'><strong>permanantibus]</strong></span> <span class='ocrx_word' id='word_1_458' title='bbox 844 3645 971 3699; x_wconf 84' lang='lat' dir='ltr'><strong>Praetnli</strong></span> <span class='ocrx_word' id='word_1_459' title='bbox 1002 3653 1228 3717; x_wconf 51' lang='lat' dir='ltr'><strong>permanentiae,</strong></span> <span class='ocrx_word' id='word_1_460' title='bbox 1260 3658 1294 3711; x_wconf 66' lang='lat'><strong>5„</strong></span> 
     </span>
     <span class='ocr_line' id='line_1_46' title="bbox 139 3717 1294 3787; baseline 0.007 -15"><span class='ocrx_word' id='word_1_461' title='bbox 139 3718 319 3787; x_wconf 75' lang='lat' dir='ltr'><strong>crepundiis,</strong></span> <span class='ocrx_word' id='word_1_462' title='bbox 339 3718 395 3769; x_wconf 84' lang='lat' dir='ltr'><strong>iam</strong></span> <span class='ocrx_word' id='word_1_463' title='bbox 415 3725 564 3787; x_wconf 86' lang='lat' dir='ltr'><strong>repertum</strong></span> <span class='ocrx_word' id='word_1_464' title='bbox 583 3717 657 3769; x_wconf 86' lang='lat' dir='ltr'><strong>mihi</strong></span> <span class='ocrx_word' id='word_1_465' title='bbox 676 3718 707 3769; x_wconf 90' lang='lat' dir='ltr'><strong>in</strong></span> <span class='ocrx_word' id='word_1_466' title='bbox 723 3718 781 3770; x_wconf 86' lang='lat' dir='ltr'><strong>Pal.</strong></span> <span class='ocrx_word' id='word_1_467' title='bbox 810 3726 904 3787; x_wconf 81' lang='lat' dir='ltr'><strong>quart.</strong></span> <span class='ocrx_word' id='word_1_468' title='bbox 939 3718 1071 3772; x_wconf 85' lang='lat' dir='ltr'><strong>Illustrat</strong></span> <span class='ocrx_word' id='word_1_469' title='bbox 1094 3721 1174 3776; x_wconf 89' lang='lat' dir='ltr'><strong>hunc</strong></span> <span class='ocrx_word' id='word_1_470' title='bbox 1195 3726 1294 3780; x_wconf 86' lang='lat' dir='ltr'><strong>locum</strong></span> 
     </span>
     <span class='ocr_line' id='line_1_47' title="bbox 141 3787 1296 3857; baseline 0.01 -18"><span class='ocrx_word' id='word_1_471' title='bbox 141 3789 201 3856; x_wconf 85' lang='lat' dir='ltr'><strong>ipse</strong></span> <span class='ocrx_word' id='word_1_472' title='bbox 219 3788 334 3839; x_wconf 88' lang='lat' dir='ltr'><strong>Tullius</strong></span> <span class='ocrx_word' id='word_1_473' title='bbox 359 3805 444 3857; x_wconf 84' lang='lat' dir='ltr'><strong>supra</strong></span> <span class='ocrx_word' id='word_1_474' title='bbox 466 3787 541 3839; x_wconf 90' lang='lat' dir='ltr'><strong>libro</strong></span> <span class='ocrx_word' id='word_1_475' title='bbox 567 3789 590 3839; x_wconf 90' lang='lat'><strong>1.</strong></span> <span class='ocrx_word' id='word_1_476' title='bbox 615 3804 641 3839; x_wconf 87' lang='lat' dir='ltr'><strong>c.</strong></span> <span class='ocrx_word' id='word_1_477' title='bbox 661 3790 687 3842; x_wconf 85' lang='grc'><strong>8.</strong></span> <span class='ocrx_word' id='word_1_478' title='bbox 713 3790 733 3839; x_wconf 80' lang='grc'><strong>1.</strong></span> <span class='ocrx_word' id='word_1_479' title='bbox 754 3787 868 3841; x_wconf 86' lang='lat' dir='ltr'><strong>uberius</strong></span> <span class='ocrx_word' id='word_1_480' title='bbox 885 3787 954 3853; x_wconf 88' lang='lat' dir='ltr'><strong>ista,</strong></span> <span class='ocrx_word' id='word_1_481' title='bbox 982 3804 1097 3855; x_wconf 83' lang='lat' dir='ltr'><strong>quaeso.</strong></span> <span class='ocrx_word' id='word_1_482' title='bbox 1125 3791 1193 3846; x_wconf 81' lang='lat' dir='ltr'><strong>baec</strong></span> <span class='ocrx_word' id='word_1_483' title='bbox 1219 3797 1296 3855; x_wconf 75' lang='lat' dir='ltr'><strong>snite</strong></span> 
     </span>
     <span class='ocr_line' id='line_1_48' title="bbox 141 3857 1297 3929; baseline 0 -19"><span class='ocrx_word' id='word_1_484' title='bbox 141 3857 303 3926; x_wconf 88' lang='lat' dir='ltr'><strong>spinosiora</strong></span> <span class='ocrx_word' id='word_1_485' title='bbox 319 3857 403 3925; x_wconf 87' lang='lat' dir='ltr'><strong>prius</strong></span> <span class='ocrx_word' id='word_1_486' title='bbox 421 3864 451 3909; x_wconf 90' lang='lat' dir='ltr'><strong>ut</strong></span> <span class='ocrx_word' id='word_1_487' title='bbox 471 3859 603 3923; x_wconf 77' lang='lat' dir='ltr'><strong>confiteor</strong></span> <span class='ocrx_word' id='word_1_488' title='bbox 619 3874 662 3909; x_wconf 86' lang='lat' dir='ltr'><strong>ms</strong></span> <span class='ocrx_word' id='word_1_489' title='bbox 680 3865 789 3924; x_wconf 79' lang='lat' dir='ltr'><strong>cogunt,</strong></span> <span class='ocrx_word' id='word_1_490' title='bbox 809 3873 892 3926; x_wconf 80' lang='lat' dir='ltr'><strong>quam</strong></span> <span class='ocrx_word' id='word_1_491' title='bbox 899 3864 931 3910; x_wconf 92' lang='lat' dir='ltr'><strong>ut</strong></span> <span class='ocrx_word' id='word_1_492' title='bbox 941 3861 1092 3929; x_wconf 65' lang='lat' dir='ltr'><strong>utentior.</strong></span> <span class='ocrx_word' id='word_1_493' title='bbox 1112 3861 1297 3921; x_wconf 64' lang='lat' dir='ltr'><strong>Coniecemn</strong></span> 
     </span>
     <span class='ocr_line' id='line_1_49' title="bbox 142 3928 1178 3996; baseline 0.004 -15"><span class='ocrx_word' id='word_1_494' title='bbox 142 3929 229 3982; x_wconf 86' lang='lat' dir='ltr'><strong>etiam</strong></span> <span class='ocrx_word' id='word_1_495' title='bbox 245 3928 486 3996; x_wconf 72' lang='lat' dir='ltr'><strong>permanantibus,</strong></span> <span class='ocrx_word' id='word_1_496' title='bbox 506 3928 582 3995; x_wconf 88' lang='lat' dir='ltr'><strong>quod</strong></span> <span class='ocrx_word' id='word_1_497' title='bbox 600 3929 658 3979; x_wconf 86' lang='lat' dir='ltr'><strong>iam</strong></span> <span class='ocrx_word' id='word_1_498' title='bbox 677 3930 787 3981; x_wconf 85' lang='lat' dir='ltr'><strong>editum</strong></span> <span class='ocrx_word' id='word_1_499' title='bbox 804 3929 888 3980; x_wconf 84' lang='lat' dir='ltr'><strong>video</strong></span> <span class='ocrx_word' id='word_1_500' title='bbox 911 3928 982 3980; x_wconf 89' lang='lat' dir='ltr'><strong>olim</strong></span> <span class='ocrx_word' id='word_1_501' title='bbox 1000 3947 1015 3981; x_wconf 88' lang='lat' dir='ltr'><strong>a</strong></span> <span class='ocrx_word' id='word_1_502' title='bbox 1033 3931 1178 3987; x_wconf 83' lang='lat' dir='ltr'><strong>victorio.</strong></span> 
     </span>
     <span class='ocr_line' id='line_1_50' title="bbox 142 3997 1297 4068; baseline -0.002 -14"><span class='ocrx_word' id='word_1_503' title='bbox 142 4016 192 4054; x_wconf 87' lang='lat' dir='ltr'><strong>nec</strong></span> <span class='ocrx_word' id='word_1_504' title='bbox 210 4000 247 4051; x_wconf 90' lang='lat' dir='ltr'><strong>od</strong></span> <span class='ocrx_word' id='word_1_505' title='bbox 265 4014 360 4050; x_wconf 83' lang='lat' dir='ltr'><strong>seruus</strong></span> <span class='ocrx_word' id='word_1_506' title='bbox 376 3997 609 4066; x_wconf 84' lang='lat' dir='ltr'><strong>permanentibus.</strong></span> <span class='ocrx_word' id='word_1_507' title='bbox 630 3998 695 4051; x_wconf 76' lang='lat' dir='ltr'><strong>Feb.</strong></span> <span class='ocrx_word' id='word_1_508' title='bbox 713 4000 780 4052; x_wconf 84' lang='lat' dir='ltr'><strong>Cod.</strong></span> <span class='ocrx_word' id='word_1_509' title='bbox 800 3998 1014 4052; x_wconf 82' lang='lat' dir='ltr'><strong>assensibus</strong></span> <span class='ocrx_word' id='word_1_510' title='bbox 1029 4001 1141 4068; x_wconf 85' lang='lat' dir='ltr'><strong>perrn.⁴‘</strong></span> <span class='ocrx_word' id='word_1_511' title='bbox 1159 4004 1297 4064; x_wconf 57' lang='lat' dir='ltr'><strong>(labbara,</strong></span> 
     </span>
     <span class='ocr_line' id='line_1_51' title="bbox 143 4068 1300 4146; baseline 0.009 -22"><span class='ocrx_word' id='word_1_512' title='bbox 143 4071 255 4137; x_wconf 83' lang='lat' dir='ltr'><strong>[Edidit</strong></span> <span class='ocrx_word' id='word_1_513' title='bbox 274 4068 440 4122; x_wconf 84' lang='lat' dir='ltr'><strong>Gebhardus</strong></span> <span class='ocrx_word' id='word_1_514' title='bbox 456 4068 712 4136; x_wconf 77' lang='lat' dir='ltr'><strong>permanantibus]</strong></span> <span class='ocrx_word' id='word_1_515' title='bbox 735 4070 804 4122; x_wconf 83' lang='lat' dir='ltr'><strong>Dav.</strong></span> <span class='ocrx_word' id='word_1_516' title='bbox 832 4068 864 4120; x_wconf 90' lang='lat' dir='ltr'><strong>in</strong></span> <span class='ocrx_word' id='word_1_517' title='bbox 888 4069 941 4121; x_wconf 83' lang='lat' dir='ltr'><strong>Ed.</strong></span> <span class='ocrx_word' id='word_1_518' title='bbox 960 4087 1006 4139; x_wconf 92' lang='lat' dir='ltr'><strong>pr.</strong></span> <span class='ocrx_word' id='word_1_519' title='bbox 1032 4085 1182 4142; x_wconf 88' lang='lat' dir='ltr'><strong>receperat</strong></span> <span class='ocrx_word' id='word_1_520' title='bbox 1205 4081 1300 4146; x_wconf 82' lang='lat' dir='ltr'><strong>perti·</strong></span> 
     </span>
     <span class='ocr_line' id='line_1_52' title="bbox 145 4138 1299 4209; baseline 0.002 -14"><span class='ocrx_word' id='word_1_521' title='bbox 145 4141 282 4206; x_wconf 85' lang='lat' dir='ltr'><strong>nentibus,</strong></span> <span class='ocrx_word' id='word_1_522' title='bbox 343 4140 378 4192; x_wconf 92' lang='lat' dir='ltr'><strong>od</strong></span> <span class='ocrx_word' id='word_1_523' title='bbox 397 4139 507 4209; x_wconf 90' lang='lat' dir='ltr'><strong>reperit</strong></span> <span class='ocrx_word' id='word_1_524' title='bbox 525 4140 613 4191; x_wconf 83' lang='lat' dir='ltr'><strong>etiam</strong></span> <span class='ocrx_word' id='word_1_525' title='bbox 629 4140 720 4191; x_wconf 89' lang='lat' dir='ltr'><strong>Bouh.</strong></span> <span class='ocrx_word' id='word_1_526' title='bbox 747 4140 778 4190; x_wconf 93' lang='lat' dir='ltr'><strong>in</strong></span> <span class='ocrx_word' id='word_1_527' title='bbox 801 4157 851 4191; x_wconf 85' lang='lat' dir='ltr'><strong>sus</strong></span> <span class='ocrx_word' id='word_1_528' title='bbox 872 4138 925 4191; x_wconf 81' lang='lat' dir='ltr'><strong>Ed&#39;.</strong></span> <span class='ocrx_word' id='word_1_529' title='bbox 953 4148 1011 4193; x_wconf 87' lang='lat' dir='ltr'><strong>vet.</strong></span> <span class='ocrx_word' id='word_1_530' title='bbox 1038 4151 1144 4196; x_wconf 79' lang='lat' dir='ltr'><strong>etuoe</strong></span> <span class='ocrx_word' id='word_1_531' title='bbox 1163 4147 1193 4198; x_wconf 92' lang='lat' dir='ltr'><strong>in</strong></span> <span class='ocrx_word' id='word_1_532' title='bbox 1212 4149 1299 4205; x_wconf 77' lang='lat' dir='ltr'><strong>Codd.</strong></span> 
     </span>
     <span class='ocr_line' id='line_1_53' title="bbox 144 4159 1340 4288; baseline 0.001 -21"><span class='ocrx_word' id='word_1_533' title='bbox 144 4213 233 4267; x_wconf 83' lang='lat' dir='ltr'><strong>llehd.</strong></span> <span class='ocrx_word' id='word_1_534' title='bbox 253 4159 341 4265; x_wconf 50' lang='lat' dir='ltr'><strong>blaiiil.</strong></span> <span class='ocrx_word' id='word_1_535' title='bbox 360 4228 418 4262; x_wconf 88' lang='lat' dir='ltr'><strong>uno</strong></span> <span class='ocrx_word' id='word_1_536' title='bbox 437 4211 486 4262; x_wconf 81' lang='lat' dir='ltr'><strong>Ox.</strong></span> <span class='ocrx_word' id='word_1_537' title='bbox 508 4228 598 4283; x_wconf 73' lang='lat' dir='ltr'><strong>marg.</strong></span> <span class='ocrx_word' id='word_1_538' title='bbox 619 4209 676 4262; x_wconf 85' lang='lat' dir='ltr'><strong>MS.</strong></span> <span class='ocrx_word' id='word_1_539' title='bbox 698 4211 728 4260; x_wconf 88' lang='lat' dir='ltr'><strong>in</strong></span> <span class='ocrx_word' id='word_1_540' title='bbox 746 4211 809 4261; x_wconf 87' lang='lat' dir='ltr'><strong>Asc.</strong></span> <span class='ocrx_word' id='word_1_541' title='bbox 830 4212 856 4263; x_wconf 82' lang='lat'><strong>2.</strong></span> <span class='ocrx_word' id='word_1_542' title='bbox 883 4227 972 4284; x_wconf 75' lang='lat' dir='ltr'><strong>marg.</strong></span> <span class='ocrx_word' id='word_1_543' title='bbox 999 4211 1134 4268; x_wconf 77' lang='lat' dir='ltr'><strong>HWolfii</strong></span> <span class='ocrx_word' id='word_1_544' title='bbox 1162 4217 1301 4288; x_wconf 74' lang='lat' dir='ltr'><strong>adquam</strong></span> <span class='ocrx_word' id='word_1_545' title='bbox 1335 4259 1340 4267; x_wconf 88' lang='lat'><strong>.</strong></span> 
     </span>
     <span class='ocr_line' id='line_1_54' title="bbox 144 4280 1301 4349; baseline 0.009 -15"><span class='ocrx_word' id='word_1_546' title='bbox 144 4284 301 4335; x_wconf 87' lang='lat' dir='ltr'><strong>lectionem</strong></span> <span class='ocrx_word' id='word_1_547' title='bbox 318 4283 407 4334; x_wconf 81' lang='lat' dir='ltr'><strong>Ern:</strong></span> <span class='ocrx_word' id='word_1_548' title='bbox 427 4281 506 4346; x_wconf 84' lang='lat' dir='ltr'><strong>„Ed</strong></span> <span class='ocrx_word' id='word_1_549' title='bbox 525 4291 583 4334; x_wconf 85' lang='lat' dir='ltr'><strong>vet.</strong></span> <span class='ocrx_word' id='word_1_550' title='bbox 601 4280 814 4348; x_wconf 85' lang='lat' dir='ltr'><strong>pertinentibus,</strong></span> <span class='ocrx_word' id='word_1_551' title='bbox 838 4281 980 4349; x_wconf 86' lang='lat' dir='ltr'><strong>exquisito</strong></span> <span class='ocrx_word' id='word_1_552' title='bbox 998 4280 1085 4337; x_wconf 89' lang='lat' dir='ltr'><strong>huius</strong></span> <span class='ocrx_word' id='word_1_553' title='bbox 1108 4286 1190 4338; x_wconf 83' lang='lat' dir='ltr'><strong>verbi</strong></span> <span class='ocrx_word' id='word_1_554' title='bbox 1208 4306 1301 4344; x_wconf 85' lang='lat' dir='ltr'><strong>sensu.</strong></span> 
     </span>
     <span class='ocr_line' id='line_1_55' title="bbox 147 4351 1304 4419; baseline -0.001 -13"><span class='ocrx_word' id='word_1_555' title='bbox 147 4353 203 4406; x_wconf 90' lang='lat' dir='ltr'><strong>Sed</strong></span> <span class='ocrx_word' id='word_1_556' title='bbox 220 4353 270 4403; x_wconf 88' lang='lat' dir='ltr'><strong>vul</strong></span> <span class='ocrx_word' id='word_1_557' title='bbox 293 4362 370 4404; x_wconf 84' lang='lat' dir='ltr'><strong>atum</strong></span> <span class='ocrx_word' id='word_1_558' title='bbox 389 4368 446 4405; x_wconf 89' lang='lat' dir='ltr'><strong>non</strong></span> <span class='ocrx_word' id='word_1_559' title='bbox 464 4351 559 4404; x_wconf 84' lang='lat' dir='ltr'><strong>minus</strong></span> <span class='ocrx_word' id='word_1_560' title='bbox 578 4351 623 4404; x_wconf 91' lang='lat' dir='ltr'><strong>ele</strong></span> <span class='ocrx_word' id='word_1_561' title='bbox 644 4370 692 4403; x_wconf 84' lang='lat' dir='ltr'><strong>ans</strong></span> <span class='ocrx_word' id='word_1_562' title='bbox 712 4360 740 4403; x_wconf 92' lang='lat' dir='ltr'><strong>et</strong></span> <span class='ocrx_word' id='word_1_563' title='bbox 759 4351 935 4419; x_wconf 84' lang='lat' dir='ltr'><strong>exquisitum</strong></span> <span class='ocrx_word' id='word_1_564' title='bbox 963 4351 1036 4404; x_wconf 86' lang='lat' dir='ltr'><strong>est.“</strong></span> <span class='ocrx_word' id='word_1_565' title='bbox 1072 4351 1304 4415; x_wconf 70' lang='lat' dir='ltr'><strong>Permanentibm</strong></span> 
     </span>
     <span class='ocr_line' id='line_1_56' title="bbox 146 4370 1304 4500; baseline 0.004 -25"><span class='ocrx_word' id='word_1_566' title='bbox 146 4422 254 4475; x_wconf 84' lang='lat' dir='ltr'><strong>habent</strong></span> <span class='ocrx_word' id='word_1_567' title='bbox 272 4371 361 4474; x_wconf 48' lang='lat' dir='ltr'><strong>{odd</strong></span> <span class='ocrx_word' id='word_1_568' title='bbox 387 4424 456 4497; x_wconf 80' lang='lat' dir='ltr'><strong>lieg.</strong></span> <span class='ocrx_word' id='word_1_569' title='bbox 482 4421 556 4475; x_wconf 86' lang='lat' dir='ltr'><strong>Gud.</strong></span> <span class='ocrx_word' id='word_1_570' title='bbox 578 4426 602 4477; x_wconf 87' lang='lat' dir='ltr'><strong>l.</strong></span> <span class='ocrx_word' id='word_1_571' title='bbox 622 4370 649 4478; x_wconf 60' lang='lat' dir='ltr'><strong>i.</strong></span> <span class='ocrx_word' id='word_1_572' title='bbox 673 4422 749 4496; x_wconf 80' lang='lat' dir='ltr'><strong>Aug.</strong></span> <span class='ocrx_word' id='word_1_573' title='bbox 774 4422 817 4488; x_wconf 91' lang='lat' dir='ltr'><strong>(in</strong></span> <span class='ocrx_word' id='word_1_574' title='bbox 836 4437 892 4489; x_wconf 90' lang='lat' dir='ltr'><strong>quo</strong></span> <span class='ocrx_word' id='word_1_575' title='bbox 920 4431 963 4474; x_wconf 89' lang='lat' dir='ltr'><strong>est</strong></span> <span class='ocrx_word' id='word_1_576' title='bbox 980 4424 1102 4488; x_wconf 84' lang='lat' dir='ltr'><strong>sensum)</strong></span> <span class='ocrx_word' id='word_1_577' title='bbox 1120 4426 1216 4479; x_wconf 86' lang='lat' dir='ltr'><strong>Duisb.</strong></span> <span class='ocrx_word' id='word_1_578' title='bbox 1241 4428 1304 4500; x_wconf 86' lang='lat' dir='ltr'><strong>(qni</strong></span> 
     </span>
    </p>
   </div>
   <div class='ocr_carea' id='block_1_5' title="bbox 176 4531 1058 4605">
    <p class='ocr_par' dir='ltr' id='par_1_9' title="bbox 176 4531 1058 4605">
     <span class='ocr_line' id='line_1_57' title="bbox 176 4531 1058 4605; baseline -0.007 -9"><span class='ocrx_word' id='word_1_579' title='bbox 176 4554 255 4596; x_wconf 78' lang='lat' dir='ltr'><strong>cicero</strong></span> <span class='ocrx_word' id='word_1_580' title='bbox 271 4550 337 4594; x_wconf 79' lang='lat' dir='ltr'><strong>Tuto.</strong></span> <span class='ocrx_word' id='word_1_581' title='bbox 352 4551 420 4605; x_wconf 83' lang='lat' dir='ltr'><strong>Disp.</strong></span> <span class='ocrx_word' id='word_1_582' title='bbox 435 4553 470 4598; x_wconf 77' lang='lat' dir='ltr'><strong>es.</strong></span> <span class='ocrx_word' id='word_1_583' title='bbox 485 4552 568 4597; x_wconf 82' lang='lat' dir='ltr'><strong>btossr.</strong></span> <span class='ocrx_word' id='word_1_584' title='bbox 591 4553 614 4594; x_wconf 80' lang='lat' dir='ltr'><strong>T.</strong></span> <span class='ocrx_word' id='word_1_585' title='bbox 632 4555 651 4595; x_wconf 87' lang='lat' dir='ltr'><strong>t.</strong></span> <span class='ocrx_word' id='word_1_586' title='bbox 1017 4531 1058 4591; x_wconf 82' lang='lat'><strong>35</strong></span> 
     </span>
    </p>
   </div>
   <div class='ocr_carea' id='block_1_6' title="bbox 0 0 1453 5070">
    <p class='ocr_par' dir='ltr' id='par_1_10' title="bbox 0 0 1453 5070">
     <span class='ocr_line' id='line_1_58' title="bbox 0 0 1453 5070; baseline 0 0"><span class='ocrx_word' id='word_1_587' title='bbox 0 0 1453 5070; x_wconf 95' lang='lat' dir='ltr'><strong> </strong></span> 
     </span>
    </p>
   </div>
  </div>
 </body>
</html>
