2828 5070
561 320 693 384 LIBER
712 319 757 395 11,
789 320 837 386 17.

73 509 107 575 '-
286 474 416 557 Quiesce
437 485 553 569 igitir,
576 497 608 549 et
629 488 742 550 uolnus
762 485 885 567 illigat

116 571 259 635 Etiamsi
281 573 472 653 Eurypylus
493 579 613 652 posset,
644 592 711 633 non
732 580 845 653 posset
867 571 1033 653 Aesopus:

73 724 108 736 η

117 759 260 830 petitque,
280 767 313 810 ut
330 765 429 811 narret
448 757 500 808 sibi
520 756 696 831 Argivorum
713 756 867 825 proelium.
905 756 981 808 Tum
1000 756 1184 825 Eurypylum
1212 755 1275 808 Non

73 804 190 907 rpotis
208 862 241 875 -
260 830 392 883 laboriss‘
412 836 440 880 st
474 828 569 881 desine
599 829 770 898 paullisper,
798 827 822 880 si
849 827 975 892 videtur,
1006 845 1052 881 ine
1083 827 1276 902 interrogare,

79 878 104 913 ’ῃ
118 903 280 970 vulnusque
304 911 369 954 ante
389 898 482 951 omnia
507 916 603 953 meum
617 899 720 972 alliga,
744 912 811 953 inex
830 915 944 952 omnem
973 916 1035 953 rem
1053 899 1108 951 tibi
1129 899 1274 952 enarrabo.

73 950 198 1040 ”Quod
218 974 285 1023 dum
303 975 345 1036 fit,
371 972 419 1021 lon
443 988 487 1021 am
505 974 586 1039 ῥῆσιν
606 970 660 1024 Udi
680 998 711 1008 -
731 968 893 1022 inclinatam
911 970 1004 1022 inedia
1023 970 1054 1020 in
1077 970 1176 1023 dolore
1202 969 1276 1022 reci·

73 1023 171 1129 :tau
192 1061 286 1113 quam,
306 1042 402 1112 inquit
421 988 532 1105 dicero,
566 1049 679 1110 poterat
701 1042 785 1112 poiita
810 1041 871 1094 sine
898 1041 1121 1110 reprehensione
1148 1042 1276 1093 tribucre

119 1123 255 1168 veterano
275 1111 444 1166 fortissimo:
474 1127 532 1163 nan
551 1111 622 1165 item
641 1110 776 1183 Aesopus,
802 1111 889 1164 bomo
913 1112 989 1164 bello
1018 1128 1075 1164 non
1094 1112 1276 1179 exercitatus,

73 1160 214 1271 ..posset
233 1187 375 1255 proferre,
396 1185 419 1235 si
439 1184 498 1252 ipse
518 1193 590 1236 esset
608 1184 760 1235 sauciatus.
798 1182 842 1234 Ad
868 1200 895 1234 v.
914 1190 1005 1250 posset
1028 1183 1151 1251 Aesopus
1175 1184 1276 1254 supple

74 1238 100 1307 ¹!
121 1258 230 1332 igitur:
250 1264 309 1308 tam
328 1255 447 1308 fortiter
466 1271 583 1305 narrare
602 1254 709 1323 proelii
729 1253 969 1306 vicissitudines.“
1006 1254 1064 1306 Mr.

86 1314 98 1347 ’¹
195 1328 298 1379 Vulnus
315 1324 425 1390 adliga]
463 1325 616 1376 Lambinus
635 1341 669 1376 ex
686 1325 782 1377 veteri
800 1323 875 1377 libro
894 1326 1022 1395 reposuit
1048 1328 1144 1378 uulnus
1171 1323 1278 1391 obliga,

73 1384 97 1420 '²
120 1415 175 1452 nec
193 1399 279 1450 aliter
296 1397 382 1448 habet
401 1397 472 1448 ltled.
501 1395 660 1448 Deserenda
678 1404 775 1448 tamen
799 1411 857 1447 non
885 1404 927 1448 est
946 1396 1123 1467 optimorum
1141 1395 1279 1449 Codicum

81 1456 94 1539 ξ
120 1471 218 1523 lectio.
256 1468 357 1520 Livius
375 1468 438 1532 Vll,
458 1470 500 1521 24.
541 1466 650 1530 Consul,
668 1466 790 1519 vulnere
818 1466 953 1540 adligato,
979 1474 1102 1519 reuectus
1129 1464 1168 1519 ad
1187 1467 1279 1534 prima

73 1558 89 1573 ·-
119 1541 214 1604 sigua.
250 1540 293 1592 lbi
311 1539 396 1608 plura
415 1538 569 1589 locutionis
588 1537 673 1588 buius
692 1537 824 1606 exempla
842 1554 896 1589 con
919 1538 985 1590 essit
1003 1539 1030 1590 J.
1042 1539 1090 1590 Er.
1105 1538 1277 1590 Gronovius.

73 1600 87 1635 ¹
120 1612 196 1665 Addi
220 1610 330 1679 possint
357 1619 386 1661 et
412 1609 483 1661 haec
506 1608 596 1661 Bedae
622 1609 655 1658 H.
681 1608 716 1660 E.
742 1610 790 1672 lV,
814 1609 856 1662 Ὦ.
896 1556 1036 1674 dissideam
1069 1625 1119 1661 sua
1147 1609 1279 1674 vulnera,

73 1670 84 1707 ¹
119 1689 201 1750 prout
219 1682 316 1749 patuit,
343 1680 400 1747 ipse
426 1680 482 1733 adli
506 1680 574 1731 avit.
611 1679 677 1731 Pari
702 1680 784 1731 inodo
808 1680 967 1732 dissolutam
990 1679 1151 1732 hemicranii
1176 1680 1279 1732 iunctu-

73 1746 75 1755 '
122 1770 180 1807 ram
199 1767 350 1818 componere
369 1758 447 1817 sepse
465 1697 599 1813 adligare
617 1749 691 1800 dixit
711 1750 787 1802 idem
805 1752 839 1815 V,
858 1754 885 1805 6.
923 1751 959 1803 D,

195 1824 307 1879 Quiesce
329 1822 419 1886 igitur
443 1828 468 1872 et
487 1823 583 1872 uulnus
601 1820 728 1887 alligat]
765 1820 907 1885 „Veteres
934 1819 1019 1874 Codd.
1038 1818 1145 1873 habent
1172 1818 1280 1884 obliga,

123 1910 194 1965 quos
213 1895 364 1945 Lambinus
383 1892 546 1960 sequitur.“
565 1891 696 1960 Sylburg.
734 1892 821 1956 „lloc
849 1900 891 1944 est
916 1891 1096 1962 Eurypyli.“
1117 1890 1183 1942 Era.
1228 1891 1281 1942 tti-

123 1983 177 2017 nus
201 1966 272 2017 bene
300 1964 371 2017 haec
396 1963 528 2015 Patroclo
555 1961 660 2014 tribuit
683 1961 818 2015 Woldus.
858 1961 936 2027 Quod
962 1978 1015 2032 pro
1038 1963 1164 2014 lectione
1188 1963 1283 2025 alliga

123 2045 225 2089 contra
242 2036 414 2087 Lambinum
432 2034 563 2084 Davisius
581 2033 708 2084 laudavit
728 2033 907 2085 Gronovium
933 2034 967 2085 ad
992 2033 1123 2097 Livium,
1152 2046 1210 2084 nou
1236 2048 1282 2085 re·

122 2108 226 2178 probo:
248 2107 296 2158 sed
314 2107 374 2175 ipse
393 2103 495 2157 Cicero
513 2102 691 2156 advocandus
711 2112 772 2155 erat
792 2103 825 2156 de
844 2103 908 2155 Dis.
928 2106 951 2157 1.
972 2106 1014 2160 54.
1038 2107 1101 2159 123:
1126 2119 1201 2168 quum
1220 2102 1281 2156 Cri-

123 2179 195 2232 tonis
213 2179 314 2230 acutum
333 2176 525 2240 alligatum
543 2175 666 2238 uidisset,
690 2174 740 2225 ubi
758 2175 816 2226 vid.
836 2184 925 2227 nostr.
946 2184 1041 2227 annot.
1071 2194 1098 2246 p.
1119 2174 1180 2229 269.
1218 2176 1283 2226 Post

122 2250 214 2314 igitur
232 2247 378 2303 FAWoli.
409 2264 445 2298 ex
466 2247 632 2298 coniectura
658 2244 765 2296 addidit
783 2250 822 2311 tu,
850 2262 975 2314 eumque
998 2255 1111 2298 secutus
1135 2255 1177 2297 est
1196 2243 1280 2297 Selia.

125 2322 255 2374 Glosssm
274 2319 372 2382 obliga
388 2333 443 2387 pro
461 2316 569 2381 alliga,
590 2317 648 2380 vel,
671 2316 695 2366 si
719 2315 811 2367 mavis
836 2316 1058 2380 correctionem,
1085 2316 1192 2367 habent
1209 2332 1283 2367 unus

101 2392 176 2444 '0x.
196 2391 280 2441 Vind.
303 2394 325 2443 l.
346 2388 418 2461 Aug.
439 2397 469 2440 et
487 2389 574 2439 Mart.
600 2387 782 2438 Bentleisnas
799 2386 1010 2439 emendationes
1029 2385 1164 2440 Laberis
1188 2394 1217 2438 et
1241 2386 1284 2438 at·

125 2461 202 2526 liga.
223 2462 315 2511 tace!
343 2475 429 2510 nemo
453 2467 570 2527 praeter
592 2458 812 2509 Lallemannutn
837 2458 984 2529 amplexus
1002 2465 1054 2510 est.
1073 2459 1169 2519 Reate.
1208 2459 1284 2511 Nam

124 2533 182 2585 boc
201 2530 318 2600 quidem
337 2537 380 2581 est
397 2528 507 2581 ludere.
545 2529 603 2580 Mr.
990 2560 993 2567 -

197 2601 367 2653 Etiamsi·
386 2599 517 2666 Aesopus]
555 2597 701 2664 „Etiamsi
724 2596 792 2651 Eur.
817 2614 869 2650 aar
895 2605 996 2664 posset,
1030 2604 1119 2666 posset
1143 2598 1285 2666 Aesopusi

126 2673 158 2723 in
177 2673 285 2733 calamo
306 2671 421 2740 scriptis
440 2671 526 2723 Codd.
546 2670 672 2740 reperio,
690 2687 743 2721 nec
762 2669 928 2735 condemno,
947 2669 1003 2722 hoc
1021 2687 1118 2722 seusu:
1144 2671 1208 2723 Etsi
1226 2671 1286 2723 Eui-

126 2745 268 2813 rypylum
276 2744 375 2794 virum
384 2743 491 2793 fortem
500 2741 622 2812 puderet
630 2741 762 2793 Patroclo
771 2740 878 2806 dicere,
898 2742 1011 2810 quiesce
1026 2741 1179 2811 desiueque
1194 2742 1286 2795 inter·

126 2832 229 2888 rogare
248 2832 304 2878 me,
324 2820 380 2880 tpub
398 2813 463 2864 loco
481 2830 526 2864 res
546 2812 724 2865 Graecorum
742 2812 790 2877 sit,
808 2812 971 2882 vulsinaque
989 2830 1086 2865 meum
1104 2813 1205 2889 alliga:
1227 2829 1285 2866 non

125 2894 224 2938 tamen
247 2886 391 2955 Aesopum
414 2883 583 2957 tragoedum
609 2882 637 2934 id
662 2882 784 2952 puderet
810 2883 954 2952 proloqui.
993 2884 1088 2957 Igitur
1114 2884 1285 2954 Eurypylus

127 2957 211 3010 effari
239 2965 269 3009 et
287 2971 404 3008 narrare
433 2954 539 3024 incipit
560 2953 689 3006 laborem
716 2963 745 3006 et
772 2952 991 3006 inclinationem
1016 2956 1089 3007 aciei
1109 2955 1286 3008 Graecorum

127 3030 158 3079 in
176 3028 308 3081 dolore.“
327 3028 360 3079 A.
385 3026 522 3078 Turnebus
539 3024 738 3078 Adverss.1V.
762 3024 803 3078 18.
822 3042 850 3095 p
876 3027 932 3080 129.
958 3026 1047 3077 Errat
1065 3025 1159 3098 igitur
1178 3027 1285 3090 Lamb,

126 3099 294 3152 'furneium
319 3099 416 3150 dicens
435 3098 551 3171 legisse:
585 3096 703 3148 Etiamsi
721 3095 787 3148 Eur.
805 3102 906 3162 meret,
929 3110 981 3146 aaa
1004 3102 1095 3161 posset
1113 3095 1178 3148 Aes.
1203 3097 1287 3149 casti-

127 3178 210 3244 gatus
238 3170 295 3219 iam
313 3186 347 3221 eo
372 3170 488 3220 nomine
514 3169 548 3219 ab
566 3168 626 3219 Jac.
647 3167 797 3235 Spondsno
821 3166 852 3217 in
872 3166 946 3219 Obss.
976 3166 1007 3217 in
1025 3166 1115 3219 Turn.
1138 3167 1225 3233 edu,
1253 3175 1288 3219 ut

128 3238 242 3291 monuit
261 3239 376 3291 adeam
395 3237 529 3290 Lambini
547 3238 825 3291 animadversionem
843 3238 876 3290 F.
896 3238 933 3288 N.
953 3237 1085 3290 Kleinius
1104 3239 1136 3288 V.
1157 3238 1199 3290 Cl.
1229 3238 1288 3290 Ex-

128 3311 218 3380 plicat
237 3307 348 3361 Lambs
375 3309 498 3360 Etiamsi
516 3309 586 3360 Eur.
611 3318 707 3378 posset
730 3317 774 3360 tot
796 3307 884 3360 verba
908 3309 1003 3360 iacere
1028 3317 1057 3360 et
1084 3308 1287 3377 percunctanti

127 3380 259 3434 Patroclo
277 3379 452 3455 singillatim
469 3378 652 3449 respondere,
676 3388 710 3431 ut
728 3380 776 3430 vir
800 3378 885 3430 fortis
909 3379 1040 3431 ethome
1065 3379 1218 3443 militaris,
1246 3387 1289 3432 ts-

128 3469 197 3504 men
215 3449 352 3521 Aesopus,
371 3452 422 3519 qui
443 3452 504 3503 eius
542 3459 616 3502 artes
634 3450 704 3524 agit,
723 3467 781 3503 uon
799 3459 901 3519 posset.
939 3450 1066 3502 Priorem
1090 3459 1187 3502 tamen
1205 3449 1289 3502 illam

129 3525 227 3592 [quain
244 3522 377 3574 Turnebi-
394 3521 527 3574 existima
561 3521 585 3586 t]
605 3521 778 3574 sententiam
796 3536 853 3572 non
878 3520 1103 3591 iinprobamus.“
1134 3521 1289 3574 Beroaldus

129 3595 253 3661 denique
272 3593 312 3644 ita
332 3593 473 3664 explicate
501 3592 559 3655 „si
577 3593 648 3644 Eur.
668 3593 764 3662 potuit
782 3592 950 3644 vulneratus
974 3592 1044 3643 talia
1062 3592 1181 3645 fortiter
1199 3594 1288 3658 ferre,

131 3673 237 3734 quanto
257 3666 347 3739 magis
365 3682 445 3734 posse
464 3663 546 3717 debet
565 3662 690 3733 Aesopus
708 3662 822 3726 histrio,
848 3663 917 3715 dum
935 3662 996 3737 agit
1018 3681 1080 3715 eam
1098 3663 1225 3715 fabulam
1243 3680 1289 3715 su·

131 3736 278 3803 stinetque
313 3753 465 3805 personam
491 3735 641 3804 Eurypyli
673 3734 914 3800 commentitiam,
951 3752 986 3787 ex
1013 3735 1148 3787 instituto
1175 3735 1289 3787 scenico

130 3816 217 3874 atque
237 3824 272 3857 ex
290 3807 400 3859 fabulae
420 3826 452 3859 ar
473 3805 621 3858 umento.“
659 3804 720 3857 Mr.

201 3876 319 3929 Etiamsi
344 3825 500 3946 Eurypyius
524 3882 624 3943 posset,
653 3892 713 3929 uon
734 3881 824 3941 posset
849 3873 982 3943 Aesopus]
1018 3874 1075 3928 Pal.
1096 3884 1164 3927 tert.
1185 3874 1291 3929 etiamsi·

129 3947 284 4018 Eurypylus
308 3964 365 3999 non
388 3954 488 4014 posset,
514 3954 607 4014 posset
625 3946 755 4013 Aesopus,
781 3954 811 3998 et
829 3946 871 3998 ita
887 3947 1004 4016 quidem
1032 3947 1182 4016 rescripsit
1200 3946 1287 4001 llsdr.

129 4020 281 4075 Turnebus
298 4018 416 4070 Advers.
436 4020 485 4083 lV,
506 4021 547 4073 18.
586 4017 769 4071 Incommode
788 4017 918 4085 quidem:
945 4035 1000 4071 neo
1017 4025 1180 4071 ceterorum
1199 4019 1290 4071 libro'·

132 4111 196 4144 mm
215 4092 285 4144 fides
302 4091 419 4142 videtur
437 4090 468 4141 in
487 4088 605 4141 dubium
624 4088 790 4152 reuocanda,
810 4106 877 4143 nutri
894 4089 965 4141 baec
984 4088 1018 4142 de
1036 4097 1173 4143 veterano
1192 4089 1290 4142 milite

131 4164 199 4227 dici,
217 4181 277 4216 nou
295 4163 329 4214 de
347 4161 500 4224 histrione,
520 4160 612 4228 quatis
632 4168 692 4211 erat
711 4158 844 4228 Aesopus,
872 4179 907 4212 ex
926 4160 1108 4229 sequentibus
1127 4168 1214 4232 patet.
1252 4159 1289 4211 D.

203 4234 376 4286 Etiamsi-
397 4249 453 4284 non
478 4239 571 4299 posset
595 4229 742 4298 Aesopus]
782 4230 844 4283 Duo
871 4232 941 4284 Ona.
974 4233 1098 4285 Etiamsi
1126 4233 1193 4286 Eur.
1227 4247 1291 4284 ison

130 4311 234 4371 posset.
254 4306 344 4357 Verba
362 4322 440 4374 seqq.
460 4321 514 4357 nou
528 4308 622 4371 posset
643 4302 753 4354 omittit
772 4301 845 4354 Gud.
866 4305 901 4356 lu
919 4303 985 4356 God.
1005 4304 1090 4359 Vind.
1111 4309 1135 4359 1.
1157 4312 1200 4356 est
1217 4302 1291 4352 an-

132 4389 194 4441 pue.
215 4374 298 4426 Solis.
317 4376 391 4428 lianc
410 4395 475 4427 auu.
495 4377 576 4440 tecit,
596 4391 682 4443 quam
701 4373 806 4425 merito
826 4375 930 4426 miram
947 4375 1077 4445 appellat
1095 4375 1157 4427 On:
1177 4372 1291 4438 „Verba

134 4444 317 4499 etiamsi-
337 4447 463 4515 Aesopus
480 4448 611 4517 ponenda
633 4444 772 4499 videntur
793 4456 858 4516 post
880 4462 997 4501 versum
1021 4462 1074 4500 nou
1094 4443 1171 4513 potis
1197 4443 1292 4508 ederi
