2828 5070
517 298 646 364 mem
668 297 695 380 1,
716 300 767 376 ⁴⁰..
898 366 900 372 ,
935 358 940 365 .
1156 303 1219 374 333

64 485 150 552 quae
171 465 268 528 brevi
289 470 547 528 333333313331.
588 465 667 530 Quis
687 465 772 528 hanc
793 467 929 529 maximi
949 467 1052 530 animi
1072 440 1259 554 3333111317

64 559 135 614 tem
162 551 197 610 in
224 550 296 630 ipse
325 556 434 608 morte
462 545 626 626 laudaret,
660 550 701 610 si·
716 556 857 611 mortem
871 549 1006 618 ,malum
1033 550 1217 616 iudicaret!

64 631 171 695 Vadit
197 633 233 691 in
262 628 404 692 eundem
432 648 601 692 carcerem
630 639 729 714 atque
762 634 798 693 in
825 631 965 696 eundem
999 637 1113 716 paucis
1142 642 1218 718 post

65 819 100 872 in
119 817 180 872 illis
199 816 277 871 enim
297 813 409 885 estqui
426 831 555 870 venenum
570 817 758 885 praebiberat.
795 817 900 870 lanata
921 825 1018 871 tamen
1036 818 1102 874 aliis
1119 828 1217 877 aucto-
1247 823 1250 828 ’

65 889 147 942 31133
175 904 233 942 333
259 895 302 941 331
324 888 506 956 praebibeadi
529 903 596 941 vox.
634 888 774 959 Apuleius
801 863 990 959 bietamorpb.
1008 889 1041 943 X.
1069 907 1089 960 p
1128 895 1216 949 ,331

65 979 97 1032 p.
116 961 240 1015 111135.
260 957 397 1013 Elmenh.
424 959 525 1022 Simul,
545 959 618 1028 quod
636 960 663 1011 ei
680 960 881 1031 praebiberim,
901 967 1077 1014 commoneto.
1143 964 1217 1017 iero·

65 1048 174 1101 nymus
192 1029 287 1099 Epist.
306 1029 393 1085 xxii.
412 1047 478 1105 pag.
501 1032 559 1085 14².
597 1029 681 1082 Aliae
704 1047 771 1084 oero
789 1030 969 1085 sterilitatem
985 1031 1166 1099 praebibunt,
1191 1040 1219 1088 et

65 1102 183 1155 necdum
207 1100 264 1153 eati
288 1099 409 1153 boariaia
432 1098 613 1154 homicidium
638 1099 756 1166 faciunt.
792 1102 833 1155 Ac
856 1100 952 1172 Epist.
970 1101 1051 1153 bxv.
1070 1120 1135 1178 pag.
1154 1106 1217 1161 485.

67 1171 127 1225 Nec
144 1187 245 1224 uenena
263 1171 321 1223 iam
339 1171 448 1236 timebo,
479 1187 562 1241 quum
585 1172 744 1224 antidotum
761 1172 939 1243 praebibero.
976 1172 1059 1225 Haud
1077 1173 1218 1228 3333113-

67 1244 163 1296 manis
189 1250 233 1296 est
256 1241 336 1364 allipd
360 1243 480 1302 verbum
506 1258 585 1296 mere
611 1241 758 1310 Latinum,
788 1258 845 1313 quo
871 1244 1050 1297 Graecorum
1072 1247 1220 1314 προπίνειν

201 1330 241 1364 n.
308 1350 315 1362 .

66 1331 201 1509 ἶῖζῖἑῗέ
221 1320 369 1508 ‘uzu
379 1383 625 1510 33333311
654 1381 1219 1525 1

68 1526 126 1579 duo
150 1525 249 1579 Leidd.
274 1524 436 1591 Bouhierii,
470 1525 570 1596 piures
597 1516 666 1579 Oxxss
693 1525 839 1579 13313311.
868 1525 924 1581 duo
942 1527 1013 1580 Pall.
1033 1529 1128 1581 nostri
1146 1528 1217 1605 Regu

68 1595 479 1663 connumeruntur.
500 1597 547 1661 (ex
566 1595 633 1650 God.
654 1599 680 1653 G
739 1595 782 1661 13.)
800 1594 878 1666 Sylb.
898 1597 969 1651 1133.
987 1598 1059 1650 Ern-
1074 1616 1136 1669 sqq.
1164 1598 1219 1654 Sed

66 1684 123 1738 pro
149 1667 196 1719 cui
218 1674 262 1721 est
284 1666 334 1736 qui
358 1668 389 1718 in
408 1666 654 1730 (13111131311311,
680 1668 720 1720 La
748 1666 842 1743 .Reg.
864 1668 938 1721 Gud.
959 1673 982 1722 1.
1002 1670 1028 1721 2.
1049 1669 1220 1739 3133113313

68 1738 211 1804 omnibus,
251 1738 282 1790 ai
300 1736 408 1792 habent
424 1738 602 1807 praebuerat.
641 1739 766 1792 Verbum
785 1739 951 1807 praebibere
970 1747 1014 1792 331
1039 1740 1115 1798 ἅπαξ
1140 1741 1220 1808 tryb-

66 1827 155 1876 μενον
178 1756 254 1879 apud
278 1807 340 1864 cic.
376 1808 411 1860 In
436 1808 540 1861 talibus
566 1809 682 1861 librarii
705 1825 789 1878 saepe
812 1825 932 1879 peccare
956 1808 1058 1865 solent.
1101 1810 1221 1866 Glossa·
1306 1817 1310 1827 ‘

68 1881 149 1932 rium
168 1879 440 1945 Graeco-Latinum,
460 1880 537 1949 quod
554 1879 701 1933 Bentleius
725 1878 756 1931 in
781 1896 845 1932 ann.
866 1896 902 1932 ex
919 1877 984 1931 loco
1003 1887 1103 1939 nostro
1121 1897 1221 1935 emen-

67 1951 128 2014 dat,
148 1957 191 2002 est
210 1949 294 2014 illud,
312 1948 389 2018 qnod
407 1966 472 2002 cum
490 1948 731 2002 Latino-Graeco
757 1951 792 2003 ab
819 1948 854 2001 11.
875 1947 1020 2019 Stephano
1039 1949 1148 2004 editum
1175 1959 1221 2006 est

69 2021 160 2075 Paris.
180 2023 258 2076 1573.
277 2021 300 2072 1.
320 2036 358 2072 m.
379 2020 427 2072 ubi
447 2020 504 2074 rid.
532 2023 641 2090 33193.
667 2018 834 2075 Gebhardus
862 2020 992 2074 serravit
1019 2020 1067 2088 qui
1084 2053 1117 2064 -
1133 2038 1222 2090 prae·

68 2093 177 2155 133331,
204 2092 323 2144 addens:
357 2091 468 2160 „quior
500 2092 525 2143 si
552 2091 617 2160 quis
645 2089 745 2157 (cub)
768 2092 956 2159 praebuoerat
980 2098 1031 2143 aut
1049 2093 1220 2160 praebuerat

68 2162 175 2215 malit?
203 2162 359 2230 apraebuo
377 2161 425 2215 vel
441 2162 589 2229 praebueo,
642 2161 699 2215 uod
722 2168 767 2215 331
787 2160 952 2231 praebibo.“
987 2161 1050 2215 1133
1072 2179 1144 2217 3333
1161 2179 1221 2218 non

70 2241 115 2289 est
139 2231 289 2299 hariolari,
317 2232 366 2285 sed
389 2234 596 2286 somniare-
660 2249 714 2284 nus
741 2231 791 2283 ox.
816 2231 903 2285 babet
924 2233 1053 2300 pecatum
1091 2249 1124 2286 ro
1142 2250 1221 2288 veae-

70 2320 146 2366 nm,
166 2302 239 2355 Gud.
251 2307 277 2359 2.
297 2318 416 2355 euenum.
444 2303 498 2355 Pro
517 2307 649 2366 tameat,
668 2299 1047 2376 quodhabentCodd.Reg.
1095 2303 1142 2354 ud.
1155 2305 1219 2360 m.

71 2376 145 2428 Aur.
165 2373 255 2429 Rehd.
276 2372 359 2426 Vind.
380 2377 405 2427 1.
424 2372 523 2428 Duisb.
543 2371 617 2425 Gud.
637 2374 719 2425 Mon.v
732 2374 758 2428 2
785 2373 870 2426 Bern·
888 2368 962 2424 Edd
979 2371 1050 2424 Dar.
1070 2371 1115 2424 Or.
1134 2372 1220 2441 Tbn.,

71 2421 181 2515 reliqui
200 2443 339 2498 exhibent
357 2450 398 2496 eat
416 2459 486 2506 eam,
519 2442 576 2495 nisi
596 2441 673 2511 quod
690 2457 751 2494 eam
776 2459 852 2496 em
878 2443 1017 2496 scribitur
1033 2443 1066 2495 in
1083 2442 1170 2496 Marb·
1190 2451 1221 2500 31

72 2533 130 2572 nno
149 2517 211 2582 01„
231 2533 292 2569 eam
309 2520 403 2568 eeaet
422 2514 453 2565 in
471 2514 549 2565 Mon.
569 2518 598 2571 1.,
631 2512 692 2565 Mr.

61 2638 65 2645 ,
141 2602 212 2710 puae
229 2586 308 2640 brevi
325 2591 470 2639 consecuta
488 2581 546 2646 eat]
582 2578 726 2666 1113311331
745 2584 976 2668 33331313313313
995 2600 1080 2670 anno,
1103 2601 1169 2639 oum
1187 2587 1220 2640 in

70 2653 547 2784 3333130303333330133333331313,
576 2651 721 2706 hbertatss
738 2652 895 2722 vindicem,
924 2671 1078 2711 commisso
1103 2657 1221 2735 cecidit,

144 2798 214 2854 Quis
231 2797 301 2851 banc
318 2799 473 2851 maximam
491 2796 582 2849 animi
600 2812 633 2850 ae
672 2794 789 2863 itatem]
824 2796 929 2873 Vulgo,
955 2798 1020 2867 quia
1040 2796 1221 2862 baac,animi
1290 2809 1294 2818 ·

73 2871 194 2994 aeia
220 2813 987 3008 33133...1.13111333333·
1145 2870 1220 2925 ‘¹¹¹⁶‘

143 3011 211 3068 Quis
235 3009 304 3064 banc
327 3009 446 3063 maximi
468 3011 558 3063 animi
580 3009 764 3077 aequitatem]
803 3010 872 3064 cod.
891 3009 981 3063 Rebd.
1000 3011 1056 3081 qui.
1093 3010 1221 3067 Restitui

71 3091 169 3136 autem
188 3083 307 3134 maximi
325 3081 422 3146 ariimi,
450 3097 521 3149 quae
548 3089 591 3135 331
616 3081 704 3136 lectio
724 3079 864 3134 Codicum
886 3081 979 3135 Bentl,
1006 3082 1080 3136 Gud.
1103 3088 1125 3136 l.
1146 3081 1220 3156 Aug.

72 3153 173 3206 Duisb.
192 3151 266 3203 Gud.
285 3154 359 3205 Mon.
380 3158 403 3207 l.
422 3155 448 3207 2.
468 3151 555 3203 Marb.
578 3158 617 3215 31,
636 3159 670 3204 ut
688 3151 784 3215 credo,
802 3150 889 3205 etiam
908 3151 949 3204 113
972 3152 1001 3204 11.
1021 3152 1221 3206 Bentleianam

72 3221 303 3276 emendationem
321 3237 379 3273 non
400 3237 460 3273 esse
478 3223 669 3274 necessariam
691 3221 832 3274 iudicavit
846 3219 936 3274 Bouh.
983 3228 1096 3276 rnestus
1115 3229 1220 3287 autern,

71 3290 137 3359 „Si‚
162 3293 213 3353 ait,
247 3287 475 3366 magnitudinem
502 3290 537 3342 31
554 3291 728 3360 aequitatem
753 3291 859 3345 referri
876 3293 1019 3346 voluisset
1036 3293 1148 3357 cicero,
1177 3289 1222 3344 di·

72 3364 165 3416 xisset
183 3362 298 3432 utique:
318 3360 386 3414 banc
403 3366 519 3413 tamem
540 3376 566 3412 a.
586 3360 646 3414 m.“
680 3363 801 3416 Fatetur
828 3369 925 3416 tamen
942 3363 1029 3417 istam
1045 3363 1222 3416 emendatio-

72 3451 139 3488 nem
163 3433 228 3498 (oui
253 3434 332 3487 favet
355 3430 472 3486 nonnisi
496 3449 570 3484 unus
589 3432 639 3486 ox.
680 3435 769 3488 eioris
787 3433 880 3498 botae,
914 3441 944 3487 et
966 3441 1065 3488 noster
1089 3433 1163 3486 Gud.
1182 3434 1220 3500 1.,

73 3505 122 3558 331
141 3506 246 3557 omisso
265 3503 373 3567 animi)
392 3503 488 3573 specie
504 3502 640 3557 blandiri.
687 3504 745 3572 11.,
763 3512 881 3575 excepta
897 3505 945 3572 H.,
964 3520 1065 3560 omnes
1083 3503 1222 3561 exhibent

72 3576 160 3628 animi
177 3574 303 3630 maximi.
340 3575 400 3630 Mr.

143 3646 172 3698 ai
187 3652 305 3699 mortem
322 3646 425 3698 malum
449 3644 626 3713 iudicareti]
661 3646 782 3712 „Inhis
799 3647 896 3704 minus
913 3649 999 3704 firme
1016 3649 1221 3703 3113133333-

74 3717 196 3768 clusum.
232 3716 295 3769 lmo
313 3732 383 3770 vero
402 3716 467 3786 quis
485 3717 617 3771 laudaret
634 3733 808 3793 magnopere
826 3718 907 3773 illam
927 3722 1017 3774 animi
1035 3722 1219 3788 aequitatem,

75 3787 101 3839 31
118 3793 241 3840 mortem
258 3787 366 3842 bonum
385 3786 544 3842 iudicaret?
580 3789 656 3841 Nam
673 3790 768 3841 virtus
787 3788 925 3844 elucescit
942 3793 975 3844 in
992 3790 1130 3850 adversis,
1153 3804 1220 3861 gra·

72 3856 158 3909 ribus
184 3856 418 3928 calamitosisque
444 3859 571 3922 casibus;
606 3875 665 3912 non
688 3865 835 3928 spectatur
860 3860 944 3914 rebus
965 3860 1115 3929 prosperis
1140 3857 1220 3910 etin

72 3925 246 3981 mollirier.
284 3928 352 3994 Quis
378 3931 455 3983 enim
478 3928 519 3982 Re
561 3929 623 3981 lum
646 3928 848 3991 admiraretur,
875 3930 901 3981 si
923 3928 959 3982 ad
985 3926 1083 3998 epulas
1103 3935 1132 3981 31
1150 3942 1220 3983 oon·

69 3998 154 4053 vivia
181 4007 380 4053 reverteretur
403 3998 629 4075 Carthaginem?
666 3999 734 4065 Quis
759 4000 867 4051 fortem
890 4015 950 4053 esse
975 3997 1124 4069 praedicet
1142 4014 1219 4065 eum,

71 4068 123 4138 qui
141 4085 207 4122 acus
224 4077 366 4140 punctum
385 4073 460 4123 ausit
478 4073 684 4124 contemnere?
718 4068 774 4123 Sed
790 4067 863 4122 talas
882 4077 990 4126 mortes
1007 4085 1092 4123 nemo
1109 4070 1141 4123 in
1158 4085 1220 4122 ma·

71 4139 223 4209 imponit,
256 4139 307 4193 331
344 4140 421 4194 otius
438 4157 534 4205 nemo,
568 4142 620 4212 qni
637 4148 761 4195 mortem
771 4139 884 4194 *malam
902 4157 963 4196 3333
981 4140 1096 4205 sentiat,
1127 4139 1220 4193 idest

70 4217 199 4280 turpem,
218 4213 299 4264 iuxta
318 4158 440 4278 1131333,
459 4213 574 4266 laudem
592 4211 640 4264 illi
658 4211 785 4266 tribuere
802 4210 933 4282 potest.“
958 4209 1147 4266 Camerarius.

148 4282 235 4335 Vadit
254 4283 285 4336 in
304 4282 430 4349 eoadem]
464 4281 536 4359 ling.
556 4282 628 4337 Med.
647 4282 757 4337 Elium.
775 4300 819 4353 pr.
838 4289 905 4337 tert.
924 4282 1039 4337 Balliol·
1053 4277 1168 4336 cantab.
1189 4284 1219 4332 at

71 4349 140 4403 Bak'.
160 4353 239 4416 dant,
258 4355 338 4407 eadit
358 4354 436 4406 enim
458 4353 490 4407 ia
508 4355 631 4408 eundem.
667 4355 746 4431 hege
764 4361 864 4407 autem.
899 4354 936 4409 D.

147 4422 256 4477 Vadit
276 4425 309 4478 ir
327 4426 440 4480 eundem
456 4439 598 4481 carcerem
615 4431 699 4499 aigae
724 4425 759 4481 ia
775 4426 891 4482 eundae
908 4455 941 4472 -
959 4415 1140 4497 eruptum]
1175 4417 1219 4473 Β*
