2828 5070
532 314 658 379 mesu
680 313 708 396 1,
729 314 777 380 tt.
1173 318 1231 381 un
1316 320 1326 337 ·

67 466 205 558 'timeon
233 486 268 541 et
288 477 380 561 quod
410 479 493 543 salsa
514 499 585 544 osso
605 476 821 567 cognoverit?
863 479 889 539 F.
911 498 974 561 qno
996 480 1138 566 intelligi
1159 489 1234 562 pot-

74 572 138 644 est,
165 582 265 646 quem
292 564 382 635 scuti
410 573 532 627 nature
561 564 641 641 sint,
672 565 831 644 qnoniam
863 560 945 625 haec
979 563 1050 625 sinc
1078 561 1234 628 doctrina

75 775 104 827 p.
126 759 188 813 lot.
209 756 253 809 en.
267 763 361 808 nostr.
383 786 416 797 -
434 756 526 807 varro
545 754 579 806 ue
599 755 631 805 1..
650 755 684 806 n.
704 755 753 807 v1.
773 772 801 824 p.
821 756 883 809 tor.
913 753 957 806 et.
977 753 1111 830 spongo.
1139 774 1166 827 p.
1187 760 1231 813 et.
1288 749 1316 784 '-

75 827 120 881 ed.
139 828 205 910 Bip.
224 846 253 898 Ρ.
273 831 317 883 66.
337 826 475 909 1323931
483 845 497 907 ³.
513 825 646 893 Templum
665 825 759 908 tribue
776 826 864 879 nodie
882 825 1052 907 dicitur,·ub
1070 833 1181 908 nutura,
1199 830 1233 883 ob

73 898 270 969 auspicando,
290 898 324 951 ub
342 897 541 955 similitudine.
577 895 690 950 Natura
707 912 738 949 tn
756 897 847 962 coeto;
874 897 908 949 ab
927 897 1067 965 auspiciis
1089 914 1121 951 tn
1140 904 1233 963 terrui

75 971 111 1053 eb
130 967 318 1025 ciuilitudiue
344 969 501 1050 subterra.
521 999 553 1011 -
574 999 608 1050 ‘.
628 995 661 1005 -
699 966 836 1022 Quocirca
860 965 997 1050 [coetumlg
1015 985 1069 1038 quo
1086 969 1234 1054 Uettuirnur,

75 1036 1253 1180 tlt?titttsiztittt‘ttttitt‘ttttttt.lt:t.“.l;.‘tt”t.·.f-

76 1215 112 1226 -
130 1184 169 1236 In
186 1182 276 1235 terrie
293 1183 396 1236 dictum
415 1181 544 1250 templum
562 1180 639 1234 locui
659 1179 776 1247 augurii
794 1187 844 1234 cut
863 1179 987 1249 ourpicii
1009 1197 1096 1235 causa
1122 1183 1244 1251 quidun·
1271 1192 1283 1245 j
1381 1234 1389 1263 .-

77 1255 142 1306 eloat
160 1251 302 1324 conceptis
320 1252 414 1307 rerbir
431 1252 543 1318 finitur.
571 1250 697 1306 ubinid.
718 1251 826 1327 scalig.
855 1271 884 1322 p.
906 1255 965 1307 16⁰.
986 1253 1028 1306 ed.
1048 1254 1112 1325 Bip.
1141 1273 1169 1326 p.
1190 1257 1235 1311 98.

78 1325 123 1377 ed.
143 1323 220 1378 Scal.
255 1323 298 1376 De
315 1323 462 1377 locutione
480 1318 638 1376 Acberutiu
656 1320 755 1390 templa
772 1341 800 1375 v.
821 1322 910 1376 etiam
928 1323 1103 1395 interpretes
1127 1327 1161 1379 ad
1179 1327 1236 1379 Lu·

76 1405 149 1448 cret.
178 1396 201 1447 l.
230 1396 291 1453 121.
321 1395 352 1445 in
376 1394 480 1464 primis
512 1393 754 1459 recentissimum,
787 1392 981 1470 Forbigerum
1030 1433 1036 1446 .
1065 1399 1124 1453 179.
1163 1395 1234 1450 Add.
1290 1432 1294 1438 -
1375 1385 1379 1393 ¹

77 1467 145 1520 Nic.
164 1466 279 1519 Perotti
296 1464 393 1519 Cornu
412 1464 516 1549 Copiae
534 1483 563 1535 p.
577 1465 619 1519 12.
640 1463 682 1517 cd.
702 1461 768 1517 Ald.
786 1464 828 1519 De
846 1465 901 1521 leto
919 1464 978 1517 vid.
1026 1484 1084 1519 een.
1107 1467 1139 1519 in
1147 1467 1233 1522 Thes.

77 1540 110 1591 L.
130 1538 164 1590 L.
183 1555 206 1589 s.
226 1554 254 1588 r.
275 1536 310 1589 G.
329 1538 357 1590 J.
377 1539 470 1589 Vossu
488 1534 617 1607 Etymol.
637 1535 669 1587 L.
689 1536 721 1588 L.
764 1572 770 1586 .
790 1537 851 1591 286.
871 1535 923 1589 lid.
942 1535 1044 1591 Eizev.
1082 1538 1144 1593 Mr.
1281 1542 1284 1551 ‘

149 1605 230 1675 Orci]
264 1607 430 1676 „Plutonis,
459 1624 546 1676 quem
571 1604 686 1676 antiqui
797 1621 838 1658 unt
868 1607 903 1660 ab
935 1610 1064 1683 urgendo
1087 1609 1235 1678 dixenmt,

76 1696 165 1750 quem
184 1679 269 1731 modo
291 1677 415 1744 Vedium,
434 1678 518 1731 modo
537 1675 718 1741 Semnonum,
738 1677 819 1730 modo
838 1676 931 1730 Ditetn
950 1680 1107 1750 appellant.
1134 1681 1236 1734 Dictus

78 1759 121 1804 est
140 1749 230 1874 etiarn
252 1749 285 1803 ab
311 1749 440 1820 antiquis
461 1747 613 1816 Quietulir,
640 1749 721 1819 quusi
739 1764 815 1802 mors
840 1748 922 1819 quies
946 1749 984 1802 sit
1002 1754 1236 1805 aerutnnurutn.“

78 1823 174 1875 Berua

152 1891 216 1945 Non
239 1891 326 1959 pudet
353 1887 544 1960 philosophum
567 1889 603 1945 iu
628 1907 665 1944 eo
687 1888 827 1961 gloriari]
863 1893 909 1946 Itu
925 1892 985 1946 Cic.
1010 1893 1044 1946 de
1063 1895 1100 1945 N.
1128 1894 1161 1945 D.
1183 1894 1235 1947 lll.

80 1966 127 2019 36.
156 1966 204 2019 87:
240 1962 277 2016 in
303 1961 443 2015 virtute
475 1969 549 2017 recte
575 1958 744 2031 gloriamur.
779 1964 824 2018 et.
843 1965 974 2048 Borgers.
1000 1964 1034 2017 nd
1052 1964 1112 2017 Cic.
1139 1964 1235 2017 Parud.

80 2053 111 2104 p.
131 2037 177 2091 63.
195 2033 325 2087 beneclee
344 2031 379 2095 ael
397 2033 456 2087 Cic.
477 2034 537 2087 Cat.
557 2034 595 2087 11.
614 2036 640 2091 9.
680 2035 769 2091 .157.
807 2035 954 2091 Similiter
971 2036 1045 2089 dixit
1071 2036 1107 2089 ad
1126 2035 1236 2089 Faimn.

51 2123 52 2127 ¹
79 2107 133 2159 111.
154 2108 181 2161 8.
200 2121 243 2168 tre,
270 2104 307 2158 in
329 2119 393 2172 quo
412 2110 440 2156 te
457 2104 611 2174 obiurgem,
639 2053 679 2159 id
699 2105 786 2174 ipsunt
804 2106 903 2161 uideor
926 2106 1043 2161 inituri.
1082 2108 1162 2161 Unus
1184 2108 1235 2161 Ox.

78 2176 198 2230 exhibet
223 2176 307 2231 Nutu
328 2176 432 2244 pudet.-
461 2176 546 2245 ¹alius:
578 2193 631 2230 non
655 2175 764 2230 tinet.
800 2178 853 2231 Ed.
881 2180 911 2232 P.
940 2178 1037 2252 pergit
1065 2180 1139 2246 quod
1166 2177 1234 2232 loc.

79 2248 155 2303 oud.
176 2256 206 2302 ct
222 2246 320 2300 Duisb.
341 2236 415 2315 quod
441 2262 508 2302 non
534 2244 620 2301 iaec
646 2246 752 2300 timent.
790 2247 865 2314 Quae
884 2259 1046 2318 sequnntur
1069 2251 1142 2316 quod
1159 2250 1237 2314 folia

79 2335 141 2373 erce
166 2317 340 2387 cognouerit,
366 2318 464 2370 favere
492 2319 534 2371 ait
558 2316 736 2382 FAWoliius
760 2319 887 2372 Bentleii
914 2318 1098 2371 coniecturae
1126 2318 1237 2371 errori.-

78 2390 234 2461 quodiam
250 2388 397 2442 lientleius
417 2389 448 2440 in
466 2408 549 2441 usum
567 2406 650 2441 suum
667 2389 822 2441 convertit.
859 2392 913 2442 Pro
939 2389 1017 2456 fulta
1041 2390 1115 2440 ll'lon.
1138 2394 1161 2444 l.
1188 2387 1238 2441 ha·

78 2462 128 2516 bet
144 2462 195 2527 lla.
232 2461 313 2517 Ouod
329 2460 406 2513 abest
425 2477 443 2512 a
459 2461 534 2521 Gud.
555 2462 587 2524 23
606 2478 679 2512 unus
699 2461 749 2512 Ox.
770 2457 855 2515 tieret.
893 2459 954 2512 Mr.

152 2532 179 2586 tt
198 2549 262 2603 quo
288 2529 412 2598 intelligi
435 2536 540 2598 potest!
578 2531 622 2584 lta
645 2530 798 2603 Coddrlte
821 2571 827 2583 .
857 2531 931 2585 Gud.
958 2536 981 2586 1.
1010 2532 1085 2583 lllon.
1111 2533 1137 2586 2.
1166 2531 1236 2583 Dav.

79 2604 241 2674 probatque
264 2601 440 2657 Goerenzius
467 2603 501 2655 ad
520 2602 579 2656 Cic.
608 2599 642 2653 dc
670 2600 754 2653 Finn.
775 2603 812 2655 1.
832 2604 858 2659 ὅ,
880 2604 921 2659 15.
940 2620 969 2672 p.
993 2605 1054 2658 136:
1084 2603 1133 2672 qui
1162 2601 1237 2656 hunc

79 2693 139 2728 esse
159 2675 264 2727 iustam
282 2672 469 2743 scriptionem
487 2672 616 2727 adhunc
634 2671 731 2724 locum
750 2691 778 2726 se
817 2675 983 2727 robaturum
1009 2675 1159 2744 pollicitus
1183 2683 1234 2730 est.

79 2747 161 2813 Qttod
178 2746 290 2799 utinam
307 2744 460 2814 aliquando
480 2745 545 2797 fiat!
565 2745 599 2798 ln
619 2760 652 2796 eo
670 2762 740 2799 vero
758 2692 883 2811 faliitur,
903 2745 978 2816 quod
997 2746 1119 2817 scriptos
1138 2736 1237 2800 cinnes

80 2834 96 2870 e
114 2819 228 2873 referre
247 2816 400 2870 existimat.
438 2817 512 2869 Nem
531 2824 647 2887 praeter
665 2832 721 2882 eos,
740 2833 811 2885 quos
829 2817 987 2881 nominavi,
1015 2818 1112 2870 nullus
1132 2836 1167 2871 cx
1185 2834 1237 2872 no·

80 2891 148 2942 stris
175 2888 260 2942 libris
285 2887 411 2939 assentit.
450 2886 574 2958 Scripsit
600 2886 686 2940 etiam
714 2887 886 2957 intelligitur
909 2905 962 2960 pro
985 2886 1114 2957 intelligi
1135 2896 1234 2957 potest.

80 2960 161 3026 Quod
183 2976 253 3014 vero
279 2957 364 3012 hodic
393 2957 548 3011 discrimen
576 2966 706 3012 statuunt
733 2960 811 3012 inter
833 2978 849 3013 e
876 2978 929 3030 quo
956 2967 985 3013 et
1012 2977 1047 3012 er
1071 2978 1123 3030 quo
1147 2960 1236 3030 (quod

79 3031 150 3084 alibi
170 3033 228 3084 inm
246 3030 362 3083 uberius
381 3030 580 3100 expositurum
606 3047 634 3082 se
652 3029 803 3100 pollicitus
823 3040 865 3084 est
884 3033 970 3084 Goer.
995 3032 1030 3084 ad
1049 3032 1108 3085 Cic.
1130 3030 1233 3084 Acadd.

80 3103 167 3160 Lll·
186 3105 231 3159 42
250 3120 279 3172 Ρ.
297 3103 332 3158 65
351 3118 391 3170 sq.
423 3102 462 3154 el.
489 3099 657 3154 Rernsborn.
685 3101 746 3153 Lat.
768 3103 818 3155 Gr.
838 3101 861 3167 1.
884 3105 943 3158 150.
965 3105 1119 3172 tpttt.
1149 3101 1236 3154 Ochs-

76 3186 142 3228 uer.
163 3174 200 3226 ad
217 3172 277 3227 Cic.
297 3172 371 3226 Eclo
413 3209 419 3222 .
439 3191 467 3243 p.
487 3174 539 3228 214
557 3190 599 3242 sq.
618 3174 679 3227 305.
700 3189 752 3225 nos
770 3173 805 3224 ud
824 3173 884 3226 cic.
904 3172 938 3225 de
956 3173 1026 3242 llcp.
1037 3174 1059 3224 1.
1071 3174 1115 3226 tt.
1134 3190 1163 3240 Ρ.
1175 3175 1233 3227 131.

80 3245 269 3301 lluddimnnn.
290 3245 360 3296 lnst.
406 3245 464 3295 .L.
484 3245 522 3295 11.
542 3262 570 3313 p.
589 3244 664 3308 331.)
683 3242 717 3295 de
737 3258 771 3296 eo
788 3243 843 3296 sibi
871 3242 997 3296 nondum
1015 3242 1101 3312 plane
1119 3260 1235 3311 persua·

79 3335 144 3369 sum
168 3334 227 3371 csse
250 3316 291 3368 ait
315 3313 440 3368 Orellius
463 3314 498 3365 ad
521 3313 632 3366 scholas
659 3313 773 3370 Wolfii.
811 3314 876 3388 Ego
902 3330 1026 3383 quoque,
1063 3331 1236 3384 quamquem

100 3388 164 3442 lane
193 3386 282 3439 nihili
309 3403 367 3438 esse
391 3403 452 3437 cum
471 3384 686 3437 distinctionem
704 3401 763 3437 non
781 3386 924 3451 existimo,
954 3403 1017 3437 rem
1041 3393 1137 3446 tamen
1164 3401 1236 3439 nou·

79 3407 147 3511 dnm
167 3459 202 3511 ad
220 3456 365 3528 liquidnm
383 3456 553 3527 perductam
570 3456 665 3509 credo.
704 3455 840 3510 Ceterum
866 3457 903 3509 ci.
933 3474 1010 3508 nunc
1038 3457 1143 3509 Hnndii
1161 3457 1236 3508 Tur·

78 3531 217 3583 sellinum
235 3529 258 3582 1.
300 3567 306 3580 .
327 3531 352 3584 3.
382 3527 501 3596 eiusque
526 3527 560 3578 de
579 3526 747 3580 discrimine
773 3528 889 3581 intera
908 3529 990 3581 etad
1012 3527 1236 3599 disptttationem

79 3611 181 3655 contro
198 3546 428 3653 Rntnsirorninm.
450 3629 482 3639 -
519 3597 636 3667 Reliqui
655 3597 724 3650 libri
742 3597 848 3652 hebent
866 3616 914 3652 ex:
941 3599 997 3652 nisi
1016 3599 1092 3670 quod
1117 3599 1147 3652 in
1166 3599 1233 3653 Cod.

79 3671 177 3726 Duisb.
199 3680 241 3725 est
259 3685 351 3741 eoque.
391 3668 453 3725 Mr.

150 3741 291 3811 Quonipin
308 3739 376 3794 iaec
394 3740 455 3794 sine
475 3738 616 3808 doctrino]
653 3741 747 3816 Vulgo
766 3741 815 3809 qui
833 3739 908 3795 iaec.
941 3743 1109 3795 Lectionetn
1127 3743 1235 3805 (lartius,

79 3831 166 3884 qnam
183 3822 307 3884 praestat
326 3814 394 3887 Reg.
432 3812 468 3865 D.

151 3884 278 3955 quoniam
297 3910 330 3923 -
348 3883 475 3951 fuerunt]
512 3884 554 3936 lta
574 3884 667 3937 scribo
685 3901 751 3937 cnm
769 3883 838 3936 Dav.
860 3900 895 3937 ex
912 3884 1039 3937 Bentleii
1059 3885 1143 3937 Codd.
1171 3885 1235 3956 (pro

77 3956 130 4027 qui
147 3988 180 4000 -
198 3957 332 4023 fuerint),
361 3955 465 4026 quibus
492 3955 632 4008 accedunt
658 3957 727 4031 Iteg.
757 3956 942 4025 (quamquam
969 3973 1005 4008 ex
1037 3955 1092 4009 hoc
1120 3955 1236 4008 nonnisi

77 4027 213 4097 quonium
232 4036 378 4083 enotntum
398 4035 452 4079 est:
482 4026 566 4079 credo
585 4035 681 4081 tamen
700 4045 766 4079 cum
785 4027 831 4080 Or.
853 4045 919 4081 eum
944 4026 1080 4081 exhibere
1100 4027 1235 4081 ludicati·

76 4118 157 4166 rum,
181 4117 256 4167 cum,
285 4099 336 4167 qui
361 4098 396 4151 ad
420 4115 486 4150 eum
511 4097 643 4168 proxime
665 4099 814 4162 accedunt,
842 4097 1082 4165 carnotinum)
1113 4099 1186 4152 Gud.
1209 4103 1233 4153 l.

75 4170 132 4224 duo
161 4169 230 4225 Oxx.
260 4170 358 4222 Duisb.
400 4168 513 4222 Habent
556 4179 684 4222 raeterea
710 4171 823 4234 fuerunt
846 4168 900 4222 Ed.
931 4171 966 4222 H.
996 4170 1051 4223 dno
1085 4169 1135 4222 alii
1163 4171 1233 4223 Oxx.

77 4240 165 4296 lllarb.
186 4244 261 4294 Mon.
285 4245 309 4295 l.
328 4240 458 4293 Vinut.
480 4187 554 4292 cui.
574 4243 599 4295 2.
620 4240 693 4315 Aug.
733 4242 766 4293 ln
786 4244 860 4293 Mon.
879 4244 904 4295 2.
926 4251 968 4294 est
988 4241 1122 4310 quomodo
1150 4249 1179 4293 et
1204 4239 1235 4290 in

77 4330 169 4387 marg.
191 4313 247 4381 qui.
286 4314 340 4364 Pro
359 4309 426 4363 ltuec
445 4319 486 4362 est
505 4309 556 4363 ltoc
575 4308 606 4362 in
626 4330 682 4363 tino
701 4313 751 4365 Ox.
773 4321 802 4364 et
821 4312 893 4366 Gud.
923 4312 1006 4367 Solus
1025 4313 1108 4365 Vind.
1131 4317 1154 4366 l.
1175 4311 1235 4374 fue-

79 4391 145 4438 runt
165 4383 314 4436 credituri.
336 4381 571 4436 cutenorum·
595 4384 727 4449 ferunt.
765 4384 877 4437 Nissen.
905 4400 959 4455 pro
982 4381 1049 4437 laec
1077 4382 1235 4434 coniiciens

77 4471 135 4519 nec,
154 4455 204 4508 vel
222 4458 273 4507 nec
290 4462 353 4523 pest
370 4450 439 4505 boec
458 4453 594 4518 excidisse
613 4455 769 4524 suspicans,
798 4455 874 4508 nihil
894 4456 950 4507 nisi
971 4470 1004 4507 eo
1023 4455 1163 4523 protessus
1182 4460 1235 4519 est,

107 4594 187 4635 Cicero
203 4592 267 4635 Ture.
281 4593 350 4649 Disp.
365 4594 400 4638 ert.
417 4593 501 4639 Moser.
520 4593 545 4638 T.
562 4594 580 4634 1.
971 4563 1008 4621 Η
