2828 5070
531 110 663 175 LIBER
683 111 711 185 l,
731 111 784 180 35·
926 110 936 123 '
1172 115 1235 181 291

68 274 246 359 Pompeio,
279 236 398 341 nostro
420 277 590 356 familiari,
623 298 724 357 quum
751 279 905 365 graviter
931 286 1125 364 aegrotaret
1144 280 1276 343 Nea-86

69 360 156 439 poli,
178 360 299 420 melius
321 362 535 423 estfactum:
557 364 712 423 coronati
724 362 941 445 Neapolitani
961 364 1114 425 fuerunt:
1136 364 1235 425 nimi·

1088 488 1217 499 ψ

74 543 233 597 occidisset
263 545 328 608 (sic
354 546 466 597 Victor.
491 545 604 600 Eliens.
623 564 668 617 pr.
694 563 750 600 seo.
778 554 806 600 et
830 546 899 600 Ball.
927 562 986 599 non
1010 546 1172 612 accidisset,
1201 556 1236 601 ut

72 614 301 743 {pslgap’talem
329 622 451 671 ereetum
474 618 589 671 cornino
610 617 765 671 amisisset.
806 618 882 672 Vide
901 617 1070 681 Iuvenalem
1095 617 1181 687 satir.
1200 619 1236 686 X,

146 762 207 809 tum
222 756 348 825 potuerit
366 757 394 811 er'
412 755 522 823 metius]
553 757 639 811 Vind.
660 763 684 813 l.
700 759 828 827 potuerit
846 759 874 813 ei
892 766 950 823 tom
967 759 1075 825 opelius.
1114 763 1188 813 Mon.
1210 767 1235 816 l.

74 832 150 892 tarra,
170 844 237 889 cum
260 843 318 881 uno
338 829 405 894 0x.;
438 829 535 883 Duisb.
561 836 621 881 tum
645 829 675 883 er‘
697 830 798 883 melius
820 833 956 901 potuerit.
985 830 1059 884 Gud.
1078 831 1180 885 melius
1198 832 1234 887 εἰ.

72 896 117 951 Ad
135 916 214 969 seqq.
242 902 326 953 tatem
352 914 408 953 noa
436 898 584 959 habuisset.
608 908 669 953 tam
700 900 810 957 multae
837 910 866 956 et
889 904 990 957 variae
1015 910 1084 955 sunt
1101 903 1236 961 virorum

10 974 12 1019 !
73 969 227 1023 doctorum
246 971 418 1035 sententiae,
446 978 479 1023 ut
502 987 547 1027 eas
571 972 602 1024 in
620 968 786 1027 Excursum
811 973 986 1043 reiiciendas
1010 973 1108 1043 ibique
1127 972 1236 1027 diiudi-

71 1040 179 1107 candus
201 1042 409 1103 censuerimus.
447 1041 508 1095 Mr.

143 1110 274 1178 Pompeio
294 1139 326 1149 -
346 1112 444 1163 arelius
463 1110 640 1179 estfactum]
677 1112 844 1179 convaluit,
862 1114 1019 1185 pristinam
1037 1113 1235 1168 valetudinem

71 1183 454 1309 recupprgritDPompeius.
496 1182 611 1239 Eodem
637 1185 721 1249 modo
755 1183 889 1259 loquitur
918 1184 1063 1247 Arnobius
1092 1184 1143 1241 lib.
1169 1185 1233 1239 vlt.

67 1268 140 1321 ra·
183 1256 227 1317 ο..
277 1291 300 1317 ,.
364 1308 366 1312 ,

87 1270 241 1377 'gaostro
265 1322 428 1391 faeniliarr']
462 1324 532 1379 Cod.
551 1323 641 1380 Retia.
666 1324 814 1392 familiari
839 1334 943 1393 aestro.
987 1328 1022 1381 In
1048 1344 1129 1397 seqq.
1155 1325 1236 1381 dedit

69 1392 121 1445 Or.
142 1400 320 1461 aegrotasset
344 1412 411 1455 cum
436 1395 510 1453 Lall.
536 1396 608 1449 Era.
635 1395 719 1467 Schm
744 1396 835 1465 Nobis.
861 1416 896 1451 ex
923 1397 990 1452 Cod.
1010 1398 1080 1474 lieg.
1099 1397 1153 1451 aa.
1173 1406 1233 1451 ret.

67 1462 237 1531 Bouhierii,
257 1473 358 1531 nostra
376 1465 410 1527 ll.
451 1466 539 1521 Certe
556 1467 613 1521 hoc
631 1468 796 1521 accuratius
816 1469 927 1521 dictum
941 1470 1034 1527 rideri
1054 1475 1151 1538 potest
1169 1468 1235 1523 vul-

109 1542 141 1588 to
160 1542 339 1601 aegrotaret:
370 1552 429 1599 non
458 1538 537 1591 enim
564 1538 643 1599 inter
660 1539 921 1593 convalescendum
948 1540 974 1592 ei
993 1538 1155 1615 gratulatos
1173 1554 1237 1611 esse

94 1606 209 1659 emines
230 1606 390 1670 existimes,
412 1607 462 1660 sed
479 1616 632 1678 postquam
652 1608 848 1663 convaluerat.
874 1608 929 1663 Sed
947 1626 1007 1663 non
1027 1628 1056 1662 se
1080 1608 1161 1660 uitur
1178 1607 1237 1681 hoc

69 1678 174 1731 statim
191 1686 258 1747 post
276 1678 379 1731 rerba:
408 1694 471 1741 crem
494 1679 625 1745 graviter
643 1684 819 1747 aegrotaret,
847 1678 910 1735 sed:
935 1680 1031 1741 melius
1055 1628 1159 1749 pueliam
1182 1686 1234 1731 est.

68 1747 396 1818 Plusqaamperl‘ectum
424 1750 448 1801 si
466 1764 601 1818 poneres,
626 1747 808 1819 loqueretur,
835 1750 915 1818 quasi
935 1749 1063 1815 diceret:
1105 1756 1237 1817 aetenam

70 1818 200 1877 desierat
220 1825 382 1887 aegrotare,
402 1827 555 1886 aegrotare
573 1818 670 1891 desiit.
702 1816 782 1884 Quod
799 1824 868 1875 vert)
887 1822 929 1873 ait
945 1818 1069 1885 Rathiue
1082 1766 1237 1873 ssavtstum

72 1892 107 1957 in
124 1888 179 1949 Ea
198 1892 226 1959 3.
246 1889 383 1955 exhilpere
403 1896 582 1959 aegrotaret,
611 1890 643 1953 ip
662 1892 697 1944 eo'
719 1888 873 1961 adeundum
892 1890 1059 1945 caecutivit.
1097 1890 1173 1953 Nam
1201 1892 1237 1947 ad

69 1978 191 2027 menum
221 1969 264 2015 est
288 1959 340 2027 ilta
362 1960 429 2026 Ed,
459 1978 532 2031 quae
557 1958 680 2033 totidem
698 1950 797 2013 literis
823 1958 910 2017 habet
937 1968 1108 2033 aegrotaret.
1146 1960 1236 2017 Recte

69 2030 266 2095 FAWolfiusr
297 2038 480 2106 aegrotantes
505 2030 709 2093 convalescere
728 2030 823 2085 solent
848 2032 927 2095 inter
945 2032 1163 2109 aegrotandum.
1201 2034 1237 2087 ln

73 2100 144 2163 Cod-
164 2104 239 2163 ilen.
261 2105 285 2159 l.
311 2110 354 2157 est
371 2101 528 2171 Neapolim,
556 2100 731 2159 adhaerente
755 2103 852 2173 prima
871 2102 954 2157 verbi
973 2106 1119 2172 sequentis
1137 2103 1234 2159 litera.

73 2172 109 2231 se
132 2171 215 2239 uitur
238 2174 270 2225 in
297 2171 365 2233 Geel.
384 2169 419 2224 D.
447 2174 550 2227 arelius
572 2174 678 2238 [aalma
703 2177 754 2227 eet.
798 2170 881 2225 Hanc
907 2172 1026 2242 quidem
1052 2172 1236 2227 locutionem

70 2190 181 2307 addere
198 2250 315 2313 poterat
333 2243 360 2295 J.
374 2244 505 2299 vorstius
524 2242 600 2305 libro
615 2259 665 2297 suo
685 2241 720 2317 de
737 2242 894 2315 &afinitate
912 2242 987 2297 falso
1006 2251 1148 2313 suspecte,
1167 2260 1235 2295 cum

71 2314 176 2371 mlier
192 2315 299 2379 tectum
318 2322 360 2366 eet
380 2315 468 2385 plane
486 2312 657 2385 respondeat
675 2320 773 2379 nostro
801 2330 837 2367 es
862 2311 914 2377 ist
940 2314 1074 2369 besser'
1089 2330 1236 2391 gewor-

70 2386 151 2445 den.
187 2383 335 2447 Similiter
359 2386 431 2449 dicit
455 2394 556 2445 noster
580 2384 666 2455 plane
689 2382 724 2435 ad
743 2382 957 2449 Germanorum
984 2382 1103 2453 modum
1121 2382 1157 2455 ad
1174 2384 1234 2438 Art.

73 2456 146 2523 XIV.
170 2459 220 2511 15:
245 2456 348 2524 incipit
368 2473 414 2510 res
432 2456 534 2521 melias
552 2455 606 2520 ire,
633 2471 713 2524 prtem
730 2461 871 2525 putaram.
907 2454 968 2511 Mr.

147 2526 287 2587 Coronati
314 2526 498 2593 Neapolitani
504 2526 515 2593 ]
553 2527 680 2599 Coronea
705 2526 871 2599 mpublica
898 2527 1012 2587 laetitia
1030 2536 1125 2607 gestas
1143 2528 1236 2585 tuisse

77 2596 190 2663 decebit
208 2598 288 2653 inter
305 2599 378 2663 alios
399 2596 461 2653 Car.
483 2596 649 2671 Paschalips
667 2598 702 2669 de
722 2595 826 2655 Ceron.
849 2597 899 2651 lib.
920 2599 957 2653 ll.
979 2618 1042 2671 cap.
1060 2598 1108 2657 xt.
1143 2600 1179 2667 D.

146 2687 276 2745 coronati
303 2685 486 2753 Neapolitani
512 2688 639 2751 suerunt.-
667 2684 801 2749 nimirum
826 2685 893 2753 eta]
930 2687 1026 2751 „Cum
1049 2689 1097 2741 his
1116 2689 1236 2759 quidem

76 2761 273 2823 consentiunt,
294 2776 367 2827 quae
388 2755 560 2809 Plutarchus
581 2758 611 2808 in
630 2758 765 2826 Pompeio
783 2775 813 2829 p.
833 2760 894 2813 tte.
915 2758 1000 2811 Frob.
1022 2768 1135 2813 narrat:
1161 2767 1240 2829 atte-¹

75 2846 144 2887 men
162 2839 240 2893 eunt,
258 2846 396 2898 quaeme
415 2828 572 2883 offendant.
611 2826 680 2891 Cur,
705 2845 771 2881 etun
796 2830 985 2882 antecesserit
1008 2832 1134 2895 suerunt,
1165 2846 1235 2882 rnox

77 2902 211 2970 maniter
236 2900 471 2968 gratulabaateet
501 2900 584 2953 cuius
609 2907 690 2961 certe
714 2906 881 2968 temporum
903 2901 1130 2968 permutationis
1150 2916 1235 2953 causa

75 2973 160 3027 reddi
177 2978 276 3041 petest
291 2971 382 3025 nulla.
420 2968 532 3025 Deinde
551 2970 628 3025 istud
645 2970 781 3025 nimirum
797 2969 846 3022 vel
865 2970 959 3023 solum
977 2969 1167 3043 glossatorem
1187 2986 1234 3037 ar·

96 3045 157 3095 uit:
194 3058 288 3125 neque
320 3043 398 3097 enim
430 3042 569 3095 convenit
593 3040 729 3104 Ciceroni
755 3040 853 3109 aliqua
879 3057 915 3095 ex
941 3041 1239 3111 interpretationibus.

75 3059 166 3169 finias
185 3127 267 3169 vecte
284 3112 380 3173 solitis
398 3112 470 3178 (siste
489 3111 585 3175 dubio,
612 3112 643 3165 m'
660 3114 756 3177 fallor,
775 3111 884 3179 opinor,
908 3110 1047 3175 scilicetlr
1074 3127 1106 3164 eo
1125 3112 1234 3167 mellus

76 3183 216 3241 convenit
235 3200 267 3237 ea
288 3200 346 3241 vor
384 3184 529 3239 lassatori.
567 3181 697 3253 Denique
725 3182 868 3253 quomodo
890 3189 988 3252 petest
1007 3182 1111 3237 cicero
1135 3182 1234 3237 dicere

76 3254 301 3331 gratulationem
329 3203 476 3324 puffillcam
503 3256 627 3322 irreptum
652 3271 720 3308 uerte
738 3255 880 3322 negotium
898 3260 925 3307 et
946 3254 1136 3309 Graeculum?
1165 3253 1234 3309 ride

76 3327 160 3381 modo
180 3324 228 3377 0r.
256 3327 289 3379 in
314 3327 410 3380 Pison.
438 3344 462 3379 e.
484 3329 544 3386 itt.
568 3342 643 3378 meae
671 3325 793 3397 quidem,
816 3327 868 3390 ait,
893 3326 1004 3385 reditus
1022 3324 1051 3381 ia
1069 3325 1136 3390 fuit,
1164 3332 1196 3378 ut
1215 3338 1235 3379 a

75 3397 240 3454 Brundusio
267 3413 354 3467 arque
388 3397 505 3453 Romam
535 3412 635 3463 agmen
660 3402 819 3465 perpetuum
849 3396 938 3451 totius
963 3396 1069 3450 Italiae
1097 3400 1233 3453 riderem.

75 3470 171 3538 Nepae
191 3467 264 3521 raim
283 3468 366 3535 regio
383 3469 441 3532 tuit
460 3470 520 3521 atla
535 3499 563 3509 -
581 3484 615 3521 aa
633 3485 687 3537 qua
707 3469 886 3537 neapolitae
904 3469 943 3521 ad
960 3485 1003 3522 me
1015 3468 1143 3523 venerint
1161 3486 1233 3537 gra-

76 3541 205 3595 tulaturo.
229 3540 361 3597 Possitne
379 3538 439 3593 Cic.
461 3541 491 3593 id
509 3539 627 3606 irreptare
642 3540 752 3603 dicere,
771 3541 808 3595 de
826 3556 883 3610 quo
901 3557 967 3605 eum
986 3540 1083 3611 ipsum
1101 3541 1235 3610 aliquan-

76 3611 111 3664 de
130 3610 293 3684 gloriatum
310 3611 412 3663 videet
443 3612 525 3686 Ergo
545 3627 604 3665 non
643 3611 849 3665 ratulata'onem
868 3611 1026 3680 publicam,
1046 3612 1097 3665 sed
1113 3627 1234 3665 corona-

75 3688 169 3740 torum
186 3681 447 3750 Neapolitanorum
471 3683 594 3749 ineptam
639 3683 706 3747 'cite
739 3698 809 3757 ergo
835 3698 895 3735 non
917 3698 1017 3735 ornnes
1043 3699 1079 3743 ert
1097 3683 1233 3739 erunibus

75 3751 189 3822 oppidis
209 3752 405 3825 pertentaturos
423 3753 523 3807 intelli
548 3755 585 3807 it:
619 3754 670 3821 qui
694 3753 773 3811 euim
795 3754 941 3822 potuisset
957 3768 1059 3811 eorum
1078 3756 1233 3839 negotium

75 3822 244 3879 Graeculam
262 3823 383 3879 diceret
417 3773 620 3885 tataneqtalia
638 3832 772 3885 coronata
790 3824 871 3877 tutet
907 3823 1072 3885 Scriberem
1091 3825 1188 3900 igitur
1206 3826 1233 3881 si

75 3912 119 3949 res
138 3894 199 3947 mei
217 3895 335 3949 arbitrii
355 3903 442 3949 esset:
469 3897 600 3966 Pompeio
619 3929 651 3939 -
671 3894 773 3949 melius
791 3901 833 3951 eet
850 3895 963 3957 tactum.
1002 3895 1141 3957 Coronati
1157 3898 1233 3950 Nea-

71 3962 199 4032 aah'tant'
216 3972 390 4023 verterunt
409 3968 518 4034 publice
539 3969 782 4036 gratulatorie
814 3965 949 4032 (abiectis
976 3966 1073 4029 uerbis
1099 3967 1235 4023 aiorirum
1285 4016 1291 4021 .

74 4068 107 4081 -
127 4036 289 4104 oppidis).“
316 4036 447 4097 Rutiliae.

145 4110 276 4162 coronati
296 4141 327 4163 ψ
346 4111 480 4165 nimirem
498 4109 566 4177 etc]
603 4109 707 4167 Rathio
726 4109 881 4179 respondet
899 4125 1002 4175 censor
1018 4111 1152 4171 lenensis
1170 4110 1191 4161 l.
1206 4124 1232 4164 c.

72 4195 101 4247 p·
120 4180 195 4234 388:
216 4180 401 4243 „Perfectum
421 4184 536 4246 fueruat
554 4179 687 4251 ἀορίστως
704 4182 848 4251 positum:
868 4182 1078 4251 Imperfectum
1097 4189 1142 4233 est
1159 4188 1235 4241 tem-

73 4266 128 4318 pus
147 4251 274 4305 actionis
292 4252 433 4308 durantis.
470 4252 613 4307 Niarr'rum
633 4254 781 4329 significat
799 4254 819 4310 i.
839 4271 867 4323 q.
893 4253 940 4309 nil
957 4254 1068 4307 mirum
1087 4252 1234 4315 (natir-

946 4363 1008 4422 19*
