2812 5064
126 295 131 303 “
177 298 243 368 248
380 293 612 362 CICERONIS
633 291 883 361 tuscum.
904 293 1137 362 DISPUTAT.

179 469 253 553 ipse
282 470 427 549 intuens,
467 481 714 549 nonnumquam
748 461 914 538 hebescit3
954 463 998 526 ob
1029 481 1170 545 eamque
1202 481 1338 529 causem

179 552 430 632 contemplandi
459 545 667 640 diligentium
693 548 889 611 emittimus.
932 545 1048 628 Itaque
1070 544 1240 627 dubitans,
1271 551 1338 611 cir-

179 645 422 722 cumspectans,
467 633 654 711 haesitans,
696 628 804 693 multa
847 627 988 702 aduersu
1025 649 1202 704 reverens,
1254 637 1340 693 tem·

178 827 290 898 quitur,
311 809 370 879 ¹non
389 824 537 883 Socrates:
564 821 696 897 alioquin
715 821 815 878 dicere
832 820 995 877 debuisset:
1026 830 1189 900 quemquern
1206 814 1341 870 dubituru

175 913 256 966 poene
274 894 363 966 [quod
380 898 539 954 coniecisse
557 898 730 955 HWollium
749 892 835 967 uixit
873 892 966 964 Quare
990 907 1041 945 eeu
1064 892 1142 943 tenu
1160 894 1258 942 recte.-
1285 904 1340 959 pe·

176 984 246 1021 rum
263 966 336 1023 bene
353 974 459 1031 autem,
479 969 556 1038 quod
572 968 645 1026 Ere.
664 970 802 1035 malebat,
829 970 936 1024 ueniret
955 964 1075 1023 dictum.
1114 958 1191 1029 Quae
1210 974 1339 1030 sequun-

176 1045 228 1093 tur
246 1039 302 1092 etsi
322 1053 380 1090 non
399 1046 465 1110 apte
484 1038 651 1104 cohaerent,
671 1037 761 1110 (quod
783 1042 897 1094 notavit
914 1040 1001 1104 Bru.)
1020 1047 1116 1094 tamen
1134 1032 1201 1088 aliis
1221 1044 1339 1103 quoque

175 1108 251 1164 locis
275 1110 500 1180 comparationis
528 1111 658 1164 membru
681 1111 759 1167 haud
783 1110 948 1236 eleqeutius
976 1110 1116 1182 disposita
1140 1107 1222 1164 vides
1256 1123 1285 1161 v.
1310 1117 1336 1155 c.

176 1196 265 1250 cupre
292 1197 317 1232 c.
344 1183 388 1242 1⁰,
413 1179 482 1235 2⁰³⁴
522 1176 726 1235 Ἀνακόλουθον
755 1200 815 1238 esse
852 1182 1029 1246 acutionem,
1056 1198 1151 1251 neque
1177 1178 1339 1252 quidquem

175 1248 394 1326 corrigendum,
413 1250 568 1305 statuimus
586 1269 652 1306 cmn
671 1252 844 1320 FAWollio,
872 1253 983 1308 Orellio
1003 1261 1032 1307 et
1050 1251 1204 1307 Kiihnero:
1235 1266 1338 1323 quam·

234 1337 263 1372 m
282 1322 369 1374 etiarn
387 1319 523 1376 Reiskius
548 1331 615 1392 post
637 1323 818 1380 intuerentur
843 1323 941 1380 deesse
963 1323 1077 1394 aliquid
1101 1320 1237 1378 censebat
1261 1339 1290 1378 v.
1311 1337 1336 1375 c.

175 1400 219 1446 stu
237 1391 380 1479 occaecati
391 1399 460 1476 'aunt
487 1410 514 1444 v.
540 1393 584 1445 itu
601 1390 729 1478 Jtebetuti
746 1402 828 1448 eunt:
862 1412 936 1465 qliae
962 1395 1013 1463 qui
1028 1392 1138 1478 reddet,
1161 1392 1337 1475 Ciceronem

175 1462 852 1601 ardincxixciininxeiithicniaiuffi,hilbertllduffddxff,
868 1465 1338 1607 pssimocslihe'biffliigmutesiigt

174 1604 262 1660 etiam
281 1602 390 1669 Bentl,
408 1601 598 1659 ἀνακόλουθον
616 1606 787 1661 sustuleris:
816 1605 866 1661 sed
884 1624 901 1659 a
919 1617 1085 1663 correctore
1109 1605 1254 1660 abiectam
1273 1620 1336 1659 ease

174 1674 253 1730 mihi
270 1672 388 1745 quidem
407 1682 520 1729 certum
543 1674 672 1730 videtur.
709 1676 749 1729 Ut
772 1692 843 1732 vero
862 1676 938 1730 dixit
957 1676 1017 1731 cic.
1037 1676 1069 1731 h.
1090 1677 1112 1729 1.
1136 1677 1248 1730 acriter
1271 1691 1337 1729 oce·

174 1746 215 1800 lie
232 1777 266 1789 -
286 1746 374 1798 colem
391 1744 509 1810 intueri,
528 1747 671 1803 similiter
696 1745 743 1803 Or.
783 1746 1074 1812 romannorum:
1105 1763 1188 1819 quum
1212 1747 1336 1800 marine

175 1815 297 1870 intentis
315 1814 405 1868 oculie
424 1843 459 1853 -
476 1817 617 1869 acerrime
634 1764 865 1884 corrumpimini.
903 1816 937 1871 Iu
955 1817 1009 1870 Ed.
1025 1820 1097 1873 Ven.
1117 1819 1217 1871 Alteri
1235 1824 1281 1873 est
1299 1835 1336 1871 ex

66 1940 76 1951 ,
174 1904 251 1943 corr.
276 1886 425 1953 amittunt,
456 1887 534 1956 quod
558 1887 687 1943 voluisse
714 1886 887 1944 HWoltium
916 1888 1054 1944 diximus.
1083 1920 1117 1931 -
1154 1888 1236 1955 Quod
1262 1886 1293 1941 h.
1311 1887 1332 1940 l.

175 1959 253 2015 dixit
280 1957 384 2015 mentis
411 1957 500 2024 erice,
532 1975 565 2013 ea
589 1958 762 2029 metaphora
785 1959 899 2030 saepius
924 1977 994 2013 usus
1013 1956 1059 2012 est'
1074 1977 1103 2013 v.
1123 1976 1148 2017 c.
1171 1956 1277 2015 hcedd,
1296 1959 1333 2012 11.

173 2033 220 2089 39.
249 2027 475 2157 uciepningeuii,⁸
501 2027 536 2083 de
560 2026 627 2084 Seu.
651 2032 696 2087 23.
725 2029 815 2085 cumi
843 2029 934 2095 aciem
962 2028 998 2084 de
1019 2028 1085 2086 Dis.
1111 2030 1136 2084 1.
1155 2032 1200 2088 29.
1229 2028 1332 2086 Tusce.

201 2139 209 2154 .
265 2140 273 2155 .
344 2119 369 2154 r.

173 2102 200 2157 v
229 2106 283 2232 ige
306 2177 370 2248 ipsa
393 2168 522 2244 intuens]
557 2169 654 2249 Vulgo
677 2168 786 2243 ipram
815 2173 865 2230 sed
888 2173 998 2229 veteris
1017 2171 1134 2229 Codicis
1158 2193 1176 2227 u
1194 2171 1333 2229 Lambiuo

172 2247 266 2312 citeti,
293 2248 362 2322 Reg.
380 2254 409 2302 et
427 2247 537 2302 Eliens.
578 2245 680 2300 rimis
703 2261 807 2300 eruere
829 2262 887 2299 nou
905 2246 1057 2316 potuimus
1075 2243 1260 2321 elegantiam.
1297 2245 1334 2298 D.

244 2334 276 2372 ee
293 2319 373 2388 ipen
391 2317 517 2386 intusne]
552 2265 621 2387 ipra
647 2335 662 2370 e
706 2316 786 2371 ibent
812 2316 900 2371 Codd.
919 2315 990 2392 neg.
1016 2316 1091 2372 Gud.
1112 2322 1136 2372 l.
1165 2316 1239 2370 ned.
1259 2316 1333 2369 Ern.

172 2384 258 2447 Scbc.
277 2389 369 2444 Nobb.
389 2391 457 2458 Or.;
475 2398 556 2445 recte
574 2388 625 2443 bio
652 2396 752 2444 monet
771 2386 985 2458 oppositionem
1004 2401 1034 2440 ee
1052 2385 1145 2455 ipram
1171 2386 1244 2452 (nec
1262 2402 1334 2441 vero

172 2459 261 2514 aliern
278 2461 360 2528 rem)
382 2461 433 2514 hic
452 2463 549 2516 locum
569 2477 628 2515 non
645 2460 760 2516 habere.
789 2458 855 2516 vid.
881 2474 934 2512 noe
959 2474 1046 2528 supra
1064 2457 1100 2511 ad
1117 2475 1143 2511 c.
1162 2461 1208 2525 23,
1225 2460 1270 2515 54.
1298 2459 1337 2512 ed

172 2550 201 2586 v.
221 2548 292 2602 quue
311 2549 341 2585 ee
359 2534 439 2601 ipra
456 2549 567 2601 temper
584 2539 703 2587 moueat.
723 2531 792 2589 (lod.
809 2529 884 2586 Gud.
906 2529 1019 2583 omittit
1036 2531 1095 2582 tria
1112 2526 1167 2583 illa
1184 2528 1334 2587 vocabule,

172 2602 228 2656 Pro
247 2602 367 2656 hebescit
387 2603 456 2660 God.
477 2603 566 2656 llurb.
586 2605 697 2657 eteecit.
716 2606 789 2681 Aug.
819 2621 873 2656 uon
896 2615 1019 2669 uuquam
1044 2616 1098 2671 pro
1126 2617 1334 2671 nonnunquam.

171 2670 248 2726 Tum
268 2674 342 2727 Gud.
370 2675 403 2726 ot
430 2691 503 2727 eum
520 2690 645 2739 caucum,
678 2675 757 2728 idem
775 2677 894 2738 omittit,
945 2672 1002 2728 nod
1026 2687 1093 2724 cum
1111 2672 1161 2725 Fr.
1181 2672 1266 2725 Febr.
1287 2689 1337 2726 re·

171 2746 299 2815 perisset
318 2745 349 2796 in
370 2745 438 2798 God.
460 2746 523 2799 Col.
541 2745 744 2816 recipiendum
763 2747 884 2802 censuit.
922 2694 987 2822 ign
1014 2758 1085 2799 reru
1106 2743 1131 2799 si
1150 2743 1199 2798 vel
1216 2744 1248 2794 in
1266 2743 1336 2813 plu·

172 2815 254 2869 ribus
272 2817 465 2886 reperiretur,
490 2818 651 2870 correctori
670 2817 841 2871 tribuerem.
878 2818 937 2871 Mr.

243 2886 341 2956 ltaque
360 2887 492 2939 dutituue
511 2887 579 2952 etc.]
599 2885 664 2951 „Ad
681 2886 710 2943 h.
731 2887 751 2939 1.
772 2891 810 2940 cl.
829 2888 873 2943 W
909 2885 1041 2945 teubech.
1061 2885 1097 2941 ed
1114 2885 1222 2940 Pluton.
1241 2883 1337 2939 Phne-

172 2956 238 3015 don.
259 2976 287 3028 p.
307 2960 369 3012 227.
390 2958 439 3010 ubi
457 2956 535 3011 haud
552 2956 686 3034 vulgaria
704 2957 818 3032 leges.“
836 2958 872 3012 Sc
891 2957 952 3011 uei.
984 2958 1044 3011 Cic.
1064 2959 1096 3012 in
1114 2959 1170 3011 Pis.
1191 2960 1233 3012 41.
1264 2958 1336 3009 Cir·

171 3036 362 3097 cumpectune
380 3029 486 3094 omniu,
506 3028 645 3099 quidquid
663 3030 834 3097 increpuerit
851 3032 1061 3097 pertimescens.
1096 3028 1158 3082 Mr.

242 3101 333 3152 multu
356 3101 477 3152 adoereu
505 3098 711 3165 reuertens]
749 3100 881 3162 „Purior
910 3099 998 3153 lectio
1026 3106 1069 3152 est
1089 3115 1235 3154 reverens:
1267 3098 1334 3152 nisi

172 3187 318 3241 mouere
343 3170 419 3224 velis
444 3177 589 3223 reuertens
620 3185 675 3241 pro
705 3172 868 3246 recogitans
904 3170 1123 3240 respiciensque
1160 3170 1255 3223 multa
1282 3187 1334 3222 re-

169 3241 628 3367 titililslzltlzllt?
643 3239 1334 3365 iiiiii*,tliilitsltb‘lll{tilla}

169 3382 357 3438 habeamus.“
383 3384 517 3436 Beruuld.
544 3383 601 3447 „In
621 3329 683 3434 {ute
700 3349 786 3455 habiit
803 3391 863 3436 vet.
884 3383 945 3435 cod.
966 3399 999 3436 uc
1018 3347 1061 3435 sic
1079 3329 1240 3458 legendum?
1250 3382 1333 3434 vide-

170 3463 222 3507 tur
234 3473 270 3508 ex
280 3453 428 3507 Phaedone
437 3453 594 3507 Platonis.“
611 3453 814 3506 CommAnon.
827 3469 871 3521 up.
883 3453 967 3506 Leod
984 3454 1050 3518 „lta
1059 3469 1215 3507 numerose
1224 3453 1334 3505 cadunt

169 3524 242 3578 haec
258 3525 356 3589 verbe,
370 3532 479 3593 utpars
496 3524 531 3576 de
548 3525 646 3593 aliquo
657 3541 745 3577 versu
755 3542 816 3579 esse
826 3522 989 3578 videatur.“
1009 3525 1154 3578 Camerur.
1186 3524 1334 3589 „Videtur

169 3593 392 3649 hemistichium
401 3612 462 3647 esse
471 3596 579 3647 veteris
593 3594 717 3647 alicuius
727 3599 839 3664 po'e'tae,
853 3605 882 3649 et
890 3597 960 3665 poni
977 3595 1012 3659 (si
1024 3595 1160 3648 mendum
1171 3595 1265 3655 abest)
1278 3610 1332 3664 pro

170 3681 215 3731 eo,
232 3666 308 3734 quod
320 3672 364 3718 est
378 3662 610 3718 adversariorum
629 3675 810 3741 argumenta,
828 3668 910 3736 quusi
923 3664 1062 3719 hostilem
1075 3666 1177 3732 aciem,
1196 3667 1334 3720 reformi-

170 3736 240 3791 dans
249 3744 335 3805 atque
351 3735 509 3821 refugiens.
531 3735 715 3805 Comparatio
726 3744 822 3789 autem
835 3736 889 3789 illu
904 3754 970 3789 cum
979 3745 1043 3789 rate
1056 3738 1087 3789 in
1099 3737 1243 3790 immenso
1256 3736 1334 3789 inari

170 3807 321 3883 eleganter
348 3807 490 3876 exprimit
507 3806 708 3871 Academicum
731 3807 972 3861 dubitationem.“
997 3808 1117 3872 HWoif.
1140 3808 1332 3884 „Legendum

170 3885 303 3946 tunquam
328 3877 359 3930 iu
387 3884 458 3942 rute,
485 3877 517 3930 iu
541 3876 619 3930 muri
636 3885 690 3933 etc.
715 3876 771 3929 hoc
796 3879 935 3948 primum,
959 3878 1204 3947 quemadmodum
1222 3877 1334 3931 habent

168 3949 241 4003 libri
261 3955 384 4013 veteres,
405 3957 434 4001 et
452 3949 535 4001 docet
553 3948 623 4003 Adr.
643 3946 796 4001 Turnebus
815 3946 866 4002 lib·
887 3953 930 4004 lu.
954 3949 1111 4004 Adversar.
1133 3958 1162 4002 et
1181 3951 1222 4002 ita
1241 3951 1334 4002 iusse-

168 4037 232 4074 ram
252 4019 325 4072 olim
344 4018 457 4073 excudi.
496 4019 748 4071 Reuerensautem
767 4020 867 4086 reieci,
891 4027 926 4072 ut
943 4022 1142 4091 suppositn1u3
1174 4026 1332 4085 revertens,

168 4099 203 4145 ut
221 4098 336 4145 rectum
357 4098 385 4142 et
403 4090 577 4145 auctoritate
596 4087 739 4142 librorum
758 4109 846 4143 manu
865 4091 1043 4162 scriptorum
1061 4097 1175 4155 nixum,
1199 4091 1331 4161 probavi.

168 4181 257 4236 quem
284 4161 443 4213 lectionem
471 4159 549 4213 idem
573 4158 724 4213 Turnebus
753 4169 855 4213 tuetur
880 4169 911 4215 et
937 4162 1065 4232 explicat
1085 4161 1207 4217 erudite.
1245 4161 1332 4213 Prae-

168 4244 248 4290 terea
267 4233 344 4285 rutio
364 4231 529 4306 legendum,
549 4239 583 4283 ut
603 4238 631 4284 et
646 4231 718 4283 olim
736 4231 880 4284 edendum
893 4234 1004 4298 curavi,
1024 4249 1084 4286 non
1102 4233 1208 4286 orutio.
1233 4231 1334 4305 Signi-

167 4304 237 4359 hcet
265 4305 344 4359 enim
371 4309 488 4355 nostrae
515 4303 622 4356 mentis
646 4302 740 4355 aciem
768 4309 798 4355 et
822 4304 969 4357 rationem
994 4307 1026 4357 in
1044 4303 1101 4358 hoc
1123 4303 1232 4357 mundo
1251 4302 1334 4368 vehi,

167 4384 305 4447 tauquam
330 4375 381 4446 qui
407 4375 439 4426 iu
465 4380 526 4428 rute
554 4371 683 4438 vehitur,
713 4374 744 4425 in
772 4374 846 4425 mari
874 4375 1033 4430 immenso:
1061 4376 1097 4428 de
1121 4373 1255 4429 oratione
1274 4386 1336 4427 non

166 4446 333 4519 loquitur.“
356 4443 519 4500 huushinue.
558 4479 578 4512 ,‚
586 4442 734 4512 Quomodo
752 4442 851 4498 Lemb-
869 4444 933 4522 legi
950 4447 992 4500 eit
1010 4447 1042 4500 in
1061 4447 1122 4500 suis
1140 4444 1223 4500 MSS.
1251 4445 1337 4511 (tun-
