2828 5070
506 317 637 381 emm
657 314 685 399 1,
705 320 755 386 ro.
803 415 806 423 Ι
1150 319 1214 388 oto

60 479 156 542 iliuai
181 477 398 562 destitutique
422 479 607 548 videamur.
651 482 747 549 Quod
774 485 803 546 si
830 481 1048 566 exspectando
1069 494 1104 549 et
1124 483 1253 551 desi-96

62 560 213 626 derando
241 560 421 645 pendemus
454 567 584 645 animis,
624 568 827 646 cruciamur,
862 570 1035 652 angimur3
1070 587 1135 651 pro
1163 566 1213 630 dii

63 646 281 708 immortales!
306 665 402 727 quam
422 645 507 709 illud
527 650 594 710 iter
614 649 798 747 iucundum
819 668 890 712 esse
911 649 1019 728 debet,
1048 671 1113 732 quo
1133 669 1213 714 cou-

66 834 169 888 Godici
187 842 217 888 et
235 840 328 888 aetate
346 841 376 888 et
392 836 570 906 praestantia
595 838 720 891 estsere
738 837 882 913 geminus,
906 836 981 892 Gud.
1002 841 1037 903 1.,
1059 851 1125 890 cum
1142 834 1215 890 reli-

64 907 131 976 quis
156 912 384 960 servetsumer.
420 905 630 960 coniunctivae
655 907 868 961 correctoribus
891 907 1020 972 debetur,
1048 915 1078 962 et
1103 909 1135 960 in
1152 907 1213 962 solo

63 979 140 1030 Mon.
161 981 185 1030 l.
206 977 363 1044 reperitur,
383 985 426 1039 ut,
445 978 521 1047 quod
544 980 587 1031 est
604 979 636 1029 in
652 978 737 1029 vind.
759 982 786 1043 Ι,
804 976 900 1041 fuerit.
937 977 1102 1031 Ediderunt
1118 987 1214 1031 autem

63 1045 486 1109 rimusss.,FAW01f.Schz.
516 1048 597 1101 Koel.
623 1047 670 1100 Or.
695 1047 785 1101 rba:
809 1048 1027 1101 commendabat
1044 1048 1140 1103 Reisk.
1178 1049 1214 1101 ln

63 1134 144 1187 seqq.
164 1117 249 1170 Vind.
272 1122 294 1171 1.
315 1126 344 1170 et
361 1116 459 1170 Duisb.
484 1117 593 1172 habent
616 1119 783 1186 quibusdam
801 1120 928 1186 mugnis:
960 1120 1037 1172 solus
1056 1120 1129 1196 Aug.
1149 1135 1214 1187 epo·

62 1189 156 1254 liaris,
183 1196 217 1240 ut
234 1187 329 1240 solent
346 1188 460 1240 librarii
484 1188 518 1240 ad
534 1190 668 1258 proxima
691 1190 787 1259 potius
812 1190 909 1255 verba,
941 1206 1028 1312 puam
1045 1189 1080 1242 ad
1099 1197 1213 1244 senten·

63 1262 138 1312 tiam
162 1261 328 1312 universam
357 1259 505 1328 respicere
529 1266 558 1312 et
582 1261 770 1330 scriptionem
796 1276 940 1313 accommo
960 1277 1017 1314 are.
1055 1260 1137 1313 Unus
1160 1259 1210 1312 Ox.

63 1329 204 1384 hebetia
229 1330 315 1383 donis.
355 1328 444 1399 Saepe
462 1330 570 1382 addunt
586 1328 701 1384 librarii
720 1331 773 1396 in,
807 1332 832 1383 si
850 1329 1021 1384 antecedens
1038 1330 1212 1384 vocabulum

63 1402 126 1455 exit
145 1401 176 1452 in
194 1417 229 1451 m.
250 1399 319 1454 eod.
337 1398 435 1455 Duisb.
455 1399 541 1453 habet
559 1406 585 1452 et
603 1401 745 1465 destituti,
763 1418 836 1456 unus
851 1401 901 1455 01.
921 1401 1028 1455 inclusi
1044 1417 1100 1474 pro
1118 1401 1211 1469 ilieer‘,

64 1471 141 1542 quod
157 1479 256 1524 ortum
275 1476 371 1524 estex
391 1470 549 1541 scriptione
567 1470 664 1524 inlusi.
702 1472 762 1525 Mr.

135 1541 241 1596 Quodsi
264 1541 451 1608 exspectando
478 1549 506 1594 et
533 1542 736 1608 desiderando]
778 1540 869 1595 Βοιὼ.
898 1560 964 1597 cum
989 1542 1022 1596 in
1047 1560 1104 1598 uno
1128 1543 1208 1599 Laid
1243 1595 1252 1609 ,

62 1613 222 1685 reperisset
238 1612 388 1679 spectando
408 1619 437 1666 et
455 1612 487 1664 in
506 1631 556 1665 sua
573 1611 628 1666 Ed.
648 1621 705 1667 vet
726 1615 885 1682 expetendo,
903 1613 972 1667 inde
990 1629 1089 1668 veram
1106 1613 1212 1669 lectio·

60 1700 130 1739 nem
150 1683 204 1736 sibi
224 1682 368 1736 extudisee
387 1682 467 1735 visus
486 1691 538 1748 est,
558 1683 717 1737 coniiciens
734 1684 763 1737 ei
789 1691 821 1737 et
839 1684 1030 1752 spectando
1055 1691 1083 1738 et
1102 1684 1211 1740 deside·

14 1751 25 1767 '
62 1756 167 1826 ruodo:
199 1753 363 1878 iffimiter'
398 1755 426 1807 ai
459 1753 531 1824 quid
553 1755 647 1809 video.
689 1754 724 1808 In
746 1757 823 1809 bion.
850 1760 874 1813 1.
904 1755 1027 1831 iegitur.
1045 1755 1210 1810 desiderare·

62 1827 99 1881 do
133 1841 178 1879 ue.
252 1841 277 1880 r.

108 1845 284 1951 qunuemus
302 1896 424 1965 animis]
460 1898 583 1954 Ursinus
607 1916 643 1954 ex
667 1915 718 1955 suo
736 1901 809 1953 Msto
830 1898 948 1970 reponit
966 1891 1063 1951 ommi.
1099 1896 1161 1949 Nec
1179 1895 1212 1947 in

62 1967 183 2021 dubium
206 1973 302 2037 potest
324 1970 469 2035 revocari,
500 1972 572 2040 quin
593 1971 696 2024 Latina
719 1973 758 2024 sit
781 1969 852 2024 haec
878 1969 997 2023 locutio.
1033 1965 1107 2020 Vide
1126 1963 1211 2020 modo
1297 1970 1304 1977 '

61 2038 151 2091 Tusc.
177 2036 228 2092 lib.
247 2037 295 2090 lv.
323 2055 385 2110 cap.
406 2042 446 2096 16.
474 2048 503 2094 et
521 2042 573 2095 lib.
593 2040 618 2094 1.
642 2041 677 2095 de
695 2042 784 2127 [regg.
810 2058 871 2112 cap.
892 2044 919 2096 3.
956 2038 1012 2093 Sed
1034 2054 1093 2091 non
1112 2037 1210 2090 minue

61 2110 166 2181 latina
184 2112 228 2161 est
243 2107 363 2185 vulgata
380 2109 478 2175 lectio,
498 2129 584 2182 quam
609 2113 733 2166 retineri
756 2111 837 2166 rubet
855 2111 1037 2183 reliquorum
1055 2106 1211 2163 nitrosum

62 2195 227 2234 consensus.
263 2179 375 2234 Nonius
394 2183 426 2234 in
444 2183 580 2236 licentum
599 2181 701 2236 Cicero
719 2184 879 2238 consulatue
896 2182 943 2235 ευτ’
959 2180 1011 2235 lib.
1030 2179 1069 2238 11.

226 2248 323 2320 Atque
341 2253 437 2307 animo
450 2253 571 2323 pendeus
588 2261 678 2307 noctu
695 2261 798 2309 eventa
815 2250 945 2307 timebat.
1003 2263 1007 2269 ’

60 2321 215 2377 Lucretius
232 2320 283 2374 lib.
302 2323 353 2387 Vl,
372 2326 416 2380 50.

226 2419 260 2431 -
278 2392 398 2446 Paridis
415 2411 477 2449 eum
499 2395 627 2467 pendent
645 2395 784 2449 mentibu’
802 2409 894 2462 saepe,

225 2464 362 2530 Efficietne
381 2466 492 2519 animos
509 2465 798 2533 bumilee'formr'dine
816 2463 928 2521 Divdm.

61 2534 160 2620 Igitur
184 2535 294 2588 frustra
316 2537 377 2588 fuit
398 2554 520 2612 magnus
548 2537 600 2590 ille
625 2535 752 2590 criticus
783 2536 805 2589 J.
832 2535 881 2587 Fr.
902 2530 1077 2596 Gronovius,
1105 2530 1156 2600 qui
1175 2530 1211 2584 ad

61 2605 141 2659 Livii
157 2605 224 2669 vn,
243 2610 287 2661 30.
306 2609 411 2677 φράσιν
427 2607 502 2660 hanc
521 2625 556 2662 ex
574 2607 630 2661 hoc
649 2607 799 2662 Ciceronis
817 2605 883 2659 loco
902 2613 932 2659 et
950 2621 992 2658 ex
1003 2601 1096 2657 altero
1114 2601 1211 2655 Curtii

61 2676 201 2731 sublatam
220 2677 325 2730 voluit.
363 2678 399 2733 D.
896 2720 904 2729 s

128 2747 277 2814 pendentur
295 2748 412 2815 animis]
432 2748 499 2802 Sola
517 2750 588 2802 Ven.
609 2753 633 2804 1.
652 2748 763 2803 Reiskii
779 2754 913 2816 petemus.
950 2746 1030 2799 Unus
1055 2743 1105 2798 Ox.
1128 2742 1212 2798 anaia
1277 2740 1286 2753 '

61 2833 161 2871 errore
179 2835 214 2870 ex
233 2819 379 2873 scribendi
398 2819 569 2888 compendio
588 2827 668 2873 orto:
689 2819 756 2873 Cod.
775 2820 818 2871 Au
842 2858 848 2869 .
869 2819 987 2871 animare.
1023 2815 1132 2868 Ursino
1150 2830 1211 2867 me-
1303 2823 1308 2832 ⁴

60 2888 120 2939 lius
138 2888 256 2962 vulgato
275 2889 428 2942 videbatur
443 2890 595 2957 pendemus
613 2890 740 2954 animi,
765 2835 841 2959 quod
864 2894 1013 2959 repererat
1032 2887 1063 2938 in
1083 2901 1133 2938 suo
1152 2882 1209 2938 MS.

60 2959 149 3028 idque
172 2968 322 3030 receptum
349 2959 463 3012 volebat
481 2957 640 3015 Bentleius.
678 2957 758 3026 Quod
781 2959 912 3014 Bentleio
931 2958 1053 3028 opponit
1071 2955 1220 3035 i‘riWol·¹

59 3029 116 3082 fius
134 3030 165 3080 in
183 3028 302 3095 scholis,
319 3030 441 3097 pendere
459 3030 551 3083 animi
568 3048 585 3083 a
603 3030 760 3084 acrioribus
778 3047 882 3098 prosae
901 3027 1039 3081 orationis
1059 3026 1214 3094 scriptum*

58 3100 112 3152 bus
130 3101 243 3169 poetice
262 3100 330 3164 diei,
356 3098 386 3152 id
405 3118 508 3154 verum
532 3117 591 3153 non
617 3108 668 3154 est.
707 3100 829 3154 Pendere
852 3099 943 3152 enimi
965 3113 1047 3166 saepe
1066 3096 1141 3147 dixit
1160 3093 1210 3147 Oi·

59 3184 136 3223 cero.
160 3169 223 3220 Vid.
250 3170 336 3223 modo
354 3170 398 3225 W
432 3169 618 3225 tenbachium
642 3168 677 3222 ad
700 3170 761 3223 cie.
788 3169 824 3223 de
847 3170 935 3244 [regg.
959 3166 983 3218 1.
1002 3171 1027 3220 ³.
1055 3165 1097 3218 ed·
1117 3171 1209 3218 nostr.

59 3243 104 3294 ll.
125 3236 194 3290 Add.
215 3238 362 3292 Mencken·
381 3240 403 3293 0
423 3258 457 3292 ss.
477 3242 509 3293 L.
528 3241 560 3292 L.
580 3258 607 3310 p.
628 3243 689 3297 ⁷23.
709 3236 899 3293 Ruddimann.
924 3239 996 3289 inst.
1017 3237 1067 3288 Gr.
1087 3233 1208 3316 Lanu.

58 3327 89 3380 p.
111 3311 170 3362 119.
190 3311 249 3364 122.
269 3308 317 3360 ubi
336 3317 416 3363 recte
435 3320 541 3374 monet,
560 3311 619 3365 dici
639 3311 755 3380 quidem
773 3311 893 3379 pendere
911 3307 1006 3360 animo
1024 3312 1054 3359 et
1071 3305 1160 3356 anime
1180 3310 1210 3356 et

59 3379 174 3443 animia,
207 3395 354 3448 nunquam
380 3397 449 3434 vero
472 3383 638 3435 animorum.
667 3381 730 3436 vid.
751 3382 840 3433 etiam
861 3377 1017 3432 Ruhnken.
1029 3374 1072 3427 ad
1089 3374 1208 3429 Terent.

58 3451 162 3503 Heaut.
182 3449 231 3501 lv.
251 3453 277 3506 4.
298 3452 323 3505 5.
342 3448 457 3503 Schiite.
476 3453 545 3506 Lex.
566 3451 672 3504 Cicav.
690 3452 819 3519 pendere.
857 3448 972 3501 Animis
990 3446 1075 3510 dixit,
1099 3444 1209 3516 plurali

58 3537 192 3586 numero,
217 3521 340 3591 quiade
379 3520 491 3575 iuribus
510 3524 652 3592 loquitur,
676 3538 770 3590 neque
787 3521 883 3575 dicere
900 3526 1015 3588 poterat
1038 3518 1207 3570 animorum.
1250 3554 1253 3559 .

57 3592 139 3658 Quod
156 3607 237 3654 vero,
256 3592 329 3645 item
368 3609 383 3646 e
401 3592 535 3661 pluribus
553 3593 686 3660 loquens,
704 3592 805 3644 Livius
823 3591 887 3645 Vll.
897 3594 940 3646 30.
962 3596 1037 3644 extr.
1058 3588 1126 3655 wid
1144 3585 1207 3638 iuis

58 3679 110 3714 nos
136 3662 270 3715 sollicitis
293 3678 327 3714 oo
347 3663 528 3729 pendentibus
551 3663 657 3714 animi
683 3663 846 3716 renuntiare
870 3660 993 3714 e'ebeatr'e
1019 3659 1138 3729 scripsit
1165 3657 1206 3720 (si

57 3748 128 3784 vera
145 3740 190 3784 est
208 3731 371 3786 emendatio
391 3733 505 3808 sigonii
524 3741 554 3786 et
571 3735 597 3785 J.
618 3730 651 3782 F.
673 3732 833 3786 Gronovii:
865 3749 933 3784 nam
951 3729 1073 3784 Codices
1091 3726 1207 3795 conspi-

59 3808 125 3854 rant
142 3801 173 3852 in
192 3802 328 3864 onimiee)
348 3801 377 3854 id
394 3804 460 3856 ideo
479 3805 584 3856 fecisse
601 3802 744 3871 putandus
756 3809 809 3866 est,
828 3819 865 3855 ne
882 3801 987 3854 animia
997 3801 1130 3851 videatur
1146 3812 1206 3849 esse
1265 3809 1270 3813 ·

56 3871 281 3928 Datiruscasus.
310 3873 485 3944 Quamquam
504 3872 559 3925 boc
577 3872 665 3926 facile
681 3873 792 3949 largior
803 3871 953 3925 Gronovio
971 3868 1005 3922 ad
1024 3885 1090 3921 eum
1109 3868 1205 3937 ipsum

55 3942 135 3996 Livii
154 3942 260 4008 locum,
279 3951 314 3994 ut
331 3948 417 3996 unius
435 3946 552 4008 animoa,
571 3939 612 3996 ita
628 3944 788 4001 multorum
806 3942 929 3994 animum
946 3941 1118 4010 frequenter
1135 3936 1204 3990 dici.

56 4015 123 4066 Post
142 4015 303 4066 cruciamur
329 4032 402 4073 unus
420 4017 470 4068 01.
492 4021 522 4068 et
539 4013 612 4089 Aug.
632 4013 710 4067 male
727 4010 834 4066 addunt
854 4017 896 4064 et:
928 4011 1002 4063 alius
1021 4009 1072 4061 Ox.
1090 4008 1121 4062 id
1139 4025 1205 4063 ver·

56 4082 125 4136 bum
145 4087 264 4139 omittit.
302 4082 427 4138 serioris
445 4086 546 4139 aetatis
565 4084 756 4154 scriptionem
770 4080 844 4150 prob
861 4081 966 4136 babent
982 4079 1070 4134 codd.
1091 4079 1165 4133 Gud.
1177 4081 1204 4134 d.

56 4156 129 4229 Aug.
158 4157 191 4206 V.
213 4155 383 4223 Grotefepd.
412 4155 494 4211 Orth.
521 4157 583 4207 Lat.
609 4156 752 4219 (Gramm.
780 4153 814 4206 Τ.
834 4153 885 4217 11.)
911 4152 934 4217 ἓ.
955 4154 1014 4208 135.
1033 4150 1109 4203 rtdd.
1137 4149 1206 4204 Atti

55 4226 175 4277 Manutii
203 4234 232 4278 et
259 4226 382 4279 Cellarii
405 4225 541 4302 Orthogr.
567 4244 588 4278 s.
608 4245 636 4280 v.
662 4225 791 4294 itemque
808 4223 940 4278 Noltenii
964 4223 1032 4277 bsx.
1052 4220 1204 4275 Antibarb.

56 4312 84 4364 p.
105 4298 157 4349 lat
176 4314 217 4364 sq.
256 4297 316 4351 Mr.

129 4380 212 4434 qteom
230 4366 303 4418 illud
320 4366 377 4420 r'ier
395 4369 544 4421 iucundum
562 4383 624 4422 eeee
642 4366 752 4434 debete]
787 4366 898 4434 „Qum
915 4363 1134 4434 optabiliter
1151 4361 1207 4413 e'ter

55 4433 127 4489 titud
155 4436 315 4490 iaciendum.
359 4438 421 4492 Alii
446 4436 608 4504 immodum
641 4438 759 4495 veneo:
786 4453 867 4508 quom
889 4437 946 4493 iter
968 4437 1043 4503 iilud
1060 4431 1207 4488 tumeam
1312 4443 1319 4456 ·
