2828 5070
210 319 232 380 2
405 313 636 380 CICERONIS
657 313 905 384 TUSCULAN.
928 317 1158 385 DISPU'I'A'I'.

211 496 236 532 c.
254 481 301 536 36.
326 495 429 547 neque,
448 480 510 532 sine
530 495 616 532 sensu
635 496 706 543 esse,
730 479 861 534 odiosum
879 499 940 536 esse
956 490 1030 547 tum,
1050 501 1117 536 cum
1136 500 1234 537 sensus
1253 483 1366 539 ablatus

211 552 257 604 sit
283 552 371 606 c.3¹1.
416 549 458 602 Ac
480 557 636 618 propterea
664 565 780 602 omnem
818 559 930 604 metum
961 554 1065 606 mortis
1095 554 1265 622 pellendum
1291 573 1363 620 esse,

209 637 304 691 neque
322 620 464 672 miserum
490 619 651 702 putandum
675 623 903 704 maturenmori,
926 629 964 686 et,
983 632 1016 674 ut
1034 625 1125 687 aiunt,
1152 633 1219 679 ante
1236 632 1364 693 tempus,

207 691 288 815 uti
304 689 1363 834 ”tiit‘tu-iub'lttt.t:‘¹:t·..t⁴‘.'i..ti.t.t“itt

209 849 271 886 esse
306 829 505 895 laborandum,
577 829 616 885 od
641 830 722 891 nihil
750 831 787 887 ad
817 840 966 887 mortuom
1068 834 1075 847 '
1100 841 1157 887 eat:
1187 851 1211 887 c.
1231 838 1361 890 il—ib.

208 918 327 972 operam
350 903 448 970 potius
479 900 535 955 dan
573 917 603 952 m
628 916 699 967 esse,
727 908 761 953 ut
783 902 956 956 laudabilem
981 922 1000 957 r
1014 911 1072 955 tam
1096 903 1226 980 gloriosa
1249 906 1384 958 rationet'

207 974 359 1026 liniamus:
379 988 443 1024 eam
454 988 515 1025 esse
528 973 667 1041 optimam
685 988 776 1041 aequo
788 973 886 1026 animo
901 973 1078 1043 oppetendae
1097 976 1200 1027 mortis
1218 977 1363 1028 rationem

208 1060 232 1096 c.
257 1047 300 1099 46.
321 1045 365 1097 «17.
393 1041 515 1118 Epilogi
541 1042 606 1095 loco
632 1040 798 1094 afferuntur
821 1043 952 1112 iptorum
971 1042 1093 1096 deorum
1111 1045 1147 1097 de
1165 1053 1261 1098 morte
1280 1046 1363 1099 testi-

207 1115 307 1167 monia
326 1120 354 1164 et
371 1110 524 1167 homiuum
542 1111 578 1164 de
595 1120 689 1165 morte
706 1127 761 1184 pro
782 1114 877 1183 patria
896 1115 1026 1182 oppetita
1044 1116 1214 1185 opiniones·
1228 1116 1302 1171 Em.

277 1180 466 1251 Exhihemna
494 1181 572 1255 quod
595 1181 627 1232 iu
648 1182 798 1253 prioribus
823 1197 938 1253 quoque
962 1182 1138 1237 editionibus
1157 1185 1266 1241 nostris
1289 1183 1363 1238 feci·

203 1270 280 1318 mut,
309 1250 442 1310 Ernestii
470 1258 685 1329 argumentum,
718 1251 842 1306 consilio
871 1260 971 1305 nostro
1002 1255 1070 1307 satis
1103 1256 1360 1310 accommodatum.

206 1326 302 1394 Quare
325 1340 380 1385 neo
402 1338 511 1379 novum
536 1337 711 1393 componere
734 1323 926 1377 necessarium
949 1323 1046 1376 visum
1070 1332 1123 1377 est.
1166 1325 1223 1393 Qui
1246 1325 1363 1379 uberio-

101 1455 103 1458 ,
204 1413 271 1461 rem
294 1395 377 1465 cupit
389 1392 555 1471 argumenti
570 1391 789 1463 expositionem,
808 1394 890 1446 adeat
902 1391 1034 1445 Schtitzii
1054 1394 1223 1459 editionem,
1243 1396 1292 1453 eiu
1347 1410 1362 1447 e

205 1466 235 1523 le
257 1474 286 1519 at
297 1463 385 1517 Prole
424 1480 508 1525 mena
525 1462 557 1515 in
574 1461 751 1515 'Dasculanas
769 1460 820 1514 Dis
841 1461 986 1517 utationcs
1004 1472 1034 1521 et
1051 1464 1195 1520 Paradoxa
1235 1412 1360 1520 ,δ-Ἒι

206 1484 288 1590 odiat
305 1533 338 1587 ll.
358 1480 490 1586 ailmeri
509 1533 627 1598 librum,
646 1532 697 1603 qui
716 1533 810 1589 inscri
831 1533 910 1584 iture
940 1533 1085 1586 ciceronio
1103 1533 1136 1586 in
1153 1532 1208 1586 Pto

204 1604 310 1659 merito
328 1622 358 1677 p.
377 1607 415 1661 66
432 1621 475 1672 sq.
494 1616 522 1689 p.
544 1602 705 1659 tlt-lto.
734 1603 765 1654 in
788 1602 894 1671 primis
912 1617 983 1655 vero
1003 1603 1131 1659 eiusdem
1148 1604 1284 1658 Ktihnen
1300 1604 1362 1659 edi·

203 1676 316 1730 tionem
348 1673 638 1750 praestantusimam,
673 1689 746 1741 quae
768 1688 843 1727 anno
872 1670 1093 1728 thGGUXXlX
1124 1674 1246 1743 prodiit,
1278 1675 1363 1728 cuins

203 1746 416 1823 Prolegomena
431 1763 468 1816 pa
492 1745 500 1761 ⁹
523 1762 553 1797 as
570 1742 650 1799 XLII
669 1741 826 1814 complent,
855 1740 945 1795 bonae
972 1743 1066 1819 frugis
1107 1745 1280 1798 lenissimae.
1315 1742 1363 1795 lux

202 1814 337 1870 Schiitzii
355 1824 451 1870 antem
517 1813 680 1936 hgpppenis
697 1811 769 1865 haec
785 1828 877 1881 pauca
891 1828 1048 1883 excerpere
1063 1762 1189 1882 placuit:
1209 1814 1362 1883 „Quinqns

202 1886 275 1941 libri
299 1884 539 1961 Disputationum
611 1882 796 1936 sculanarum
821 1900 839 1933 a
855 1882 1000 1937 Cicerone
1027 1883 1155 1936 inchoati
1180 1891 1249 1935 sunt
1271 1883 1307 1936 A.
1325 1882 1360 1936 U.

200 1961 266 2015 798.
291 1955 440 2029 iidemque
462 1954 589 2016 absoluti
611 1954 645 2009 A.
669 1952 705 2007 U.
732 1953 795 2008 769.
821 1951 920 2004 initio.
972 1951 1012 2002 Et
1043 1952 1161 2021 quidem
1187 1961 1233 2006 tot
1262 1955 1296 2006 in
1322 1954 1360 2007 lie

203 2035 364 2081 occurrunt
385 2025 528 2097 temporis
547 2031 642 2089 notae,
669 2030 703 2074 ut
724 2020 772 2074 bis
791 2022 869 2075 inter
887 2039 918 2075 se
935 2024 1110 2094 comparatis
1128 2023 1164 2076 de
1181 2023 1277 2089 annis,
1296 2023 1361 2092 qui·

202 2096 256 2148 bus
275 2094 380 2147 cicero
398 2093 453 2153 hoa
471 2093 563 2147 libros
575 2093 793 2161 conscripserit,
812 2090 938 2145 dubitari
956 2107 1016 2147 non
1055 2093 1133 2146 ossit.
1153 2093 1216 2145 bib.
1234 2094 1269 2148 V.
1290 2108 1316 2144 c.
1334 2095 1360 2148 9

203 2173 411 2218 commemorat
440 2180 471 2216 se
494 2164 704 2235 imperatorem
725 2160 848 2215 Athenis
873 2159 948 2231 apud
971 2162 1150 2216 Antiochum
1173 2162 1360 2223 deversatum

203 2250 276 2299 esse,
295 2234 373 2309 quod
390 2235 502 2293 iactum
519 2239 564 2285 est
581 2233 615 2284 A.
627 2232 663 2284 U.
677 2234 738 2291 763.
756 2248 847 2316 quum
866 2231 1000 2286 eUilicia
1017 2232 1137 2286 rediret·
1157 2233 1210 2286 Un.
1228 2233 1360 2303 Pompeii

201 2305 301 2381 Magni
326 2306 388 2357 iata
412 2312 480 2374 post
518 2319 537 2355 u
644 2300 839 2354 Pharsalicam
857 2303 977 2369 eiusque
1002 2318 1083 2356 mors
1101 2309 1255 2356 consecute
1271 2302 1306 2355 A.
1324 2300 1359 2356 U.

201 2376 264 2431 796.
284 2380 448 2459 ‚tanguntur
464 2320 527 2425 nib.
538 2319 649 2427 inimi.
667 2370 729 2423 laib.
743 2371 796 2423 111.
816 2388 841 2425 o.
852 2374 897 2427 27.
916 2371 993 2425 Belli
1012 2373 1110 2425 civilis
1127 2374 1257 2428 nondum
1274 2371 1361 2493 plne

202 2442 667 2583 ititttltitissiiti.
684 2441 770 2565 iti·
786 2441 1361 2566 t..⁴...·⁰.:i³{.·i:.²zi³ff..¹'⁰i...‘.:i

201 2585 259 2637 flio
286 2583 384 2651 itaque
408 2580 556 2657 significat
573 2582 696 2637 Brutum
716 2583 747 2634 in
766 2581 895 2637 Galliam
913 2584 1079 2655 profectum
1097 2599 1169 2646 esse,
1187 2582 1236 2634 cui
1255 2600 1273 2634 a
1290 2582 1362 2637 oae-

201 2668 265 2707 sare
295 2653 461 2721 praelectus
493 2660 566 2718 crat,
642 2650 678 2704 od
706 2654 825 2707 factum·
848 2669 910 2705 esse
940 2660 1054 2705 constat
1079 2653 1114 2706 A.
1140 2652 1176 2705 U.
1206 2655 1270 2706 767.
1314 2652 1362 2704 Du

200 2720 287 2775 libris
314 2739 331 2775 a
355 2721 496 2774 Cicerone
515 2728 584 2774 ante
628 2720 780 2776 usculanas
798 2721 1018 2791 Disputationes
1046 2724 1165 2793 scriptis
1183 2736 1363 2783 commemo·

201 2798 306 2847 rantur
324 2790 395 2844 libri
419 2791 454 2844 dc
477 2790 639 2857 republica
659 2792 691 2843 A
709 2791 745 2849 U.
765 2792 799 2846 U.
818 2796 880 2848 699.
900 2793 974 2847 editi
992 2791 1043 2844 lib.
1063 2792 1112 2846 lV.
1128 2809 1153 2847 c.
1167 2797 1211 2855 l.;
1230 2791 1310 2846 liber
1327 2792 1361 2845 de

202 2862 395 2917 consolatione
440 2868 485 2912 ost
506 2860 626 2914 'lulliae
650 2862 727 2914 illine
751 2870 877 2915 mortem
902 2862 1029 2932 scriptus
1057 2862 1092 2915 A.
1111 2861 1146 2914 U.
1165 2864 1227 2917 tue·
1251 2863 1317 2915 bib.
1336 2860 1361 2917 l.

202 2947 228 2989 o.
239 2932 285 2987 77.
307 2939 336 2987 et
354 2928 405 2983 lib.
418 2875 472 2985 Ul.
492 2946 518 2983 c.
531 2932 582 2999 283
602 2930 773 2985 iiorlentt‘ue
790 2930 837 2996 (de
854 2930 1043 3007 Philosophia
1060 2930 1146 2995 liber)
1165 2930 1265 2985 eodem
1284 2946 1362 2993 anno

203 3000 299 3055 editus
321 2999 384 3056 bib.
405 3001 444 3057 ll.
470 3017 495 3055 c.
517 3004 551 3067 ²3
588 3010 715 3077 quatuor
740 3001 811 3056 libri
834 3002 995 3054 Academici
1023 3003 1095 3057 item
1121 3001 1155 3054 A.
1181 3000 1216 3054 U·
1245 3020 1270 3058 c.
1295 3004 1359 3058 tou.

204 3070 325 3155 scripti3
360 3069 485 3140 denique
509 3070 580 3124 libri
605 3072 641 3123 de
664 3070 783 3125 Finibus
808 3072 950 3126 bonorum
970 3073 1171 3134 etmalorum,
1191 3073 1223 3124 A.
1242 3072 1278 3124 U.
1298 3074 1360 3128 766.

203 3160 304 3197 anonae
332 3143 454 3195 circiter
477 3139 582 3203 Sextili
607 3140 680 3195 editi
696 3141 748 3199 lib.
768 3144 801 3193 V.
822 3160 846 3197 c.
868 3146 910 3197 ll.
937 3141 1073 3195 Ceterum
1097 3140 1203 3196 harum
1219 3141 1362 3196 tuscula-

204 3230 309 3277 narum
343 3211 574 3283 disputationum
604 3212 716 3277 mentio
746 3213 781 3271 ot
814 3213 845 3264 iu
867 3210 1010 3283 Epistolis
1041 3211 1076 3265 ad
1099 3211 1231 3265 Atticum
1257 3213 1315 3265 XV.
1333 3215 1360 3268 7.

206 3291 235 3338 et
254 3286 279 3340 l·
310 3284 428 3369 scriptis
447 3281 480 3338 A.
499 3281 534 3336 U.
554 3284 616 3337 769.
642 3289 672 3334 et
699 3297 787 3349 quum
811 3283 847 3334 ad
863 3283 924 3335 Ait.
943 3282 1023 3339 xlll.
1042 3284 1086 3337 37.
1106 3283 1140 3333 ab
1158 3284 1256 3334 Attico
1274 3284 1360 3353 petit,

204 3362 239 3407 nt
264 3352 320 3406 sibi
344 3352 517 3415 Dicaearchi
540 3350 631 3412 libros
655 3355 720 3419 περὶ
738 3353 828 3420 ψυχῆς
844 3353 953 3419 mittat,
979 3353 1029 3427 qui
1057 3354 1117 3422 apti
1145 3360 1240 3406 essent
1264 3353 1361 3416 adid,

206 3422 284 3493 quod
312 3440 401 3492 quum
427 3424 554 3479 maxime
577 3423 729 3499 cogitaret,
759 3422 837 3479 haud
860 3420 946 3475 dubie
966 3422 1119 3499 significat,
1150 3440 1180 3476 se
1204 3424 1235 3474 in
1267 3422 1362 3476 elabo-

205 3491 295 3551 raudo
313 3492 543 3547 Tusculanarum
562 3491 798 3562 Disputationum
823 3491 899 3544 libro
948 3494 1024 3545 rimo
1042 3500 1188 3546 versatum
1208 3510 1279 3556 esso,
1311 3493 1361 3546 ubi

204 3564 384 3619 mentionem
403 3563 525 3615 illorum
543 3563 623 3627 iacit,
643 3562 693 3613 lib.
711 3562 733 3616 l.
754 3581 785 3615 ca
808 3567 869 3617 .li.
907 3511 1073 3616 Absolvisse
1092 3572 1190 3615 autam
1209 3561 1276 3615 illas
1294 3572 1361 3616 ante

206 3634 338 3690 caesaris
364 3634 528 3696 interitum,
558 3632 607 3697 (h.
634 3651 658 3687 e·
684 3641 750 3685 ante
809 3651 841 3684 us
864 3635 947 3685 ltlart.
972 3635 1004 3691 A.
1025 3632 1058 3684 U.
1080 3633 1164 3698 799.)
1189 3642 1302 3691 constat
1326 3650 1362 3687 cx

206 3704 292 3767 initio
311 3702 382 3757 libri
401 3703 435 3756 de
453 3704 534 3768 Fato,
559 3704 608 3757 ubi
627 3702 807 3757 Tusculanae
831 3701 1046 3787 Disputationes
1071 3705 1208 3756 citantur.
1245 3703 1361 3826 Easprpe

205 3779 347 3839 lamium
371 3773 405 3829 ab
430 3772 527 3827 Attico
547 3774 636 3828 lectas
661 3790 735 3838 esse,
759 3780 946 3850 cognoscitur
966 3791 1001 3826 ex
1019 3773 1150 3843 epistolis
1168 3773 1205 3824 ad
1222 3772 1282 3829 Att.
1353 3813 1360 3826 .

204 3850 232 3905 2.
253 3854 282 3898 et
305 3850 333 3913 «i,
356 3862 429 3916 quae
454 3845 580 3914 scriptae
610 3852 677 3896 sunt
696 3861 794 3898 menso
817 3845 890 3896 linio
916 3842 948 3898 A.
969 3843 1003 3896 U.
1024 3846 1085 3903 799,
1106 3875 1139 3885 -
1176 3844 1236 3913 Ipsi
1262 3851 1360 3899 autem

206 3914 283 3987 dialo
305 3918 315 3969 i
342 3914 436 3979 habiti
464 3932 524 3971 esse
549 3915 704 4000 linguntur
729 3914 760 3967 in
784 3915 934 3968 Ciceronis
959 3912 1134 3978 Tusculano,
1162 3921 1229 3984 post
1256 3913 1361 3968 disces·

207 4005 272 4055 ¹sum
313 3986 374 4053 ruti
393 3987 424 4038 in
445 3984 815 4049 Galliam,1taut0icero
833 4002 924 4037 unum
945 4004 980 4037 ex
998 3984 1201 4047 familiaribus,
1230 3986 1361 4053 quitum

208 4074 306 4113 tecum
319 4062 418 4121 erant,
458 4072 546 4110 onere
564 4057 687 4119 iuberet,
713 4057 747 4109 de
786 4073 823 4108 uo
841 4057 865 4108 is
883 4055 984 4114 audire
1001 4054 1103 4119 vellet,
1129 4055 1165 4106 ad
1183 4053 1214 4106 id
1231 4056 1294 4123 ipse
1312 4063 1362 4109 aut

208 4126 309 4183 sedens
327 4132 378 4195 put
396 4074 543 4189 ambulans
563 4124 733 4198 disputaret.
766 4075 876 4203 qltaque
900 4126 1029 4196 quinque
1054 4125 1169 4179 dierum
1195 4123 1309 4180 scholas
1330 4128 1361 4179 in

207 4196 330 4265 totidem
348 4198 440 4263 libros¹
460 4198 612 4252 contulit“
649 4195 728 4251 Adde
746 4197 804 4262 his,
832 4214 904 4266 quae
927 4197 986 4251 suis
1005 4198 1152 4266 praefatus
1172 4204 1215 4251 est
1234 4194 1362 4251 scholiis

208 4270 241 4337 in
272 4271 400 4345 primam
427 4266 576 4325 Ciceronis
606 4267 799 4329 Tusculanam
835 4270 872 4325 Μ.
901 4269 933 4326 A.
968 4268 1097 4323 Muretus
1126 4264 1198 4335 Opp·
1232 4263 1266 4316 Τ.
1303 4268 1360 4321 lll.

207 4358 238 4413 p.
258 4343 417 4417 779-791.
444 4341 488 4397 ed.
516 4338 633 4397 Ruhnlc
651 4338 711 4393 Mr.
