2812 5064
592 282 724 347 LIBER
744 283 788 363 11,
813 284 864 350 24.
1234 287 1299 357 888

79 430 84 523 ζ
139 465 239 510 move
260 447 487 526 succumbant,
509 447 566 513 sed
588 449 666 533 quia
685 446 920 531 profundenda
939 468 1023 514 voca
1050 469 1149 517 omne
1173 462 1298 536 eorpus

79 575 85 615 ,
139 529 339 605 intenditur,
362 533 519 614 venitque
541 533 636 619 plaga
662 532 903 596 vehementior.

79 678 86 703 ι
223 611 330 676 Ouidi
353 616 408 696 qui
431 615 549 677 volunt
571 615 756 677 exclamare
777 617 895 693 maius,
917 635 997 676 num
1011 616 1092 678 satis
1103 615 1227 679 habeut
1246 618 1295 679 la·
1316 618 1359 682 24

79 742 87 786 ,
140 705 221 772 tera,
247 698 368 775 fauces,
393 697 542 783 linguam
562 696 748 774 intendere,
772 699 926 781 equibus
945 700 1022 760 eiioi
1037 717 1153 763 vocam
1171 707 1206 762 et
1219 703 1296 763 iun·
1385 748 1391 758 .

79 830 88 877 h
138 881 174 932 ad
191 880 250 933 Cic.
270 882 392 957 Eclogg.
415 899 444 952 p.
464 885 499 938 81
517 900 559 953 sq.
594 891 622 936 et
640 901 669 1008 p.
689 886 750 940 488.
780 883 822 936 ed.
843 887 868 939 8.
906 884 941 936 In
964 900 1044 954 seqq.
1064 883 1150 938 Codd.
1170 883 1226 938 duo
1244 883 1295 938 ha·

80 956 88 969 *
138 952 206 1005 bent
224 952 378 1018 animone,
398 972 471 1005 unus
490 954 593 1007 auimo.
613 957 638 1008 E
660 994 666 1007 .
686 957 714 1009 P.
735 957 847 1009 doleant
864 954 968 1020 auimo,
993 970 1029 1008 ne
1046 963 1100 1007 etc.
1140 957 1199 1009 Mr.

79 1040 89 1089 5.
208 1023 275 1092 quio
291 1024 484 1092 profundendo
501 1025 577 1091 uoce]
606 1027 650 1079 lta
668 1026 782 1096 optimi,
802 1028 871 1101 Reg.
886 1025 959 1078 Gud.
973 1030 997 1081 1.
1017 1029 1046 1088 (a
1064 1028 1090 1080 2.
1110 1024 1162 1090 m.)
1181 1026 1254 1080 Gud.
1265 1026 1292 1082 2.

137 1104 261 1163 quatuor
280 1095 348 1148 Oxx.
370 1096 458 1149 Rehd.
478 1097 576 1148 Duisb.
596 1097 680 1149 vind.
700 1100 725 1152 2.
754 1100 828 1149 Mon.
850 1101 882 1160 1;
902 1096 973 1149 Edd.
993 1097 1069 1148 Vict.
1089 1095 1174 1150 Leod.
1201 1096 1293 1152 Gabia.

79 1200 87 1237 ,
137 1184 216 1235 seqq.
246 1165 378 1235 (praeter
404 1168 477 1219 Lali.
502 1176 531 1220 et
556 1167 643 1232 oliv.)
670 1169 706 1222 In
728 1167 925 1237 profundendo
948 1166 1054 1221 habent
1077 1167 1145 1220 Cod.
1171 1170 1246 1222 Mon.
1266 1169 1293 1224 2.

81 1262 86 1299 ;
137 1237 209 1287 Edd.
231 1237 314 1302 rell.;
332 1239 486 1304 profunda,
506 1256 579 1290 unus
598 1239 648 1291 Ox.
670 1240 743 1294 Gnd.
765 1244 788 1293 1.
812 1241 839 1306 (a
856 1256 901 1308 pr.
921 1236 973 1302 m.)
998 1238 1043 1290 Au
1066 1276 1072 1288 .
1093 1238 1167 1292 Gud.
1187 1239 1293 1305 Marb.;

83 1307 86 1312 '
137 1307 221 1359 Vind.
245 1312 267 1361 1.
289 1307 404 1361 exhibet
423 1311 453 1361 iu
471 1309 664 1373 fundenda.
693 1312 773 1364 Unus
787 1310 867 1363 Leid.
885 1254 1090 1378 profundendo,
1108 1309 1184 1371 unde
1201 1310 1292 1363 Βοιὼ.

135 1378 224 1431 scribi
242 1379 306 1431 vult
323 1380 372 1432 rel
387 1379 580 1448 profundendo
597 1397 688 1435 vocem
707 1381 755 1434 rel
775 1398 841 1434 cum
858 1380 930 1434 ΕΜ.
949 1388 1020 1432 vett.
1046 1381 1078 1433 in
1094 1382 1294 1449 propendeeda

134 1463 210 1512 uoce,
230 1449 347 1523 ignarus
364 1451 513 1514 videlicet,
533 1469 603 1517 eam,
633 1469 718 1522 quam
736 1467 787 1504 nos
806 1451 972 1505 exhibemus
990 1450 1146 1504 lectionem
1163 1453 1229 1504 usui
1246 1452 1293 1506 Gi·

135 1520 248 1571 cerouis
276 1539 334 1576 esse
358 1522 687 1576 accommodatissimam.
724 1525 805 1578 Unus
824 1523 874 1577 01.
894 1539 948 1592 pro
966 1520 1124 1575 intenditur·
1139 1522 1227 1576 habet
1245 1537 1293 1576 ex·

132 1590 267 1644 tenditur.
304 1593 364 1645 Mr.

206 1678 230 1713 c.
251 1666 294 1717 24.
332 1665 429 1718 Quid!
456 1663 506 1734 qui
532 1665 627 1717 ooiuut
654 1662 829 1730 exclamare]
866 1664 947 1718 Unus
973 1665 1024 1717 01.
1045 1661 1194 1734 proripui,
1217 1661 1291 1717 alius

135 1731 205 1800 quid
223 1733 303 1801 quod,
321 1736 409 1788 Mar-b.
430 1735 573 1805 quicquid.
594 1738 667 1788 Mon.
689 1741 713 1791 1.
731 1752 765 1790 ex
782 1736 942 1789 clamore.
980 1735 1041 1788 Mr.

205 1821 271 1891 Cap.
292 1825 336 1877 24.
375 1823 431 1878 Qui
448 1825 543 1878 uoluat
561 1827 718 1878 exclamare
742 1824 849 1893 maius]
883 1824 994 1878 Eliens.
1019 1841 1074 1877 sec.
1100 1820 1205 1891 magia,
1236 1840 1290 1878 nac

133 1890 313 1945 incommoda
340 1894 458 1947 videtur
486 1913 517 1948 ea
547 1895 646 1948 lectio.
689 1896 812 1972 Vulgata
844 1904 942 1949 tamen
970 1910 1028 1948 non
1056 1903 1098 1948 est
1125 1893 1289 1960 deserenda.

132 1962 248 2014 Plautus
267 1965 388 2017 Mostell.
409 1964 472 2017 Act.
492 1966 529 2018 ll.
555 1965 599 2020 Sc.
620 1968 658 2030 11,
678 1970 720 2022 87.

300 2036 390 2102 Atque
409 2036 460 2089 ille
479 2038 619 2089 exclamat
638 2038 785 2106 derepente
803 2038 969 2090 maximum.

131 2100 181 2154 Sic
204 2120 334 2172 magnum
357 2106 441 2174 loqui,
469 2115 494 2159 et
519 2109 632 2176 tongum
658 2108 781 2162 clamare
804 2107 879 2160 dixit
902 2107 1037 2161 Horatius
1054 2107 1118 2161 Art.
1133 2111 1215 2172 Post.
1234 2127 1288 2163 rss.
1366 2112 1374 2129 '

133 2176 194 2237 180,
214 2178 275 2231 459.
314 2177 419 2229 Graeci
437 2177 577 2230 similiter
594 2176 722 2248 ἀναροᾷν
739 2179 922 2250 παμμέγεθες.
948 2178 1020 2232 Vide
1038 2180 1198 2232 Luciauum
1216 2179 1289 2234 Cou-

131 2246 233 2316 templ.
259 2246 340 2299 Tom.
360 2249 382 2300 1.
404 2265 468 2323 pag.
488 2251 550 2304 356.
587 2249 624 2302 D.

203 2333 360 2389 exclamare
378 2336 479 2403 mus]
515 2339 597 2391 Unus
616 2337 666 2391 Ox.
686 2338 798 2391 omittit
815 2339 917 2393 maius.
937 2338 1021 2392 Vind.
1042 2342 1067 2394 2.
1093 2337 1179 2391 habet
1196 2337 1289 2393 meiere

129 2403 296 2458 exclamare.
317 2407 403 2459 Marb.
432 2409 592 2462 exclamare
613 2424 737 2462 munus
765 2424 838 2463 eum
856 2409 937 2465 aetia.
966 2407 1113 2465 FAWolf.
1133 2410 1164 2461 in
1182 2409 1289 2463 scholis

128 2474 171 2525 ait
189 2491 320 2543 naugerum
339 2481 495 2532 exclamare
517 2479 686 2533 Ciceronem
704 2480 824 2533 fortasse
843 2497 902 2533 non
920 2480 1008 2532 fuisse
1027 2479 1185 2533 dicturum:
1205 2480 1289 2532 Gom-

127 2545 292 2614 paratirum
315 2558 410 2601 autem
437 2550 468 2601 iu
487 2548 675 2603 Ciceroniana
706 2551 836 2604 oratioue
866 2550 961 2603 miuus
988 2550 1092 2602 habere
1112 2547 1286 2604 offensionis.

127 2615 203 2691 Aug.
224 2627 253 2670 et
271 2637 344 2671 unus
364 2620 413 2673 Ox.
434 2620 520 2673 habet
537 2638 592 2674 non
609 2638 663 2692 pro
681 2637 754 2674 uum.
775 2620 849 2674 Gud.
868 2624 894 2677 2.
914 2639 983 2686 cum,
1001 2630 1036 2672 nt
1054 2619 1141 2672 Marb.
1179 2621 1240 2674 Mr.

198 2706 332 2776 equitur
350 2707 444 2763 eiiei
463 2726 554 2764 ooceru
572 2717 598 2765 et
615 2710 699 2776 funde·
716 2710 876 2778 videorest]
912 2709 983 2778 „Sic
999 2709 1106 2762 habent
1125 2708 1180 2762 duo
1199 2707 1286 2763 Godd.

126 2774 207 2829 Mss.
228 2795 297 2845 quos
317 2797 430 2849 sequor.
468 2782 512 2835 Ita
530 2781 608 2834 enim
625 2781 787 2850 loquuntur
805 2781 912 2847 Latini,
940 2781 1041 2835 eiicere
1065 2789 1094 2833 et
1119 2779 1233 2834 mittere
1256 2787 1287 2833 81

126 2847 246 2912 fundere
264 2866 370 2904 uocem:
402 2851 478 2921 quod
496 2851 601 2905 Graeci
619 2851 720 2905 dicunt
738 2848 851 2923 ἀφιέναι
868 2855 978 2923 purim
1012 2852 1110 2921 itaque
1130 2850 1286 2926 legendum

126 2936 187 2972 esse
204 2920 279 3042 sppd
296 2922 466 3044 Lulcretium
485 2931 526 3046 et(1
532 2926 569 2976 Μ.
589 2920 668 3044 'll'uii
692 2922 953 3046 inthationedpro
980 2924 1017 2975 Μ.
1038 2921 1146 3045 Goglio‘
1160 2919 1286 3046 offigi-

125 3008 201 3141 itt?
223 3001 420 3131 „tratti
434 3010 555 3118 titt?
556 3002 807 3127 1ῑέἓέῗὲἱὲῗῶ
818 3008 1189 3138 qiffliid‘idta.
1217 3019 1286 3145 ...ζ

125 3129 213 3197 eiecit,
241 3133 309 3201 quir
331 3143 364 3187 ut
384 3151 439 3188 vox
457 3137 602 3200 mittatur,
629 3134 731 3200 efficit,
755 3143 784 3189 et
803 3151 903 3188 rocem
922 3134 1002 3204 quasi
1020 3133 1176 3204 exprimit:
1196 3138 1284 3199 esaar,

126 3203 178 3271 qui
196 3203 257 3272 ipsc
275 3204 377 3269 mittit,
396 3215 429 3258 ut
447 3223 501 3276 pro
519 3204 631 3260 Coelio:
660 3203 756 3261 Nonne
775 3204 869 3276 ipsam
886 3205 997 3259 domm
1013 3209 1123 3269 metuet,
1148 3219 1182 3257 ue
1200 3218 1285 3274 quum

124 3289 218 3325 uocem
236 3273 380 3341 eiiciat,
399 3276 448 3328 ubi
466 3275 557 3352 vulgo
577 3292 691 3348 quoquo
710 3275 808 3331 eiiciat
825 3277 948 3353 legitur,
967 3274 1065 3328 sedin
1083 3274 1190 3327 duobus
1203 3272 1283 3328 MSS.

125 3354 169 3397 est
188 3344 295 3411 dictae,
324 3355 353 3398 et
376 3346 538 3419 Euripides,
561 3357 595 3401 ut
617 3348 745 3401 Muretus
768 3348 877 3401 Variar.
903 3346 1031 3400 Lection.
1051 3345 1114 3398 Lib.
1134 3345 1172 3398 11.
1192 3362 1217 3397 c.
1240 3347 1281 3400 17.

125 3415 297 3481 observavit,
324 3423 429 3485 psp'rora
453 3423 582 3491 pddyyqr
604 3414 667 3488 ἀφῇ
691 3417 775 3473 dixit.
812 3417 862 3473 Sic
879 3416 1011 3470 homines
1038 3414 1116 3470 docti
1133 3415 1208 3487 apud
1225 3416 1283 3468 Lu·

123 3486 247 3540 cretium
266 3488 286 3539 l.
307 3488 360 3543 111.
379 3489 494 3563 legunt:
1062 3547 1065 3556 ,

288 3557 362 3611 Nom
380 3576 464 3614 verae
482 3576 582 3614 verer
603 3568 662 3613 tum
689 3561 797 3614 demum
812 3565 925 3628 pectore
949 3558 984 3611 ab
1002 3554 1059 3612 imo
1150 3624 1157 3640 ·

288 3629 513 3684 Eiiciuururr
687 3640 715 3685 et
734 3631 826 3683 infra:
851 3629 930 3686 Quod
947 3628 1054 3682 ceruina
1073 3642 1175 3683 uoces

79 1352 82 1384 i

289 3700 498 3755 deiciuntur
521 3708 549 3756 et
568 3720 618 3756 ore
634 3705 716 3772 forus
731 3702 890 3771 glomerato
913 3700 1062 3764 teruntur.-
1267 3737 1286 3763 -ss

124 3770 217 3835 Quum
242 3780 366 3841 utroque
392 3773 456 3825 loco
486 3773 638 3828 eliciuntur
664 3772 734 3825 libri
756 3771 887 3842 probant.
929 3769 987 3824 Sed
1013 3768 1165 3824 Lucretius
1192 3767 1281 3823 etiem

121 3841 209 3894 verbo
227 3841 355 3912 simplici
374 3843 415 3894 ita
433 3844 539 3898 utitur:
560 3853 592 3897 ut
611 3844 660 3896 lib.
681 3845 711 3899 4:
1259 3864 1262 3868 ’

287 3913 344 3966 Sea
363 3915 446 3966 etium
464 3922 513 3968 uut
531 3922 633 3985 septem
652 3916 713 3968 loce
731 3910 794 3968 oa‘dr'
811 3912 933 3967 reddere
950 3926 1041 3976 voces,

290 3982 381 4037 Unum
400 4000 479 4053 psum
499 3985 615 4039 iaceres.
1040 4048 1047 4064 ι
1069 4048 1076 4063 ·
1246 4048 1253 4064 ι

118 4054 217 4118 Porro,
237 4073 327 4123 quum
345 4056 419 4125 apud
437 4056 606 4111 Ciceronem
627 4053 714 4123 fiendi
734 4063 880 4125 sequatur,
911 4052 983 4123 quin
1007 4049 1074 4105 eim
1099 4056 1213 4105 rectum
1231 4057 1279 4114 snt,

119 4124 231 4178 nemini
250 4126 369 4178 dubium
388 4127 452 4180 fore
470 4126 635 4197 putamus.“
654 4125 702 4181 Fr.
724 4125 881 4181 Fateatur.
919 4122 1018 4191 „Ele'cr'
1035 4130 1079 4176 est
1098 4122 1130 4174 iu
1148 4120 1279 4205 omnibus

118 4194 196 4249 Mss.
222 4205 285 4248 tum
309 4197 424 4263 nostris,
454 4207 517 4251 tum
539 4198 679 4251 Gulielm.
709 4197 833 4268 denique
858 4195 913 4250 Ed.
938 4192 1063 4248 Victorii
1088 4192 1145 4246 reli
1166 4206 1277 4261 uisque.

118 4266 272 4320 Lambinus
290 4285 327 4320 ex
345 4267 460 4332 duobus,
485 4278 519 4320 ut
536 4269 588 4335 ait,
613 4267 690 4324 MSS.
711 4267 788 4335 edici,
813 4267 880 4338 quia
899 4273 953 4320 etc.
991 4263 1049 4320 Sed
1066 4262 1138 4335 qnid
1227 4277 1279 4315 uo-

118 4336 210 4391 vitate
229 4337 343 4408 opus?“
374 4336 515 4393 Gebhard.
827 4386 830 4393 .
856 4394 860 4405 ,

193 4408 337 4476 Eruitur
364 4408 434 4464 elici
456 4407 563 4477 meam]
599 4409 753 4464 hunbinus
778 4426 815 4464 ex
837 4407 944 4464 dnobus
966 4406 1060 4463 itastis
1079 4402 1195 4476 reponit
1212 4418 1280 4458 essee
1343 4467 1348 4476 ,
