2828 5070
123 279 219 371 mv,
582 310 588 315 -
643 282 788 347 tunm

122 446 169 513 (F.
189 446 250 518 a),
281 454 343 504 tres
366 445 403 502 ad
425 446 486 503 eius
508 448 666 504 lectionem
686 449 774 522 plane
801 467 832 506 se
854 451 1076 505 coniormantes.
1118 452 1159 505 Et
1184 455 1281 523 prima

121 519 240 589 qmdean
256 520 407 577 woltun
423 521 534 591 prodiit
551 541 575 575 a.
596 525 676 587 1797,
692 524 816 578 amada
834 542 858 576 a.
879 526 959 587 1807,
978 524 1067 576 tertia
1087 525 1173 580 182⁵:
1198 526 1281 579 nulla

121 589 208 646 babet
232 592 345 662 aliquid
367 594 572 647 annotationis:
603 594 653 648 sed
741 596 789 670 gie
807 596 977 648 adiuvamur
996 596 1102 648 scholis
1120 597 1229 650 Wollii
1246 598 1280 650 ab

31 687 38 692 ·
122 662 233 717 Orellio
262 665 293 716 in
315 664 369 716 Ed.
396 666 540 735 peculiari
564 667 658 719 editis.
736 669 823 719 unam
850 683 909 720 non
932 667 1008 718 vidi:
1036 668 1085 720 sed
1107 670 1280 721 memoravit

121 735 241 789 subinde
263 737 325 789 eius
347 736 486 791 lectiones
515 757 531 788 a
554 739 739 808 sequentibus
761 739 955 808 discrepantes
984 739 1032 790 Or.
1060 737 1186 791 Primam
1209 740 1280 791 item

122 808 185 860 fere
210 825 374 877 expressam
397 807 533 861 habemus
557 810 589 860 in
611 811 663 862 Ed
683 812 720 863 A.
740 812 784 863 M.
803 809 909 863 linui.
935 827 1008 878 quae
1032 811 1106 862 edita
1133 818 1185 871 est,
1212 828 1280 862 cum

121 877 218 946 aliqua
236 878 370 934 lectionis
387 881 536 945 varietate,
566 881 689 935 Wirceb
748 883 754 893 '
774 901 798 933 a,
819 885 897 937 1798.
934 881 1048 949 Proprii
1067 880 1143 949 quod
1166 881 1279 945 babeat,

33 976 42 993 κ
123 950 200 1001 nihil
232 952 302 1004 vidi·
343 951 465 1020 Aliquot
494 953 612 1005 notulae
640 970 709 1005 vere
774 956 891 1005 conicae
923 953 1093 1004 sententiam
1119 951 1278 1004 illustrant.

120 1020 252 1075 Primam
278 1023 366 1076 etiam
391 1026 524 1093 sequitur
546 1023 575 1080 J.
594 1024 627 1076 G.
648 1024 680 1077 0.
699 1024 831 1090 Neidt'aa,
860 1025 910 1093 qui
929 1043 954 1076 a.
977 1026 1053 1078 1798.
1078 1023 1162 1074 bosco
1191 1024 1280 1076 libros

124 1096 332 1147 commentario
351 1105 490 1165 perpetuo
509 1095 667 1147 illustravit
686 1103 715 1148 et
734 1097 828 1149 indice
846 1096 985 1147 historico
1004 1095 1118 1145 ornavit
1137 1094 1230 1163 (lips.
1251 1102 1280 1147 et

123 1167 188 1220 Jen.
214 1169 267 1229 8.).
311 1167 337 1218 ls
361 1168 410 1218 vir
433 1168 495 1238 ipse
519 1185 547 1218 se
571 1175 636 1236 post
653 1168 759 1221 Wolfii
784 1186 866 1221 curas
891 1167 1056 1217 abstinuisse
1080 1167 1121 1216 ait
1144 1165 1177 1217 ab
1201 1168 1280 1218 omni

123 1237 221 1290 labore
230 1237 344 1302 critico,
364 1238 404 1290 ita
422 1247 455 1290 ut
473 1240 651 1309 paucissimis
669 1248 781 1290 tantum
800 1242 830 1290 in
848 1238 920 1291 locis
939 1237 1004 1303 [nec
1016 1254 1130 1305 semper
1140 1237 1280 1304 feliciter]

123 1310 202 1362 vires
224 1309 451 1379 periclitaretur.
494 1311 628 1379 Denique
653 1310 779 1378 primum
802 1311 980 1365 Wolfianam
1011 1308 1047 1360 ad
1071 1308 1192 1359 verbum
1218 1310 1280 1362 lere

123 1398 288 1452 expressam
304 1381 390 1433 habes
412 1381 443 1432 in
462 1381 517 1434 Ed.
536 1383 565 1434 J.
583 1381 779 1445 Billerbecis'i,
806 1400 980 1451 quamqunn
998 1397 1088 1448 quum
1106 1379 1280 1431 Tmculanas

123 1470 174 1505 suo
193 1469 275 1505 more
293 1452 391 1505 ederet
408 1454 549 1518 (Hannov.
574 1473 599 1505 a.
621 1452 722 1518 1818),
747 1456 834 1505 tertia
851 1453 959 1507 Wolfii
986 1450 1095 1502 dudum
1120 1451 1279 1519 prodierat.

123 1523 215 1576 llabet
234 1532 330 1575 tamen
349 1541 382 1576 ea
400 1523 499 1589 editio,
527 1526 629 1593 quibus
647 1526 874 1588 coinmendetur,
898 1526 930 1574 in
947 1523 1049 1592 primis
1068 1521 1116 1572 ubi
1135 1523 1165 1572 in
1184 1524 1281 1590 poe'ta·

71 1599 73 1603 ’
123 1612 190 1647 rum
204 1594 279 1648 ‘locis
298 1594 482 1647 Groteiendii
500 1596 601 1665 opibus
619 1596 731 1648 adiutus
750 1605 801 1648 est.
838 1596 955 1649 Tertiae
973 1593 1138 1647 Wolfianae
1165 1602 1281 1646 contex-

124 1673 187 1718 tum
209 1668 303 1720 refert
327 1667 363 1720 lt.
382 1664 512 1720 Kidaeri
536 1668 625 1720 editio
649 1669 764 1734 (lenae,
783 1670 862 1723 1829.
881 1669 927 1731 8.)
952 1665 1204 1735 praestantissima,
1232 1666 1280 1716 cui

122 1737 188 1791 viro
207 1738 263 1790 iam
282 1747 366 1791 antea
392 1739 519 1790 multum
542 1738 661 1792 debebat
679 1739 790 1802 Cicero,
817 1756 884 1791 cum
902 1739 1010 1790 librum
1035 1736 1071 1788 de
1088 1734 1232 1804 Ciceroma
1248 1735 1281 1790 ia

123 1807 332 1879 Philosophiam
350 1809 464 1864 meritis
482 1810 604 1862 ediderit
621 1811 802 1886 (llamburgi,
823 1812 901 1865 1815.
916 1807 968 1872 8.):
988 1824 1075 1871 nunc,
1095 1808 1212 1891 egregia
1228 1808 1281 1859 illa

123 1881 260 1947 editione,
286 1882 448 1947 accedente,
477 1882 640 1951 plurimum
663 1882 755 1935 debet
793 1882 906 1952 Duplex
932 1886 1027 1932 autem
1052 1879 1121 1930 lion
1145 1878 1196 1931 dos
1222 1888 1280 1932 esti

124 1970 191 2005 nam
209 1961 239 2007 et
257 1953 485 2006 Grammaticum
504 1955 564 2036 egit
582 1952 781 2022 criticumque
804 1951 982 2023 probabilem
999 1957 1085 2019 atque
1101 1958 1228 2014 acutum,
1253 1959 1282 2004 et

123 2025 159 2077 ad
178 2025 349 2077 sententiam
368 2024 499 2077 locorum
517 2025 725 2094 impeditorum
742 2024 939 2093 explicandam
957 2023 1069 2105 ingenii
1087 2039 1120 2074 ac
1134 2022 1281 2075 doctrinae

122 2095 285 2148 ubertatem
302 2095 411 2147 attulit.
448 2095 609 2149 Secundam
632 2112 686 2169 ego
711 2103 741 2148 et
764 2096 882 2148 tertiam
902 2093 1018 2158 Wolfii,
1043 2111 1110 2146 cum
1126 2092 1183 2156 bis,
1213 2111 1281 2164 quas

123 2166 207 2219 modo
225 2166 367 2231 recensui,
386 2175 510 2236 quatuor
528 2167 709 2232 editionibus,
732 2168 767 2220 ad
785 2184 902 2218 manum
919 2165 1015 2217 habui.

193 2236 240 2301 51)
264 2235 394 2291 Seiano·
415 2239 582 2291 Editionem
606 2240 699 2305 (cuim
727 2254 760 2290 ea
787 2256 862 2308 pars,
893 2255 965 2306 quae
988 2235 1164 2289 Tusculanas
1184 2234 1281 2303 habet,

123 2308 234 2379 prodiit
251 2327 267 2360 a
286 2312 364 2365 1816.
379 2309 418 2372 8.)
437 2312 500 2379 quis
519 2310 613 2362 nescit
631 2328 698 2363 cum
715 2309 848 2380 pluribus
866 2310 946 2361 bonis
964 2309 1070 2360 habere
1087 2309 1282 2361 festinationis

122 2380 482 2523 amaa-mli
511 2379 1155 2523 Nsasfflatlaitatstm
1168 2396 1282 2506 ..Ἥ

123 2523 216 2575 addit:
246 2525 277 2574 in
301 2532 401 2575 mutan
420 2542 437 2576 a
460 2524 585 2577 lectione
603 2524 681 2576 iusto
702 2541 784 2594 saepe
803 2523 935 2592 cupidius
953 2529 1117 2597 grassatur..
1155 2520 1283 2575 Annota-

123 2593 249 2644 tionibus
276 2595 387 2646 criticis
409 2611 467 2647 non
489 2596 616 2646 multum
638 2596 707 2648 fidei
730 2593 892 2646 babendum
922 2602 979 2646 est:
1013 2609 1072 2644 non
1097 2609 1155 2663 quo
1179 2594 1283 2647 fallere

122 2664 251 2716 voluerit
268 2665 392 2717 lectores
413 2666 461 2717 vir
484 2665 712 2731 honestissimus,
738 2665 788 2718 sed
806 2666 883 2736 quia,
911 2666 961 2717 vel
984 2680 1138 2734 operarum
1162 2665 1211 2716 vel
1231 2681 1283 2718 suo

124 2750 233 2798 errore,
252 2737 324 2787 salsa
341 2753 424 2806 saepo
442 2738 478 2788 iis
496 2738 662 2790 immiscuit.

194 2804 240 2869 52)
264 2806 370 2860 Noctis·
387 2809 429 2874 (G.
448 2809 481 2861 F.
501 2807 547 2872 A.)
574 2808 662 2862 editio
681 2807 805 2876 Operum
824 2805 984 2871 Ciceronis,
1003 2824 1075 2875 quae
1094 2807 1191 2859 lucem
1208 2807 1284 2860 vidit

124 2893 148 2927 a.
168 2879 245 2941 1817,
265 2878 486 2953 elegantissima,
512 2881 629 2933 Ernesti
646 2882 803 2951 profitetur
825 2879 1033 2942 recensionem,
1058 2879 1183 2931 studiose
1202 2895 1284 2931 reco-

124 2948 250 3022 gnitam:
271 2957 300 3001 et
317 2967 386 3003 vere
405 2951 530 3020 quidem.
567 2951 745 3020 Quamquam
762 2968 816 3003 nec
835 2969 907 3020 quaa
935 2956 1003 3002 sunt
1020 2949 1138 3002 Ernesti
1157 2950 1285 3002 nolentis

85 3077 86 3080 Ἴ
124 3012 312 3092 necopinum
330 3024 427 3074 omnia
444 3023 570 3088 sustulit,
596 3022 785 3094 pluribusque
805 3023 892 3075 etiam
910 3021 982 3074 locis
1001 3021 1124 3072 nimium
1142 3030 1285 3091 quiantum

123 3107 154 3143 se
172 3091 295 3145 Ernesto
314 3094 433 3158 addixit,
462 3103 504 3159 ut,
539 3094 615 3162 quod
634 3104 676 3148 est
694 3095 725 3145 in
742 3094 906 3164 proverbio,
926 3109 1132 3163 nonnunquam
1150 3094 1285 3168 frugibus

126 3163 251 3216 inventis
269 3165 304 3218 ad
321 3166 438 3240 glandes
457 3167 564 3219 redisse
581 3166 722 3219 videatur.

197 3235 242 3300 53)
261 3235 307 3300 54)
331 3237 435 3291 Orellii
456 3239 519 3304 (Jo.
539 3237 639 3307 Casp.)
667 3239 697 3288 in
716 3236 885 3289 Ciceronem
912 3235 1016 3287 merita
1041 3235 1092 3306 qui
1116 3235 1284 3305 praedicare

125 3308 267 3373 instituat,
298 3327 351 3362 nae
369 3311 393 3360 is
411 3319 507 3362 actum
525 3326 610 3384 agere
632 3308 767 3362 dicendus
792 3309 837 3359 sit
876 3309 910 3360 ln
930 3307 1053 3374 Operum
1073 3304 1133 3358 cic.
1154 3309 1285 3359 omnimn

126 3378 252 3431 editione
270 3379 447 3433 Tusculanae
464 3381 678 3450 Disputationes
733 3389 778 3432 rte
795 3381 894 3450 priore
912 3380 1074 3431 voluminis
1093 3379 1191 3447 quarti
1216 3396 1285 3432 con-

124 3449 265 3513 tinentur,
296 3469 366 3520 quae
389 3452 499 3521 prodiit
523 3470 546 3503 a.
567 3454 644 3509 1828.
706 3451 855 3505 eculiorem
884 3450 960 3501 idem
990 3451 1045 3515 vir,
1076 3449 1218 3502 indefesso
1248 3450 1285 3503 de

124 3520 230 3572 nostris
249 3521 350 3573 studiis
369 3522 499 3575 merendi
516 3523 609 3575 studio
634 3524 766 3598 insignis,
791 3522 880 3574 edidit
905 3538 971 3572 eum
990 3521 1139 3573 Paradoxis
1157 3538 1181 3572 a.
1202 3523 1285 3577 1829.

124 3599 291 3644 contextum
310 3594 426 3661 quidem
446 3595 567 3647 eundem
586 3595 753 3664 easdemque
772 3593 970 3646 annotationes
990 3593 1114 3655 criticas,
1134 3610 1202 3660 quas
1222 3592 1285 3659 illa,

124 3662 318 3728 exhibentem,
338 3665 386 3717 sed
405 3665 509 3717 talibus
528 3667 672 3736 tantisque
691 3684 723 3718 ea
747 3665 883 3736 splendet
897 3663 1112 3726 accessionibus,
1140 3672 1173 3713 ut
1190 3663 1286 3733 pluri-

125 3751 205 3785 mum
224 3736 251 3787 ei
269 3734 369 3787 debeat
387 3744 483 3788 nostra
502 3738 600 3800 editio,
621 3755 793 3807 quamquam
816 3736 879 3788 aliis
898 3736 1029 3786 subsidiis
1054 3735 1121 3786 satis
1139 3752 1286 3804 superque

126 3807 276 3858 instructa.
313 3805 429 3858 Addidit
448 3817 543 3860 autem
563 3826 628 3862 suae
648 3808 781 3860 editioni:
807 3811 834 3868 a)
853 3807 918 3860 Frc.
939 3806 1068 3859 Fabricii
1086 3808 1286 3859 annotationes

128 3876 167 3944 [v.
187 3877 221 3929 de
241 3876 278 3942 ej.
297 3878 350 3930 Ed.
370 3896 455 3949 supra
474 3880 510 3932 11.
533 3879 604 3946 12.];
623 3880 651 3945 b)
671 3881 704 3932 ll.
725 3878 852 3932 Bentleii
870 3878 1081 3931 emendationes
1095 3879 1171 3930 curis
1184 3895 1287 3929 secun-

125 3948 168 4000 dis
187 3960 281 4000 auctas
301 3948 361 4014 [vid
379 3967 465 4020 supra
484 3952 520 4004 ll.
540 3950 698 4019 ³9-41.];
717 3949 744 4014 c)
762 3950 792 4003 J.
801 3951 829 4004 J.
847 3948 953 4002 Rotam
964 3950 1098 4002 libellum
1110 3949 1288 4002 variantium

125 4020 284 4077 lectionum
303 4018 381 4085 [cum
400 4031 481 4075 textu
519 4023 609 4075 rodiit
626 4023 703 4093 lips.
724 4022 881 4088 1759.12.],
897 4039 984 4090 quem
1001 4038 1055 4097 ego
1074 4022 1182 4073 frustra
1195 4021 1287 4074 unde-

125 4108 239 4215 quaque
259 4093 471 4160 quaesiveram,
490 4040 530 4157 d)
548 4093 576 4146 J.
597 4093 625 4146 J.
646 4093 816 4162 Hottingeri
834 4093 1024 4168 spicilegium
1049 4091 1093 4158 [in
1117 4093 1286 4145 Prolusione

153 4163 280 4215 uricensi
300 4167 376 4220 1791.
397 4162 436 4229 4.]
462 4165 489 4230 e)
508 4166 539 4219 F.
558 4167 596 4222 A.
621 4165 720 4232 Wolfli
738 4165 909 4218 Scholarum
933 4182 1001 4217 exce
1040 4173 1070 4218 ta
1092 4181 1159 4217 cum
1178 4163 1287 4216 addita-

126 4234 231 4287 mentis
256 4234 374 4288 editoris
393 4234 528 4304 [0rellii]
556 4246 586 4289 et
610 4238 715 4290 selecta
740 4238 879 4290 varietate
902 4235 990 4289 codd.
1041 4237 1112 4289 uisb.
1134 4235 1207 4289 Gud.
1229 4252 1286 4290 sec.

125 4305 342 4380 Rehdigeriani,
367 4308 486 4362 Vindob.
516 4309 676 4378 utriusque.
712 4307 798 4361 Nihil
823 4307 894 4362 addo
912 4308 946 4360 ad
964 4307 1051 4361 huius
1071 4307 1205 4362 editionis
1224 4307 1287 4358 lau-

127 4378 192 4430 dem
210 4395 264 4447 per
281 4395 311 4431 se
330 4380 593 4433 cumulatissimum.

198 4449 245 4515 55)
267 4446 336 4507 Tin.
372 4453 575 4507 nocentissima
593 4461 645 4518 est,
671 4460 722 4517 et,
735 4467 910 4522 quiunquam
927 4468 1014 4504 unam
1038 4459 1152 4506 tantum
1170 4457 1288 4504 annota-
