<?xml version="1.0" encoding="UTF-8"?>
<!DOCTYPE html PUBLIC "-//W3C//DTD XHTML 1.0 Transitional//EN"
    "http://www.w3.org/TR/xhtml1/DTD/xhtml1-transitional.dtd">
<html xmlns="http://www.w3.org/1999/xhtml" xml:lang="en" lang="en">
 <head>
  <title>
</title>
<meta http-equiv="Content-Type" content="text/html;charset=utf-8" />
  <meta name='ocr-system' content='tesseract 3.04.00' />
  <meta name='ocr-capabilities' content='ocr_page ocr_carea ocr_par ocr_line ocrx_word'/>
</head>
<body>
  <div class='ocr_page' id='page_1' title='image "./mtulliiciceroni01davigoog_0520.png"; bbox 0 0 2828 5070; ppageno 0'>
   <div class='ocr_carea' id='block_1_1' title="bbox 514 309 1221 393">
    <p class='ocr_par' dir='ltr' id='par_1_1' title="bbox 514 309 1221 393">
     <span class='ocr_line' id='line_1_1' title="bbox 514 309 1221 393; baseline 0.004 -18"><span class='ocrx_word' id='word_1_1' title='bbox 514 309 645 376; x_wconf 79' lang='lat' dir='ltr'><strong>nucu</strong></span> <span class='ocrx_word' id='word_1_2' title='bbox 664 310 709 393; x_wconf 86' lang='lat'><strong>11,</strong></span> <span class='ocrx_word' id='word_1_3' title='bbox 732 311 780 376; x_wconf 86' lang='lat' dir='ltr'><strong>n.</strong></span> <span class='ocrx_word' id='word_1_4' title='bbox 1159 309 1221 378; x_wconf 80' lang='lat' dir='ltr'><strong>tea</strong></span> 
     </span>
    </p>
   </div>
   <div class='ocr_carea' id='block_1_2' title="bbox 66 474 1221 808">
    <p class='ocr_par' dir='ltr' id='par_1_2' title="bbox 66 474 1221 808">
     <span class='ocr_line' id='line_1_2' title="bbox 69 474 1221 560; baseline -0.001 -21"><span class='ocrx_word' id='word_1_5' title='bbox 69 479 219 552; x_wconf 83' lang='lat' dir='ltr'><strong>civitate,</strong></span> <span class='ocrx_word' id='word_1_6' title='bbox 238 493 337 560; x_wconf 51' lang='lat' dir='ltr'><strong>*quam</strong></span> <span class='ocrx_word' id='word_1_7' title='bbox 357 477 455 539; x_wconf 82' lang='lat' dir='ltr'><strong>finxit</strong></span> <span class='ocrx_word' id='word_1_8' title='bbox 481 477 549 555; x_wconf 89' lang='lat' dir='ltr'><strong>ille,</strong></span> <span class='ocrx_word' id='word_1_9' title='bbox 571 498 648 540; x_wconf 88' lang='lat' dir='ltr'><strong>cum</strong></span> <span class='ocrx_word' id='word_1_10' title='bbox 675 479 819 560; x_wconf 79' lang='lat' dir='ltr'><strong>optimos</strong></span> <span class='ocrx_word' id='word_1_11' title='bbox 844 495 965 556; x_wconf 79' lang='lat' dir='ltr'><strong>mores,</strong></span> <span class='ocrx_word' id='word_1_12' title='bbox 993 483 1029 539; x_wconf 84' lang='lat' dir='ltr'><strong>at</strong></span> <span class='ocrx_word' id='word_1_13' title='bbox 1055 474 1221 560; x_wconf 87' lang='lat' dir='ltr'><strong>optimum</strong></span> 
     </span>
     <span class='ocr_line' id='line_1_3' title="bbox 69 559 1221 641; baseline -0.001 -20"><span class='ocrx_word' id='word_1_14' title='bbox 69 563 120 622; x_wconf 90' lang='lat' dir='ltr'><strong>rei</strong></span> <span class='ocrx_word' id='word_1_15' title='bbox 142 560 296 641; x_wconf 85' lang='lat' dir='ltr'><strong>publicae</strong></span> <span class='ocrx_word' id='word_1_16' title='bbox 317 568 441 622; x_wconf 83' lang='lat' dir='ltr'><strong>statum</strong></span> <span class='ocrx_word' id='word_1_17' title='bbox 462 563 667 641; x_wconf 72' lang='lat' dir='ltr'><strong>exquireret.</strong></span> <span class='ocrx_word' id='word_1_18' title='bbox 711 565 757 621; x_wconf 78' lang='lat' dir='ltr'><strong>At</strong></span> <span class='ocrx_word' id='word_1_19' title='bbox 778 579 860 622; x_wconf 86' lang='lat' dir='ltr'><strong>vero</strong></span> <span class='ocrx_word' id='word_1_20' title='bbox 883 579 954 636; x_wconf 82' lang='lat' dir='ltr'><strong>nor,</strong></span> <span class='ocrx_word' id='word_1_21' title='bbox 982 559 1073 622; x_wconf 88' lang='lat' dir='ltr'><strong>docti</strong></span> <span class='ocrx_word' id='word_1_22' title='bbox 1093 560 1221 621; x_wconf 80' lang='lat' dir='ltr'><strong>scilicet</strong></span> 
     </span>
     <span class='ocr_line' id='line_1_4' title="bbox 67 640 1220 729; baseline 0.003 -26"><span class='ocrx_word' id='word_1_23' title='bbox 67 662 87 703; x_wconf 86' lang='lat' dir='ltr'><strong>a</strong></span> <span class='ocrx_word' id='word_1_24' title='bbox 109 642 260 719; x_wconf 76' lang='lat' dir='ltr'><strong>Graecia,</strong></span> <span class='ocrx_word' id='word_1_25' title='bbox 283 643 364 704; x_wconf 81' lang='lat' dir='ltr'><strong>haec</strong></span> <span class='ocrx_word' id='word_1_26' title='bbox 385 652 419 705; x_wconf 87' lang='lat' dir='ltr'><strong>et</strong></span> <span class='ocrx_word' id='word_1_27' title='bbox 439 663 459 703; x_wconf 81' lang='lat' dir='ltr'><strong>a</strong></span> <span class='ocrx_word' id='word_1_28' title='bbox 481 646 625 723; x_wconf 82' lang='lat' dir='ltr'><strong>pueritia</strong></span> <span class='ocrx_word' id='word_1_29' title='bbox 638 644 780 729; x_wconf 82' lang='lat' dir='ltr'><strong>legimus</strong></span> <span class='ocrx_word' id='word_1_30' title='bbox 797 652 831 704; x_wconf 90' lang='lat' dir='ltr'><strong>et</strong></span> <span class='ocrx_word' id='word_1_31' title='bbox 845 640 1022 705; x_wconf 77' lang='lat' dir='ltr'><strong>discimus:</strong></span> <span class='ocrx_word' id='word_1_32' title='bbox 1042 643 1127 707; x_wconf 77' lang='lat' dir='ltr'><strong>herio</strong></span> <span class='ocrx_word' id='word_1_33' title='bbox 1142 663 1220 707; x_wconf 83' lang='lat' dir='ltr'><strong>eru·</strong></span> 
     </span>
     <span class='ocr_line' id='line_1_5' title="bbox 66 725 881 808; baseline 0.002 -20"><span class='ocrx_word' id='word_1_34' title='bbox 66 726 228 788; x_wconf 83' lang='lat' dir='ltr'>ditionem</span> <span class='ocrx_word' id='word_1_35' title='bbox 249 727 423 787; x_wconf 78' lang='lat' dir='ltr'><strong>liberatem</strong></span> <span class='ocrx_word' id='word_1_36' title='bbox 445 735 480 786; x_wconf 86' lang='lat' dir='ltr'><strong>et</strong></span> <span class='ocrx_word' id='word_1_37' title='bbox 500 725 689 788; x_wconf 78' lang='lat' dir='ltr'><strong>doctrinam</strong></span> <span class='ocrx_word' id='word_1_38' title='bbox 715 734 881 808; x_wconf 75' lang='lat' dir='ltr'><strong>putemur.</strong></span> 
     </span>
    </p>
   </div>
   <div class='ocr_carea' id='block_1_3' title="bbox 67 893 1221 1255">
    <p class='ocr_par' dir='ltr' id='par_1_3' title="bbox 67 893 1221 1255">
     <span class='ocr_line' id='line_1_6' title="bbox 69 893 1221 964; baseline 0.002 -16"><span class='ocrx_word' id='word_1_39' title='bbox 69 897 111 949; x_wconf 77' lang='lat'><strong>14.</strong></span> <span class='ocrx_word' id='word_1_40' title='bbox 149 894 195 948; x_wconf 82' lang='lat' dir='ltr'><strong>Aa</strong></span> <span class='ocrx_word' id='word_1_41' title='bbox 212 894 288 959; x_wconf 72' lang='lat' dir='ltr'><strong>forie</strong></span> <span class='ocrx_word' id='word_1_42' title='bbox 305 895 418 948; x_wconf 78' lang='lat' dir='ltr'><strong>Platoni</strong></span> <span class='ocrx_word' id='word_1_43' title='bbox 435 895 542 948; x_wconf 83' lang='lat' dir='ltr'><strong>Graeco</strong></span> <span class='ocrx_word' id='word_1_44' title='bbox 559 896 653 962; x_wconf 80' lang='lat' dir='ltr'><strong>petiae</strong></span> <span class='ocrx_word' id='word_1_45' title='bbox 667 895 766 962; x_wconf 80' lang='lat' dir='ltr'><strong>palma</strong></span> <span class='ocrx_word' id='word_1_46' title='bbox 784 894 881 948; x_wconf 86' lang='lat' dir='ltr'><strong>danda</strong></span> <span class='ocrx_word' id='word_1_47' title='bbox 899 893 1020 964; x_wconf 56' lang='lat' dir='ltr'><strong>estqui</strong></span> <span class='ocrx_word' id='word_1_48' title='bbox 1037 911 1097 948; x_wconf 86' lang='lat' dir='ltr'><strong>eum</strong></span> <span class='ocrx_word' id='word_1_49' title='bbox 1107 894 1221 951; x_wconf 79' lang='lat' dir='ltr'><strong>ratione</strong></span> 
     </span>
     <span class='ocr_line' id='line_1_7' title="bbox 67 965 1220 1037; baseline 0.003 -19"><span class='ocrx_word' id='word_1_50' title='bbox 67 967 215 1032; x_wconf 70' lang='lat' dir='ltr'><strong>formaret,</strong></span> <span class='ocrx_word' id='word_1_51' title='bbox 243 967 336 1035; x_wconf 73' lang='lat' dir='ltr'><strong>quatit</strong></span> <span class='ocrx_word' id='word_1_52' title='bbox 361 982 421 1019; x_wconf 81' lang='lat' dir='ltr'><strong>eree</strong></span> <span class='ocrx_word' id='word_1_53' title='bbox 448 965 549 1019; x_wconf 78' lang='lat' dir='ltr'><strong>civitae</strong></span> <span class='ocrx_word' id='word_1_54' title='bbox 576 968 681 1032; x_wconf 78' lang='lat' dir='ltr'><strong>debeat,</strong></span> <span class='ocrx_word' id='word_1_55' title='bbox 711 975 843 1037; x_wconf 81' lang='lat' dir='ltr'><strong>tanquam</strong></span> <span class='ocrx_word' id='word_1_56' title='bbox 871 966 1053 1021; x_wconf 70' lang='lat' dir='ltr'><strong>adversariae</strong></span> <span class='ocrx_word' id='word_1_57' title='bbox 1078 967 1220 1032; x_wconf 79' lang='lat' dir='ltr'><strong>civitatie,</strong></span> 
     </span>
     <span class='ocr_line' id='line_1_8' title="bbox 67 1037 1219 1108; baseline 0.002 -17"><span class='ocrx_word' id='word_1_58' title='bbox 67 1037 168 1091; x_wconf 83' lang='lat' dir='ltr'><strong>Poetae</strong></span> <span class='ocrx_word' id='word_1_59' title='bbox 194 1040 302 1090; x_wconf 80' lang='lat' dir='ltr'><strong>cenauit</strong></span> <span class='ocrx_word' id='word_1_60' title='bbox 327 1038 393 1090; x_wconf 81' lang='lat' dir='ltr'><strong>urbe</strong></span> <span class='ocrx_word' id='word_1_61' title='bbox 447 1038 590 1090; x_wconf 83' lang='lat' dir='ltr'><strong>ellendos?</strong></span> <span class='ocrx_word' id='word_1_62' title='bbox 626 1038 768 1091; x_wconf 83' lang='lat' dir='ltr'><strong>Minucius</strong></span> <span class='ocrx_word' id='word_1_63' title='bbox 795 1037 879 1090; x_wconf 78' lang='lat' dir='ltr'><strong>Felix</strong></span> <span class='ocrx_word' id='word_1_64' title='bbox 907 1038 1003 1090; x_wconf 81' lang='lat' dir='ltr'><strong>Octev.</strong></span> <span class='ocrx_word' id='word_1_65' title='bbox 1037 1055 1100 1108; x_wconf 85' lang='lat' dir='ltr'><strong>cap.</strong></span> <span class='ocrx_word' id='word_1_66' title='bbox 1128 1040 1219 1093; x_wconf 78' lang='lat' dir='ltr'><strong>xxu.</strong></span> 
     </span>
     <span class='ocr_line' id='line_1_9' title="bbox 68 1107 1220 1178; baseline 0.001 -16"><span class='ocrx_word' id='word_1_67' title='bbox 68 1108 150 1162; x_wconf 82' lang='lat' dir='ltr'><strong>Plato</strong></span> <span class='ocrx_word' id='word_1_68' title='bbox 169 1109 232 1161; x_wconf 84' lang='lat' dir='ltr'><strong>idea</strong></span> <span class='ocrx_word' id='word_1_69' title='bbox 250 1111 397 1176; x_wconf 78' lang='lat' dir='ltr'><strong>praeclare</strong></span> <span class='ocrx_word' id='word_1_70' title='bbox 443 1124 561 1161; x_wconf 65' lang='lat' dir='ltr'><strong>aninam</strong></span> <span class='ocrx_word' id='word_1_71' title='bbox 580 1135 613 1146; x_wconf 84' lang='lat'><em>—</em></span> <span class='ocrx_word' id='word_1_72' title='bbox 633 1109 805 1172; x_wconf 80' lang='lat' dir='ltr'><strong>decivitate,</strong></span> <span class='ocrx_word' id='word_1_73' title='bbox 831 1123 914 1178; x_wconf 73' lang='lat' dir='ltr'><strong>quam</strong></span> <span class='ocrx_word' id='word_1_74' title='bbox 938 1107 968 1160; x_wconf 78' lang='lat' dir='ltr'><strong>in</strong></span> <span class='ocrx_word' id='word_1_75' title='bbox 987 1125 1113 1162; x_wconf 83' lang='lat' dir='ltr'><strong>aermone</strong></span> <span class='ocrx_word' id='word_1_76' title='bbox 1135 1109 1220 1163; x_wconf 74' lang='lat' dir='ltr'><strong>insti·</strong></span> 
     </span>
     <span class='ocr_line' id='line_1_10' title="bbox 69 1179 1220 1255; baseline 0.003 -24"><span class='ocrx_word' id='word_1_77' title='bbox 69 1181 170 1243; x_wconf 78' lang='lat' dir='ltr'><strong>traebat,</strong></span> <span class='ocrx_word' id='word_1_78' title='bbox 191 1179 317 1235; x_wconf 80' lang='lat' dir='ltr'><strong>eiecit.</strong></span> <span class='ocrx_word' id='word_1_79' title='bbox 347 1179 510 1232; x_wconf 78' lang='lat' dir='ltr'><strong>Athenaeus</strong></span> <span class='ocrx_word' id='word_1_80' title='bbox 537 1180 588 1232; x_wconf 91' lang='lat' dir='ltr'><strong>lib.</strong></span> <span class='ocrx_word' id='word_1_81' title='bbox 608 1181 641 1231; x_wconf 87' lang='lat' dir='ltr'><strong>V.</strong></span> <span class='ocrx_word' id='word_1_82' title='bbox 660 1198 724 1255; x_wconf 80' lang='lat' dir='ltr'><strong>pag.</strong></span> <span class='ocrx_word' id='word_1_83' title='bbox 747 1182 804 1235; x_wconf 78' lang='lat'><strong>187.</strong></span> <span class='ocrx_word' id='word_1_84' title='bbox 837 1181 932 1246; x_wconf 84' lang='grc' dir='ltr'><em>Ὅμως</em></span> <span class='ocrx_word' id='word_1_85' title='bbox 956 1184 1069 1233; x_wconf 78' lang='grc' dir='ltr'><strong><em>τοιαῦτα</em></strong></span> <span class='ocrx_word' id='word_1_86' title='bbox 1095 1183 1220 1251; x_wconf 69' lang='grc' dir='ltr'><em>γράφον·</em></span> 
     </span>
    </p>
   </div>
   <div class='ocr_carea' id='block_1_4' title="bbox 67 1247 1302 1322">
    <p class='ocr_par' dir='ltr' id='par_1_4' title="bbox 67 1247 1302 1322">
     <span class='ocr_line' id='line_1_11' title="bbox 67 1247 1302 1322; baseline 0.008 -21"><span class='ocrx_word' id='word_1_87' title='bbox 67 1267 111 1313; x_wconf 81' lang='grc' dir='ltr'><strong>τες</strong></span> <span class='ocrx_word' id='word_1_88' title='bbox 128 1247 583 1318; x_wconf 72' lang='grc' dir='ltr'><strong><em>ιὸν”ομηρονἘΚΒΑ’ΛΛοΥΣΙ</em></strong></span> <span class='ocrx_word' id='word_1_89' title='bbox 604 1251 687 1301; x_wconf 74' lang='lat' dir='ltr'><strong>m&#39;N</strong></span> <span class='ocrx_word' id='word_1_90' title='bbox 701 1251 867 1307; x_wconf 74' lang='grc' dir='ltr'><em>ΠΟΛΕὯΝ.</em></span> <span class='ocrx_word' id='word_1_91' title='bbox 904 1251 942 1304; x_wconf 76' lang='lat' dir='ltr'><strong>Et</strong></span> <span class='ocrx_word' id='word_1_92' title='bbox 961 1251 1012 1302; x_wconf 84' lang='lat' dir='ltr'><strong>lib.</strong></span> <span class='ocrx_word' id='word_1_93' title='bbox 1031 1253 1078 1306; x_wconf 80' lang='lat' dir='ltr'><strong>xl.</strong></span> <span class='ocrx_word' id='word_1_94' title='bbox 1108 1271 1136 1322; x_wconf 85' lang='lat' dir='ltr'><strong>p·</strong></span> <span class='ocrx_word' id='word_1_95' title='bbox 1156 1253 1218 1310; x_wconf 77' lang='lat'><strong>5⁰5.</strong></span> <span class='ocrx_word' id='word_1_96' title='bbox 1299 1310 1302 1318; x_wconf 76' lang='grc'>,</span> 
     </span>
    </p>
   </div>
   <div class='ocr_carea' id='block_1_5' title="bbox 25 1317 1256 3595">
    <p class='ocr_par' dir='ltr' id='par_1_5' title="bbox 25 1317 1256 3595">
     <span class='ocr_line' id='line_1_12' title="bbox 64 1317 1219 1390; baseline 0.006 -20"><span class='ocrx_word' id='word_1_97' title='bbox 64 1317 113 1372; x_wconf 78' lang='grc' dir='ltr'><strong>Ἐν</strong></span> <span class='ocrx_word' id='word_1_98' title='bbox 129 1323 180 1389; x_wconf 76' lang='grc' dir='ltr'><strong>μὲν</strong></span> <span class='ocrx_word' id='word_1_99' title='bbox 204 1323 237 1390; x_wconf 80' lang='grc' dir='ltr'><strong>τῇ</strong></span> <span class='ocrx_word' id='word_1_100' title='bbox 255 1327 379 1390; x_wconf 71' lang='grc' dir='ltr'><strong>Πολιτείᾳ</strong></span> <span class='ocrx_word' id='word_1_101' title='bbox 398 1323 525 1388; x_wconf 77' lang='grc' dir='ltr'><em>Ὅμηρον</em></span> <span class='ocrx_word' id='word_1_102' title='bbox 548 1322 769 1373; x_wconf 80' lang='grc' dir='ltr'><em>ἘΚΒΑ’ΛΛΩΝ</em></span> <span class='ocrx_word' id='word_1_103' title='bbox 790 1325 836 1375; x_wconf 80' lang='grc' dir='ltr'><strong>καὶ</strong></span> <span class='ocrx_word' id='word_1_104' title='bbox 860 1325 907 1389; x_wconf 80' lang='grc' dir='ltr'><strong>τὴν</strong></span> <span class='ocrx_word' id='word_1_105' title='bbox 931 1326 1076 1389; x_wconf 73' lang='grc' dir='ltr'><strong><em>μιμητικὴν</em></strong></span> <span class='ocrx_word' id='word_1_106' title='bbox 1100 1326 1219 1390; x_wconf 68' lang='grc' dir='ltr'><strong>ποίησιν.</strong></span> 
     </span>
     <span class='ocr_line' id='line_1_13' title="bbox 68 1387 1220 1469; baseline 0.003 -24"><span class='ocrx_word' id='word_1_107' title='bbox 68 1393 205 1469; x_wconf 80' lang='lat' dir='ltr'>Origenes</span> <span class='ocrx_word' id='word_1_108' title='bbox 223 1402 323 1446; x_wconf 77' lang='lat' dir='ltr'><strong>contra</strong></span> <span class='ocrx_word' id='word_1_109' title='bbox 341 1393 454 1448; x_wconf 80' lang='lat' dir='ltr'><strong>Celsum</strong></span> <span class='ocrx_word' id='word_1_110' title='bbox 472 1394 522 1448; x_wconf 91' lang='lat' dir='ltr'><strong>lib.</strong></span> <span class='ocrx_word' id='word_1_111' title='bbox 542 1395 589 1449; x_wconf 89' lang='lat' dir='ltr'><strong>lV.</strong></span> <span class='ocrx_word' id='word_1_112' title='bbox 637 1412 681 1468; x_wconf 75' lang='lat' dir='ltr'><strong>ag.</strong></span> <span class='ocrx_word' id='word_1_113' title='bbox 702 1397 761 1449; x_wconf 79' lang='lat'><strong>186.</strong></span> <span class='ocrx_word' id='word_1_114' title='bbox 798 1387 852 1454; x_wconf 77' lang='grc' dir='ltr'><strong>Οὓς</strong></span> <span class='ocrx_word' id='word_1_115' title='bbox 876 1392 991 1460; x_wconf 70' lang='grc' dir='ltr'><strong>εὐλόγως</strong></span> <span class='ocrx_word' id='word_1_116' title='bbox 1011 1391 1220 1447; x_wconf 73' lang='lat' dir='ltr'><strong><em>’EKBA‘AAEI</em></strong></span> 
     </span>
     <span class='ocr_line' id='line_1_14' title="bbox 65 1413 1219 1532; baseline 0.005 -17"><span class='ocrx_word' id='word_1_117' title='bbox 65 1465 114 1530; x_wconf 81' lang='grc' dir='ltr'><strong>τῆς</strong></span> <span class='ocrx_word' id='word_1_118' title='bbox 140 1462 238 1519; x_wconf 74' lang='grc' dir='ltr'><strong>ἑαυτοῦ</strong></span> <span class='ocrx_word' id='word_1_119' title='bbox 262 1469 396 1524; x_wconf 72' lang='grc' dir='ltr'><em>πολιτείας</em></span> <span class='ocrx_word' id='word_1_120' title='bbox 418 1467 532 1518; x_wconf 70' lang='grc' dir='ltr'><em>Πλάτων</em></span> <span class='ocrx_word' id='word_1_121' title='bbox 554 1460 590 1526; x_wconf 83' lang='grc' dir='ltr'><strong>ὡς</strong></span> <span class='ocrx_word' id='word_1_122' title='bbox 612 1413 799 1532; x_wconf 53' lang='grc' dir='ltr'><strong>Ῐπιτρίβονιας</strong></span> <span class='ocrx_word' id='word_1_123' title='bbox 827 1465 887 1527; x_wconf 78' lang='grc' dir='ltr'><em>τοὺς</em></span> <span class='ocrx_word' id='word_1_124' title='bbox 915 1468 1001 1526; x_wconf 62' lang='lat' dir='ltr'><strong>redae.</strong></span> <span class='ocrx_word' id='word_1_125' title='bbox 1037 1465 1086 1518; x_wconf 87' lang='lat' dir='ltr'><strong>Sic</strong></span> <span class='ocrx_word' id='word_1_126' title='bbox 1111 1467 1219 1521; x_wconf 85' lang='lat' dir='ltr'><strong>iterum</strong></span> 
     </span>
     <span class='ocr_line' id='line_1_15' title="bbox 65 1536 1219 1611; baseline 0.005 -25"><span class='ocrx_word' id='word_1_127' title='bbox 65 1552 131 1609; x_wconf 77' lang='lat' dir='ltr'><strong>pag.</strong></span> <span class='ocrx_word' id='word_1_128' title='bbox 154 1539 212 1591; x_wconf 74' lang='lat'><strong>198.</strong></span> <span class='ocrx_word' id='word_1_129' title='bbox 241 1537 376 1605; x_wconf 84' lang='lat' dir='ltr'><strong>quocirca</strong></span> <span class='ocrx_word' id='word_1_130' title='bbox 401 1538 511 1611; x_wconf 75' lang='lat' dir='ltr'><strong>magnis</strong></span> <span class='ocrx_word' id='word_1_131' title='bbox 541 1537 756 1589; x_wconf 77' lang='lat' dir='ltr'><strong>auctoritatibus</strong></span> <span class='ocrx_word' id='word_1_132' title='bbox 781 1553 809 1589; x_wconf 85' lang='lat' dir='ltr'><strong>se</strong></span> <span class='ocrx_word' id='word_1_133' title='bbox 834 1545 951 1590; x_wconf 80' lang='lat' dir='ltr'><strong>tueatur</strong></span> <span class='ocrx_word' id='word_1_134' title='bbox 978 1537 1031 1588; x_wconf 78' lang='lat' dir='ltr'><strong>ieta</strong></span> <span class='ocrx_word' id='word_1_135' title='bbox 1056 1552 1121 1589; x_wconf 79' lang='lat' dir='ltr'><strong>vox.</strong></span> <span class='ocrx_word' id='word_1_136' title='bbox 1163 1536 1219 1592; x_wconf 87' lang='lat' dir='ltr'><strong>Sed</strong></span> 
     </span>
     <span class='ocr_line' id='line_1_16' title="bbox 67 1605 1218 1728; baseline 0.003 -71"><span class='ocrx_word' id='word_1_137' title='bbox 67 1615 163 1660; x_wconf 84' lang='lat' dir='ltr'><strong>tamen</strong></span> <span class='ocrx_word' id='word_1_138' title='bbox 182 1609 241 1677; x_wconf 82' lang='lat' dir='ltr'><strong>ipse</strong></span> <span class='ocrx_word' id='word_1_139' title='bbox 260 1609 338 1661; x_wconf 81' lang='lat' dir='ltr'><strong>Plato</strong></span> <span class='ocrx_word' id='word_1_140' title='bbox 358 1608 392 1660; x_wconf 89' lang='lat' dir='ltr'><strong>de</strong></span> <span class='ocrx_word' id='word_1_141' title='bbox 410 1608 478 1728; x_wconf 46' lang='lat' dir='ltr'><strong>liet).</strong></span> <span class='ocrx_word' id='word_1_142' title='bbox 498 1608 548 1660; x_wconf 90' lang='lat' dir='ltr'><strong>lib.</strong></span> <span class='ocrx_word' id='word_1_143' title='bbox 569 1608 621 1660; x_wconf 88' lang='lat'><strong>111.</strong></span> <span class='ocrx_word' id='word_1_144' title='bbox 642 1624 705 1682; x_wconf 75' lang='lat' dir='ltr'><strong>pag.</strong></span> <span class='ocrx_word' id='word_1_145' title='bbox 726 1609 788 1662; x_wconf 77' lang='lat' dir='ltr'><strong>tot.</strong></span> <span class='ocrx_word' id='word_1_146' title='bbox 808 1608 955 1661; x_wconf 82' lang='lat' dir='ltr'><strong>mitiorem</strong></span> <span class='ocrx_word' id='word_1_147' title='bbox 966 1609 1071 1678; x_wconf 75' lang='grc' dir='ltr'><strong><em>φράσιν</em></strong></span> <span class='ocrx_word' id='word_1_148' title='bbox 1089 1605 1218 1678; x_wconf 70' lang='grc' dir='ltr'><strong>ἀποπέμ-</strong></span> 
     </span>
     <span class='ocr_line' id='line_1_17' title="bbox 64 1673 1218 1749; baseline 0.004 -21"><span class='ocrx_word' id='word_1_149' title='bbox 64 1692 127 1730; x_wconf 79' lang='grc' dir='ltr'><strong>πειν</strong></span> <span class='ocrx_word' id='word_1_150' title='bbox 146 1678 259 1732; x_wconf 79' lang='lat' dir='ltr'><strong>adhibet</strong></span> <span class='ocrx_word' id='word_1_151' title='bbox 280 1679 333 1745; x_wconf 89' lang='lat' dir='ltr'><strong>[est</strong></span> <span class='ocrx_word' id='word_1_152' title='bbox 352 1679 412 1731; x_wconf 77' lang='lat' dir='ltr'><strong>ibit</strong></span> <span class='ocrx_word' id='word_1_153' title='bbox 461 1681 656 1745; x_wconf 70' lang='grc' dir='ltr'><em>ποπέμποιμέν</em></span> <span class='ocrx_word' id='word_1_154' title='bbox 677 1696 705 1731; x_wconf 81' lang='lat' dir='ltr'><strong>re</strong></span> <span class='ocrx_word' id='word_1_155' title='bbox 723 1673 759 1730; x_wconf 77' lang='lat' dir='ltr'><strong>cir</strong></span> <span class='ocrx_word' id='word_1_156' title='bbox 777 1679 814 1738; x_wconf 69' lang='grc' dir='ltr'><strong>εἰς</strong></span> <span class='ocrx_word' id='word_1_157' title='bbox 832 1678 913 1746; x_wconf 65' lang='grc' dir='ltr'><strong><em>ἄλλην</em></strong></span> <span class='ocrx_word' id='word_1_158' title='bbox 931 1683 1008 1733; x_wconf 72' lang='grc' dir='ltr'><strong><em>πόλιν</em></strong></span> <span class='ocrx_word' id='word_1_159' title='bbox 1031 1684 1121 1749; x_wconf 76' lang='grc' dir='ltr'><em>μῦρον</em></span> <span class='ocrx_word' id='word_1_160' title='bbox 1147 1680 1218 1734; x_wconf 76' lang='grc' dir='ltr'><strong>κατὰ</strong></span> 
     </span>
     <span class='ocr_line' id='line_1_18' title="bbox 63 1748 1217 1819; baseline 0.003 -19"><span class='ocrx_word' id='word_1_161' title='bbox 63 1749 111 1812; x_wconf 75' lang='grc' dir='ltr'><strong>τῆς</strong></span> <span class='ocrx_word' id='word_1_162' title='bbox 134 1754 253 1818; x_wconf 69' lang='grc' dir='ltr'><strong>κεφαλῆς</strong></span> <span class='ocrx_word' id='word_1_163' title='bbox 270 1751 461 1816; x_wconf 71' lang='grc' dir='ltr'><strong>καταχέαντες,</strong></span> <span class='ocrx_word' id='word_1_164' title='bbox 480 1754 525 1802; x_wconf 74' lang='grc' dir='ltr'><strong>καὶ</strong></span> <span class='ocrx_word' id='word_1_165' title='bbox 536 1748 598 1817; x_wconf 72' lang='grc' dir='ltr'><strong>ἐρίῳ</strong></span> <span class='ocrx_word' id='word_1_166' title='bbox 610 1749 795 1815; x_wconf 50' lang='lat' dir='ltr'><strong>arduarum</strong></span> <span class='ocrx_word' id='word_1_167' title='bbox 815 1750 890 1819; x_wconf 86' lang='lat' dir='ltr'><strong>quod</strong></span> <span class='ocrx_word' id='word_1_168' title='bbox 903 1750 975 1802; x_wconf 77' lang='lat' dir='ltr'><strong>iacit</strong></span> <span class='ocrx_word' id='word_1_169' title='bbox 985 1750 1071 1804; x_wconf 82' lang='lat' dir='ltr'><strong>etiam</strong></span> <span class='ocrx_word' id='word_1_170' title='bbox 1080 1752 1217 1813; x_wconf 69' lang='lat' dir='ltr'><strong>Maximus</strong></span> 
     </span>
     <span class='ocr_line' id='line_1_19' title="bbox 64 1814 1216 1890; baseline 0.006 -18"><span class='ocrx_word' id='word_1_171' title='bbox 64 1818 172 1890; x_wconf 84' lang='lat' dir='ltr'><strong>Tyrius</strong></span> <span class='ocrx_word' id='word_1_172' title='bbox 191 1823 262 1872; x_wconf 83' lang='lat' dir='ltr'><strong>Diss.</strong></span> <span class='ocrx_word' id='word_1_173' title='bbox 282 1823 386 1886; x_wconf 70' lang='lat' dir='ltr'><strong>textu,</strong></span> <span class='ocrx_word' id='word_1_174' title='bbox 405 1824 431 1876; x_wconf 78' lang='lat'><strong>³.</strong></span> <span class='ocrx_word' id='word_1_175' title='bbox 451 1831 482 1873; x_wconf 92' lang='lat' dir='ltr'><strong>ut</strong></span> <span class='ocrx_word' id='word_1_176' title='bbox 500 1829 611 1874; x_wconf 86' lang='lat' dir='ltr'><strong>temere</strong></span> <span class='ocrx_word' id='word_1_177' title='bbox 624 1821 763 1874; x_wconf 79' lang='lat' dir='ltr'><strong>movenda</strong></span> <span class='ocrx_word' id='word_1_178' title='bbox 781 1822 892 1872; x_wconf 84' lang='lat' dir='ltr'><strong>nonsit</strong></span> <span class='ocrx_word' id='word_1_179' title='bbox 910 1829 1026 1890; x_wconf 80' lang='lat' dir='ltr'><strong>recepta</strong></span> <span class='ocrx_word' id='word_1_180' title='bbox 1044 1821 1142 1877; x_wconf 84' lang='lat' dir='ltr'><strong>lectio.</strong></span> <span class='ocrx_word' id='word_1_181' title='bbox 1175 1814 1216 1879; x_wconf 62' lang='lat' dir='ltr'>R</span> 
     </span>
     <span class='ocr_line' id='line_1_20' title="bbox 137 1891 1218 1961; baseline 0.002 -19"><span class='ocrx_word' id='word_1_182' title='bbox 137 1892 288 1944; x_wconf 81' lang='lat' dir='ltr'><strong>educantur</strong></span> <span class='ocrx_word' id='word_1_183' title='bbox 306 1909 340 1945; x_wconf 77' lang='lat' dir='ltr'><strong>ex</strong></span> <span class='ocrx_word' id='word_1_184' title='bbox 357 1908 391 1945; x_wconf 91' lang='lat' dir='ltr'><strong>ea</strong></span> <span class='ocrx_word' id='word_1_185' title='bbox 408 1892 546 1959; x_wconf 79' lang='lat' dir='ltr'><strong>ciuitate‚]</strong></span> <span class='ocrx_word' id='word_1_186' title='bbox 572 1891 636 1943; x_wconf 79' lang='lat' dir='ltr'><strong>vid.</strong></span> <span class='ocrx_word' id='word_1_187' title='bbox 655 1891 725 1943; x_wconf 83' lang='lat' dir='ltr'><strong>Piat.</strong></span> <span class='ocrx_word' id='word_1_188' title='bbox 746 1891 780 1945; x_wconf 83' lang='lat' dir='ltr'><strong>dc</strong></span> <span class='ocrx_word' id='word_1_189' title='bbox 798 1893 867 1961; x_wconf 85' lang='lat' dir='ltr'><strong>Rep.</strong></span> <span class='ocrx_word' id='word_1_190' title='bbox 887 1892 939 1946; x_wconf 85' lang='lat'><strong>111.</strong></span> <span class='ocrx_word' id='word_1_191' title='bbox 960 1892 1070 1961; x_wconf 75' lang='lat' dir='ltr'><strong>passim.</strong></span> <span class='ocrx_word' id='word_1_192' title='bbox 1090 1923 1124 1934; x_wconf 93' lang='lat'>—</span> <span class='ocrx_word' id='word_1_193' title='bbox 1142 1892 1218 1957; x_wconf 85' lang='lat' dir='ltr'><strong>„Ni-</strong></span> 
     </span>
     <span class='ocr_line' id='line_1_21' title="bbox 64 1958 1215 2030; baseline 0.004 -19"><span class='ocrx_word' id='word_1_194' title='bbox 64 1958 110 2011; x_wconf 90' lang='lat' dir='ltr'><strong>hil</strong></span> <span class='ocrx_word' id='word_1_195' title='bbox 129 1972 225 2015; x_wconf 88' lang='lat' dir='ltr'><strong>muto:</strong></span> <span class='ocrx_word' id='word_1_196' title='bbox 246 1963 320 2016; x_wconf 87' lang='lat' dir='ltr'><strong>iilud</strong></span> <span class='ocrx_word' id='word_1_197' title='bbox 338 1980 450 2030; x_wconf 88' lang='lat' dir='ltr'><strong>moneo,</strong></span> <span class='ocrx_word' id='word_1_198' title='bbox 470 1973 528 2016; x_wconf 81' lang='lat' dir='ltr'><strong>tres</strong></span> <span class='ocrx_word' id='word_1_199' title='bbox 546 1963 632 2017; x_wconf 81' lang='lat' dir='ltr'><strong>Codd.</strong></span> <span class='ocrx_word' id='word_1_200' title='bbox 657 1962 754 2015; x_wconf 82' lang='lat' dir='ltr'><strong>Leidd.</strong></span> <span class='ocrx_word' id='word_1_201' title='bbox 780 1961 885 2016; x_wconf 87' lang='lat' dir='ltr'><strong>habere</strong></span> <span class='ocrx_word' id='word_1_202' title='bbox 906 1961 1044 2016; x_wconf 77' lang='lat' dir='ltr'><strong>ducuntur</strong></span> <span class='ocrx_word' id='word_1_203' title='bbox 1070 1979 1137 2016; x_wconf 89' lang='lat' dir='ltr'><strong>cum</strong></span> <span class='ocrx_word' id='word_1_204' title='bbox 1161 1962 1215 2021; x_wconf 77' lang='lat' dir='ltr'><strong>Ed.</strong></span> 
     </span>
     <span class='ocr_line' id='line_1_22' title="bbox 63 2029 1217 2104; baseline 0.006 -22"><span class='ocrx_word' id='word_1_205' title='bbox 63 2029 149 2097; x_wconf 83' lang='lat' dir='ltr'><strong>Ald.;</strong></span> <span class='ocrx_word' id='word_1_206' title='bbox 169 2033 326 2087; x_wconf 84' lang='lat' dir='ltr'><strong>editionem</strong></span> <span class='ocrx_word' id='word_1_207' title='bbox 345 2045 440 2087; x_wconf 82' lang='lat' dir='ltr'><strong>autem</strong></span> <span class='ocrx_word' id='word_1_208' title='bbox 459 2035 526 2088; x_wconf 85' lang='lat' dir='ltr'><strong>liob.</strong></span> <span class='ocrx_word' id='word_1_209' title='bbox 547 2034 686 2104; x_wconf 77' lang='lat' dir='ltr'><strong>Stephani</strong></span> <span class='ocrx_word' id='word_1_210' title='bbox 704 2050 855 2104; x_wconf 80' lang='lat' dir='ltr'><strong>meamque</strong></span> <span class='ocrx_word' id='word_1_211' title='bbox 873 2042 1002 2087; x_wconf 83' lang='lat' dir='ltr'><strong>veterem</strong></span> <span class='ocrx_word' id='word_1_212' title='bbox 1025 2034 1130 2087; x_wconf 76' lang='lat' dir='ltr'><strong>hebere</strong></span> <span class='ocrx_word' id='word_1_213' title='bbox 1150 2050 1217 2089; x_wconf 89' lang='lat' dir='ltr'><strong>cum</strong></span> 
     </span>
     <span class='ocr_line' id='line_1_23' title="bbox 64 2102 1216 2180; baseline 0.005 -25"><span class='ocrx_word' id='word_1_214' title='bbox 64 2102 132 2155; x_wconf 85' lang='lat' dir='ltr'><strong>Cod.</strong></span> <span class='ocrx_word' id='word_1_215' title='bbox 150 2105 220 2180; x_wconf 77' lang='lat' dir='ltr'><strong>tieg.</strong></span> <span class='ocrx_word' id='word_1_216' title='bbox 240 2106 530 2175; x_wconf 58' lang='lat' dir='ltr'><strong>expatriarentur</strong></span> <span class='ocrx_word' id='word_1_217' title='bbox 553 2104 687 2160; x_wconf 67' lang='lat' dir='ltr'><strong>Bouhier.</strong></span> <span class='ocrx_word' id='word_1_218' title='bbox 724 2107 759 2159; x_wconf 92' lang='lat' dir='ltr'><strong>ln</strong></span> <span class='ocrx_word' id='word_1_219' title='bbox 776 2114 872 2159; x_wconf 82' lang='lat' dir='ltr'><strong>nostra</strong></span> <span class='ocrx_word' id='word_1_220' title='bbox 900 2105 1018 2174; x_wconf 82' lang='lat' dir='ltr'><strong>quidem</strong></span> <span class='ocrx_word' id='word_1_221' title='bbox 1045 2104 1151 2159; x_wconf 78' lang='lat' dir='ltr'><strong>codicis</strong></span> <span class='ocrx_word' id='word_1_222' title='bbox 1169 2123 1216 2161; x_wconf 86' lang='lat' dir='ltr'><strong>re·</strong></span> 
     </span>
     <span class='ocr_line' id='line_1_24' title="bbox 84 2170 1256 2247; baseline 0.008 -23"><span class='ocrx_word' id='word_1_223' title='bbox 84 2175 106 2225; x_wconf 86' lang='lat' dir='ltr'><strong>ii</strong></span> <span class='ocrx_word' id='word_1_224' title='bbox 131 2176 285 2231; x_wconf 82' lang='lat' dir='ltr'><strong>collatione</strong></span> <span class='ocrx_word' id='word_1_225' title='bbox 310 2195 344 2230; x_wconf 85' lang='lat' dir='ltr'><strong>ex</strong></span> <span class='ocrx_word' id='word_1_226' title='bbox 366 2179 448 2230; x_wconf 73' lang='lat' dir='ltr'><strong>reseis</strong></span> <span class='ocrx_word' id='word_1_227' title='bbox 474 2178 570 2231; x_wconf 77' lang='lat' dir='ltr'><strong>verbis</strong></span> <span class='ocrx_word' id='word_1_228' title='bbox 600 2178 740 2247; x_wconf 79' lang='lat' dir='ltr'><strong>scriptum</strong></span> <span class='ocrx_word' id='word_1_229' title='bbox 765 2185 807 2229; x_wconf 80' lang='lat' dir='ltr'><strong>eat</strong></span> <span class='ocrx_word' id='word_1_230' title='bbox 831 2192 898 2230; x_wconf 87' lang='lat' dir='ltr'><strong>eum</strong></span> <span class='ocrx_word' id='word_1_231' title='bbox 926 2175 1032 2230; x_wconf 81' lang='lat' dir='ltr'><strong>hebere</strong></span> <span class='ocrx_word' id='word_1_232' title='bbox 1060 2192 1078 2230; x_wconf 87' lang='lat' dir='ltr'><strong>a</strong></span> <span class='ocrx_word' id='word_1_233' title='bbox 1099 2177 1216 2245; x_wconf 73' lang='lat' dir='ltr'><strong>platone</strong></span> <span class='ocrx_word' id='word_1_234' title='bbox 1249 2170 1256 2184; x_wconf 82' lang='lat'><em>&#39;</em></span> 
     </span>
     <span class='ocr_line' id='line_1_25' title="bbox 62 2191 1216 2330; baseline 0.008 -34"><span class='ocrx_word' id='word_1_235' title='bbox 62 2191 258 2313; x_wconf 49' lang='lat' dir='ltr'><strong>ducuntur,</strong></span> <span class='ocrx_word' id='word_1_236' title='bbox 283 2196 364 2317; x_wconf 66' lang='lat' dir='ltr'><strong>(nioriJ</strong></span> <span class='ocrx_word' id='word_1_237' title='bbox 384 2248 450 2302; x_wconf 87' lang='lat' dir='ltr'><strong>inde</strong></span> <span class='ocrx_word' id='word_1_238' title='bbox 477 2249 615 2302; x_wconf 83' lang='lat' dir='ltr'><strong>credibile</strong></span> <span class='ocrx_word' id='word_1_239' title='bbox 640 2248 684 2313; x_wconf 88' lang='lat' dir='ltr'><strong>iit,</strong></span> <span class='ocrx_word' id='word_1_240' title='bbox 712 2247 779 2330; x_wconf 74' lang='lat' dir='ltr'><strong>quia</strong></span> <span class='ocrx_word' id='word_1_241' title='bbox 797 2247 871 2299; x_wconf 88' lang='lat' dir='ltr'><strong>Gud.</strong></span> <span class='ocrx_word' id='word_1_242' title='bbox 893 2250 928 2311; x_wconf 84' lang='lat'><strong>1.,</strong></span> <span class='ocrx_word' id='word_1_243' title='bbox 953 2248 1004 2317; x_wconf 88' lang='lat' dir='ltr'><strong>qui</strong></span> <span class='ocrx_word' id='word_1_244' title='bbox 1032 2248 1163 2318; x_wconf 80' lang='lat' dir='ltr'><strong>proxime</strong></span> <span class='ocrx_word' id='word_1_245' title='bbox 1180 2247 1216 2305; x_wconf 77' lang='lat' dir='ltr'><strong>ed</strong></span> 
     </span>
     <span class='ocr_line' id='line_1_26' title="bbox 62 2316 1215 2390; baseline 0.004 -22"><span class='ocrx_word' id='word_1_246' title='bbox 62 2334 128 2369; x_wconf 91' lang='lat' dir='ltr'><strong>eum</strong></span> <span class='ocrx_word' id='word_1_247' title='bbox 146 2321 268 2383; x_wconf 76' lang='lat' dir='ltr'><strong>accedit,</strong></span> <span class='ocrx_word' id='word_1_248' title='bbox 287 2320 373 2373; x_wconf 88' lang='lat' dir='ltr'><strong>habet</strong></span> <span class='ocrx_word' id='word_1_249' title='bbox 392 2320 543 2384; x_wconf 76' lang='lat' dir='ltr'><strong>dicuntur,</strong></span> <span class='ocrx_word' id='word_1_250' title='bbox 570 2336 657 2390; x_wconf 76' lang='lat' dir='ltr'><strong>cupra</strong></span> <span class='ocrx_word' id='word_1_251' title='bbox 673 2326 827 2388; x_wconf 70' lang='lat' dir='ltr'><strong>scriptore.</strong></span> <span class='ocrx_word' id='word_1_252' title='bbox 864 2316 963 2370; x_wconf 80' lang='lat' dir='ltr'><strong>Lectio</strong></span> <span class='ocrx_word' id='word_1_253' title='bbox 989 2326 1085 2371; x_wconf 81' lang='lat' dir='ltr'><strong>autem</strong></span> <span class='ocrx_word' id='word_1_254' title='bbox 1111 2319 1215 2373; x_wconf 75' lang='lat' dir='ltr'><strong>ducatr-</strong></span> 
     </span>
     <span class='ocr_line' id='line_1_27' title="bbox 61 2388 1215 2460; baseline 0.003 -20"><span class='ocrx_word' id='word_1_255' title='bbox 61 2394 110 2440; x_wconf 82' lang='lat' dir='ltr'><strong>tar</strong></span> <span class='ocrx_word' id='word_1_256' title='bbox 128 2397 191 2440; x_wconf 85' lang='lat' dir='ltr'><strong>orta</strong></span> <span class='ocrx_word' id='word_1_257' title='bbox 219 2398 314 2443; x_wconf 84' lang='lat' dir='ltr'><strong>estex</strong></span> <span class='ocrx_word' id='word_1_258' title='bbox 338 2407 380 2453; x_wconf 89' lang='lat' dir='ltr'><strong>co,</strong></span> <span class='ocrx_word' id='word_1_259' title='bbox 410 2391 486 2460; x_wconf 88' lang='lat' dir='ltr'><strong>quod</strong></span> <span class='ocrx_word' id='word_1_260' title='bbox 503 2390 609 2441; x_wconf 83' lang='lat' dir='ltr'><strong>ultima</strong></span> <span class='ocrx_word' id='word_1_261' title='bbox 632 2390 711 2441; x_wconf 74' lang='lat' dir='ltr'><strong>vocis</strong></span> <span class='ocrx_word' id='word_1_262' title='bbox 728 2388 922 2442; x_wconf 82' lang='lat' dir='ltr'><strong>antecedentis</strong></span> <span class='ocrx_word' id='word_1_263' title='bbox 946 2388 1033 2440; x_wconf 78' lang='lat' dir='ltr'><strong>litero</strong></span> <span class='ocrx_word' id='word_1_264' title='bbox 1052 2404 1066 2441; x_wconf 89' lang='lat' dir='ltr'><strong>e</strong></span> <span class='ocrx_word' id='word_1_265' title='bbox 1084 2389 1215 2459; x_wconf 74' lang='lat' dir='ltr'><strong>absorpta</strong></span> 
     </span>
     <span class='ocr_line' id='line_1_28' title="bbox 61 2459 1214 2530; baseline 0.003 -20"><span class='ocrx_word' id='word_1_266' title='bbox 61 2467 104 2510; x_wconf 90' lang='lat' dir='ltr'><strong>est</strong></span> <span class='ocrx_word' id='word_1_267' title='bbox 122 2476 138 2508; x_wconf 85' lang='lat' dir='ltr'><strong>a</strong></span> <span class='ocrx_word' id='word_1_268' title='bbox 156 2468 292 2528; x_wconf 88' lang='lat' dir='ltr'><strong>sequente</strong></span> <span class='ocrx_word' id='word_1_269' title='bbox 312 2461 409 2513; x_wconf 79' lang='lat' dir='ltr'><strong>eudem</strong></span> <span class='ocrx_word' id='word_1_270' title='bbox 427 2460 477 2514; x_wconf 80' lang='lat' dir='ltr'><strong>rel</strong></span> <span class='ocrx_word' id='word_1_271' title='bbox 493 2461 558 2512; x_wconf 79' lang='lat' dir='ltr'><strong>vice</strong></span> <span class='ocrx_word' id='word_1_272' title='bbox 576 2475 667 2523; x_wconf 77' lang='lat' dir='ltr'><strong>versa,</strong></span> <span class='ocrx_word' id='word_1_273' title='bbox 694 2459 718 2512; x_wconf 80' lang='lat' dir='ltr'><strong>ei</strong></span> <span class='ocrx_word' id='word_1_274' title='bbox 735 2459 878 2530; x_wconf 81' lang='lat' dir='ltr'><strong>scriptum</strong></span> <span class='ocrx_word' id='word_1_275' title='bbox 905 2467 992 2513; x_wconf 79' lang='lat' dir='ltr'><strong>esset:</strong></span> <span class='ocrx_word' id='word_1_276' title='bbox 1021 2461 1214 2514; x_wconf 76' lang='lat' dir='ltr'><strong>rurorEnv·</strong></span> 
     </span>
     <span class='ocr_line' id='line_1_29' title="bbox 61 2528 1212 2601; baseline 0.007 -23"><span class='ocrx_word' id='word_1_277' title='bbox 61 2546 185 2581; x_wconf 80' lang='lat' dir='ltr'><strong>cvrrvn.</strong></span> <span class='ocrx_word' id='word_1_278' title='bbox 223 2533 262 2584; x_wconf 84' lang='lat' dir='ltr'><strong>Et</strong></span> <span class='ocrx_word' id='word_1_279' title='bbox 286 2530 391 2586; x_wconf 85' lang='lat' dir='ltr'><strong>habent</strong></span> <span class='ocrx_word' id='word_1_280' title='bbox 415 2533 554 2584; x_wconf 82' lang='lat' dir='ltr'><strong>ducuntur</strong></span> <span class='ocrx_word' id='word_1_281' title='bbox 578 2538 693 2601; x_wconf 81' lang='lat' dir='ltr'><strong>praeter</strong></span> <span class='ocrx_word' id='word_1_282' title='bbox 719 2546 774 2594; x_wconf 83' lang='lat' dir='ltr'><strong>eos,</strong></span> <span class='ocrx_word' id='word_1_283' title='bbox 802 2547 872 2600; x_wconf 83' lang='lat' dir='ltr'><strong>quoe</strong></span> <span class='ocrx_word' id='word_1_284' title='bbox 896 2528 1030 2594; x_wconf 80' lang='lat' dir='ltr'><strong>diximus,</strong></span> <span class='ocrx_word' id='word_1_285' title='bbox 1055 2539 1115 2585; x_wconf 82' lang='lat' dir='ltr'><strong>tres</strong></span> <span class='ocrx_word' id='word_1_286' title='bbox 1139 2532 1212 2587; x_wconf 75' lang='lat'><strong>011.</strong></span> 
     </span>
     <span class='ocr_line' id='line_1_30' title="bbox 61 2599 1211 2671; baseline 0.005 -21"><span class='ocrx_word' id='word_1_287' title='bbox 61 2599 135 2651; x_wconf 87' lang='lat' dir='ltr'><strong>Gud.</strong></span> <span class='ocrx_word' id='word_1_288' title='bbox 165 2599 227 2670; x_wconf 86' lang='lat' dir='ltr'><strong>(qni</strong></span> <span class='ocrx_word' id='word_1_289' title='bbox 250 2601 336 2654; x_wconf 76' lang='lat' dir='ltr'><strong>habet</strong></span> <span class='ocrx_word' id='word_1_290' title='bbox 360 2601 399 2654; x_wconf 82' lang='lat' dir='ltr'><strong>ad</strong></span> <span class='ocrx_word' id='word_1_291' title='bbox 424 2601 538 2655; x_wconf 74' lang='lat' dir='ltr'><strong>Plotiee</strong></span> <span class='ocrx_word' id='word_1_292' title='bbox 561 2617 614 2671; x_wconf 86' lang='lat' dir='ltr'><strong>pro</strong></span> <span class='ocrx_word' id='word_1_293' title='bbox 638 2615 657 2652; x_wconf 86' lang='lat' dir='ltr'><strong>a</strong></span> <span class='ocrx_word' id='word_1_294' title='bbox 674 2599 801 2668; x_wconf 83' lang='lat' dir='ltr'><strong>Platane)</strong></span> <span class='ocrx_word' id='word_1_295' title='bbox 830 2605 904 2656; x_wconf 85' lang='lat' dir='ltr'><strong>Mon.</strong></span> <span class='ocrx_word' id='word_1_296' title='bbox 924 2604 949 2656; x_wconf 75' lang='lat'><strong>2.</strong></span> <span class='ocrx_word' id='word_1_297' title='bbox 975 2600 1047 2654; x_wconf 80' lang='lat' dir='ltr'><strong>Edd.</strong></span> <span class='ocrx_word' id='word_1_298' title='bbox 1073 2601 1107 2655; x_wconf 78' lang='lat' dir='ltr'><strong>A.</strong></span> <span class='ocrx_word' id='word_1_299' title='bbox 1126 2602 1157 2655; x_wconf 87' lang='lat' dir='ltr'><strong>B.</strong></span> <span class='ocrx_word' id='word_1_300' title='bbox 1177 2603 1211 2657; x_wconf 87' lang='lat' dir='ltr'><strong>V.</strong></span> 
     </span>
     <span class='ocr_line' id='line_1_31' title="bbox 59 2671 1214 2736; baseline 0.008 -16"><span class='ocrx_word' id='word_1_301' title='bbox 59 2671 129 2721; x_wconf 84' lang='lat' dir='ltr'><strong>Ven.</strong></span> <span class='ocrx_word' id='word_1_302' title='bbox 152 2674 175 2724; x_wconf 92' lang='lat'><strong>1.</strong></span> <span class='ocrx_word' id='word_1_303' title='bbox 196 2674 221 2726; x_wconf 78' lang='lat'><strong>2.</strong></span> <span class='ocrx_word' id='word_1_304' title='bbox 241 2673 313 2725; x_wconf 85' lang='lat' dir='ltr'><strong>Mod.</strong></span> <span class='ocrx_word' id='word_1_305' title='bbox 335 2677 358 2727; x_wconf 92' lang='lat' dir='ltr'><strong>l.</strong></span> <span class='ocrx_word' id='word_1_306' title='bbox 379 2675 405 2726; x_wconf 73' lang='lat'><strong>2.</strong></span> <span class='ocrx_word' id='word_1_307' title='bbox 424 2673 544 2736; x_wconf 71' lang='lat' dir='ltr'><strong>Reiskii,</strong></span> <span class='ocrx_word' id='word_1_308' title='bbox 571 2674 641 2724; x_wconf 88' lang='lat' dir='ltr'><strong>Ven.</strong></span> <span class='ocrx_word' id='word_1_309' title='bbox 666 2681 753 2724; x_wconf 80' lang='lat' dir='ltr'><strong>nostr.</strong></span> <span class='ocrx_word' id='word_1_310' title='bbox 777 2674 856 2725; x_wconf 92' lang='lat' dir='ltr'><strong>Junt.</strong></span> <span class='ocrx_word' id='word_1_311' title='bbox 890 2671 998 2725; x_wconf 87' lang='lat' dir='ltr'><strong>Sturm.</strong></span> <span class='ocrx_word' id='word_1_312' title='bbox 1025 2673 1096 2726; x_wconf 86' lang='lat' dir='ltr'><strong>Veu.</strong></span> <span class='ocrx_word' id='word_1_313' title='bbox 1116 2672 1214 2729; x_wconf 84' lang='lat' dir='ltr'><strong>Alteri</strong></span> 
     </span>
     <span class='ocr_line' id='line_1_32' title="bbox 59 2740 1212 2818; baseline 0.006 -26"><span class='ocrx_word' id='word_1_314' title='bbox 59 2740 121 2802; x_wconf 86' lang='lat' dir='ltr'><strong>(sed</strong></span> <span class='ocrx_word' id='word_1_315' title='bbox 137 2740 208 2795; x_wconf 84' lang='lat' dir='ltr'><strong>haec</strong></span> <span class='ocrx_word' id='word_1_316' title='bbox 228 2744 258 2794; x_wconf 92' lang='lat' dir='ltr'><strong>in</strong></span> <span class='ocrx_word' id='word_1_317' title='bbox 278 2762 367 2818; x_wconf 80' lang='lat' dir='ltr'><strong>marg.</strong></span> <span class='ocrx_word' id='word_1_318' title='bbox 389 2744 549 2796; x_wconf 82' lang='lat' dir='ltr'><strong>educuntur.</strong></span> <span class='ocrx_word' id='word_1_319' title='bbox 587 2742 733 2796; x_wconf 78' lang='lat' dir='ltr'><strong>scribitur</strong></span> <span class='ocrx_word' id='word_1_320' title='bbox 750 2743 861 2811; x_wconf 75' lang='lat' dir='ltr'><strong>ecpaiee&#39;</strong></span> <span class='ocrx_word' id='word_1_321' title='bbox 878 2742 1009 2798; x_wconf 80' lang='lat' dir='ltr'><strong>dicuntur</strong></span> <span class='ocrx_word' id='word_1_322' title='bbox 1032 2744 1064 2796; x_wconf 89' lang='lat' dir='ltr'><strong>in</strong></span> <span class='ocrx_word' id='word_1_323' title='bbox 1089 2745 1162 2798; x_wconf 90' lang='lat' dir='ltr'><strong>Edd.</strong></span> <span class='ocrx_word' id='word_1_324' title='bbox 1182 2745 1212 2801; x_wconf 86' lang='lat' dir='ltr'><strong>S.</strong></span> 
     </span>
     <span class='ocr_line' id='line_1_33' title="bbox 58 2813 1213 2888; baseline 0.006 -25"><span class='ocrx_word' id='word_1_325' title='bbox 58 2813 92 2863; x_wconf 88' lang='lat' dir='ltr'><strong>E.</strong></span> <span class='ocrx_word' id='word_1_326' title='bbox 115 2813 249 2867; x_wconf 86' lang='lat' dir='ltr'><strong>HWoliii</strong></span> <span class='ocrx_word' id='word_1_327' title='bbox 268 2823 296 2866; x_wconf 89' lang='lat' dir='ltr'><strong>et</strong></span> <span class='ocrx_word' id='word_1_328' title='bbox 316 2832 406 2888; x_wconf 77' lang='lat' dir='ltr'><strong>marg.</strong></span> <span class='ocrx_word' id='word_1_329' title='bbox 433 2814 488 2868; x_wconf 82' lang='lat' dir='ltr'><strong>MS.</strong></span> <span class='ocrx_word' id='word_1_330' title='bbox 513 2814 577 2866; x_wconf 82' lang='lat' dir='ltr'><strong>Asc.</strong></span> <span class='ocrx_word' id='word_1_331' title='bbox 603 2823 714 2866; x_wconf 80' lang='lat' dir='ltr'><strong>nostrae</strong></span> <span class='ocrx_word' id='word_1_332' title='bbox 737 2816 767 2868; x_wconf 66' lang='grc'><strong>2.·</strong></span> <span class='ocrx_word' id='word_1_333' title='bbox 801 2815 882 2869; x_wconf 74' lang='lat' dir='ltr'><strong>Unus</strong></span> <span class='ocrx_word' id='word_1_334' title='bbox 901 2819 951 2869; x_wconf 84' lang='lat' dir='ltr'><strong>Ox.</strong></span> <span class='ocrx_word' id='word_1_335' title='bbox 970 2814 1055 2868; x_wconf 78' lang='lat' dir='ltr'><strong>habet</strong></span> <span class='ocrx_word' id='word_1_336' title='bbox 1081 2815 1213 2870; x_wconf 78' lang='lat' dir='ltr'><strong>dicuntur</strong></span> 
     </span>
     <span class='ocr_line' id='line_1_34' title="bbox 59 2882 1211 3008; baseline 0.006 -73"><span class='ocrx_word' id='word_1_337' title='bbox 59 2882 143 2935; x_wconf 84' lang='lat' dir='ltr'><strong>eiecti</strong></span> <span class='ocrx_word' id='word_1_338' title='bbox 148 2902 158 2947; x_wconf 80' lang='lat'><strong>‚-</strong></span> <span class='ocrx_word' id='word_1_339' title='bbox 178 2884 250 2937; x_wconf 87' lang='lat' dir='ltr'><strong>Gud.</strong></span> <span class='ocrx_word' id='word_1_340' title='bbox 269 2888 300 2940; x_wconf 79' lang='lat'><strong>2:</strong></span> <span class='ocrx_word' id='word_1_341' title='bbox 323 2887 463 2938; x_wconf 85' lang='lat' dir='ltr'><strong>docentur.</strong></span> <span class='ocrx_word' id='word_1_342' title='bbox 483 2885 658 3008; x_wconf 51' lang='lat' dir='ltr'><strong>eimxliciter</strong></span> <span class='ocrx_word' id='word_1_343' title='bbox 675 2883 810 2938; x_wconf 84' lang='lat' dir='ltr'><strong>dicantur</strong></span> <span class='ocrx_word' id='word_1_344' title='bbox 829 2894 871 2939; x_wconf 87' lang='lat' dir='ltr'><strong>est</strong></span> <span class='ocrx_word' id='word_1_345' title='bbox 890 2887 921 2938; x_wconf 90' lang='lat' dir='ltr'><strong>in</strong></span> <span class='ocrx_word' id='word_1_346' title='bbox 939 2886 1005 2941; x_wconf 82' lang='lat' dir='ltr'><strong>cod.</strong></span> <span class='ocrx_word' id='word_1_347' title='bbox 1027 2886 1112 2941; x_wconf 76' lang='lat' dir='ltr'><strong>tiarb.</strong></span> <span class='ocrx_word' id='word_1_348' title='bbox 1138 2888 1211 2942; x_wconf 74' lang='lat' dir='ltr'><strong>Edd.</strong></span> 
     </span>
     <span class='ocr_line' id='line_1_35' title="bbox 58 2955 1212 3031; baseline 0.005 -25"><span class='ocrx_word' id='word_1_349' title='bbox 58 2956 87 3006; x_wconf 88' lang='lat' dir='ltr'><strong>P.</strong></span> <span class='ocrx_word' id='word_1_350' title='bbox 109 2955 155 3018; x_wconf 57' lang='grc' dir='ltr'><strong>(λς</strong></span> <span class='ocrx_word' id='word_1_351' title='bbox 176 2955 338 3009; x_wconf 81' lang='lat' dir='ltr'><strong>deiciantur</strong></span> <span class='ocrx_word' id='word_1_352' title='bbox 356 2957 461 3011; x_wconf 82' lang='lat' dir='ltr'><strong>habent</strong></span> <span class='ocrx_word' id='word_1_353' title='bbox 479 2957 537 3011; x_wconf 82' lang='lat' dir='ltr'><strong>cod</strong></span> <span class='ocrx_word' id='word_1_354' title='bbox 558 2995 564 3008; x_wconf 91' lang='lat'><strong>.</strong></span> <span class='ocrx_word' id='word_1_355' title='bbox 584 2955 672 3010; x_wconf 83' lang='lat' dir='ltr'><strong>Rehd.</strong></span> <span class='ocrx_word' id='word_1_356' title='bbox 693 2965 723 3008; x_wconf 89' lang='lat' dir='ltr'><strong>et</strong></span> <span class='ocrx_word' id='word_1_357' title='bbox 740 2956 814 3031; x_wconf 75' lang='lat' dir='ltr'><strong>Aug.</strong></span> <span class='ocrx_word' id='word_1_358' title='bbox 835 2983 866 2994; x_wconf 93' lang='lat'>-</span> <span class='ocrx_word' id='word_1_359' title='bbox 887 2957 971 3010; x_wconf 79' lang='lat' dir='ltr'><strong>vind.</strong></span> <span class='ocrx_word' id='word_1_360' title='bbox 995 2961 1017 3012; x_wconf 90' lang='lat' dir='ltr'><strong>l.</strong></span> <span class='ocrx_word' id='word_1_361' title='bbox 1037 2974 1091 3027; x_wconf 82' lang='lat' dir='ltr'><strong>pro</strong></span> <span class='ocrx_word' id='word_1_362' title='bbox 1108 2974 1144 3010; x_wconf 76' lang='lat' dir='ltr'><strong>ex</strong></span> <span class='ocrx_word' id='word_1_363' title='bbox 1161 2957 1212 3012; x_wconf 80' lang='lat' dir='ltr'><strong>ha-</strong></span> 
     </span>
     <span class='ocr_line' id='line_1_36' title="bbox 57 3025 1211 3097; baseline 0.005 -19"><span class='ocrx_word' id='word_1_364' title='bbox 57 3025 105 3078; x_wconf 88' lang='lat' dir='ltr'><strong>bet</strong></span> <span class='ocrx_word' id='word_1_365' title='bbox 132 3028 176 3079; x_wconf 83' lang='lat' dir='ltr'><strong>ab.</strong></span> <span class='ocrx_word' id='word_1_366' title='bbox 215 3028 306 3081; x_wconf 79' lang='lat' dir='ltr'><strong>tiahet</strong></span> <span class='ocrx_word' id='word_1_367' title='bbox 335 3029 414 3082; x_wconf 90' lang='lat' dir='ltr'><strong>hunc</strong></span> <span class='ocrx_word' id='word_1_368' title='bbox 440 3029 537 3082; x_wconf 88' lang='lat' dir='ltr'><strong>locum</strong></span> <span class='ocrx_word' id='word_1_369' title='bbox 563 3027 650 3080; x_wconf 86' lang='lat' dir='ltr'><strong>etiam</strong></span> <span class='ocrx_word' id='word_1_370' title='bbox 676 3026 719 3080; x_wconf 88' lang='lat' dir='ltr'><strong>Jo.</strong></span> <span class='ocrx_word' id='word_1_371' title='bbox 739 3026 867 3080; x_wconf 77' lang='lat' dir='ltr'><strong>valensis</strong></span> <span class='ocrx_word' id='word_1_372' title='bbox 893 3027 925 3079; x_wconf 90' lang='lat' dir='ltr'><strong>in</strong></span> <span class='ocrx_word' id='word_1_373' title='bbox 951 3028 1211 3097; x_wconf 79' lang='lat' dir='ltr'><strong>Ouiupendiioquio</strong></span> 
     </span>
     <span class='ocr_line' id='line_1_37' title="bbox 57 3094 1212 3170; baseline 0.004 -21"><span class='ocrx_word' id='word_1_374' title='bbox 57 3114 85 3167; x_wconf 83' lang='lat' dir='ltr'><strong>p.</strong></span> <span class='ocrx_word' id='word_1_375' title='bbox 105 3099 167 3151; x_wconf 74' lang='lat'><strong>226.</strong></span> <span class='ocrx_word' id='word_1_376' title='bbox 191 3098 238 3148; x_wconf 90' lang='lat' dir='ltr'><strong>ubi</strong></span> <span class='ocrx_word' id='word_1_377' title='bbox 266 3099 306 3151; x_wconf 78' lang='lat' dir='ltr'><strong>ita</strong></span> <span class='ocrx_word' id='word_1_378' title='bbox 329 3102 454 3170; x_wconf 78' lang='lat' dir='ltr'><strong>scriptus</strong></span> <span class='ocrx_word' id='word_1_379' title='bbox 482 3109 537 3152; x_wconf 77' lang='lat' dir='ltr'><strong>eet:</strong></span> <span class='ocrx_word' id='word_1_380' title='bbox 570 3105 645 3151; x_wconf 86' lang='lat' dir='ltr'><strong>reete</strong></span> <span class='ocrx_word' id='word_1_381' title='bbox 670 3113 688 3151; x_wconf 92' lang='lat' dir='ltr'><strong>a</strong></span> <span class='ocrx_word' id='word_1_382' title='bbox 712 3094 831 3152; x_wconf 83' lang='lat' dir='ltr'><strong>Platone</strong></span> <span class='ocrx_word' id='word_1_383' title='bbox 849 3098 979 3152; x_wconf 75' lang='lat' dir='ltr'><strong>dicontur</strong></span> <span class='ocrx_word' id='word_1_384' title='bbox 1003 3098 1106 3166; x_wconf 69' lang='lat' dir='ltr'><strong>experts·</strong></span> <span class='ocrx_word' id='word_1_385' title='bbox 1124 3115 1159 3152; x_wconf 78' lang='lat' dir='ltr'><strong>ea</strong></span> <span class='ocrx_word' id='word_1_386' title='bbox 1177 3115 1212 3154; x_wconf 83' lang='lat' dir='ltr'><strong>ea</strong></span> 
     </span>
     <span class='ocr_line' id='line_1_38' title="bbox 56 3167 1212 3237; baseline 0.006 -21"><span class='ocrx_word' id='word_1_387' title='bbox 56 3167 183 3227; x_wconf 79' lang='lat' dir='ltr'><strong>civitate,</strong></span> <span class='ocrx_word' id='word_1_388' title='bbox 204 3184 286 3235; x_wconf 83' lang='lat' dir='ltr'><strong>qaam</strong></span> <span class='ocrx_word' id='word_1_389' title='bbox 303 3171 394 3235; x_wconf 68' lang='lat' dir='ltr'><strong>tinxit,</strong></span> <span class='ocrx_word' id='word_1_390' title='bbox 413 3187 474 3223; x_wconf 85' lang='lat' dir='ltr'><strong>eam</strong></span> <span class='ocrx_word' id='word_1_391' title='bbox 491 3185 583 3222; x_wconf 79' lang='lat' dir='ltr'><strong>morer</strong></span> <span class='ocrx_word' id='word_1_392' title='bbox 603 3167 724 3236; x_wconf 78' lang='lat' dir='ltr'><strong>optimae</strong></span> <span class='ocrx_word' id='word_1_393' title='bbox 741 3177 768 3221; x_wconf 87' lang='lat' dir='ltr'><strong>et</strong></span> <span class='ocrx_word' id='word_1_394' title='bbox 787 3168 918 3237; x_wconf 77' lang='lat' dir='ltr'><strong>optimam</strong></span> <span class='ocrx_word' id='word_1_395' title='bbox 944 3169 989 3223; x_wconf 84' lang='lat' dir='ltr'><strong>rei</strong></span> <span class='ocrx_word' id='word_1_396' title='bbox 1004 3170 1132 3237; x_wconf 73' lang='lat' dir='ltr'><strong>publicae</strong></span> <span class='ocrx_word' id='word_1_397' title='bbox 1150 3176 1212 3223; x_wconf 78' lang='lat' dir='ltr'><strong>rta-</strong></span> 
     </span>
     <span class='ocr_line' id='line_1_39' title="bbox 57 3239 1212 3310; baseline 0.005 -21"><span class='ocrx_word' id='word_1_398' title='bbox 57 3244 115 3289; x_wconf 82' lang='lat' dir='ltr'><strong>tum</strong></span> <span class='ocrx_word' id='word_1_399' title='bbox 143 3239 309 3305; x_wconf 80' lang='lat' dir='ltr'><strong>requireret.</strong></span> <span class='ocrx_word' id='word_1_400' title='bbox 353 3243 406 3294; x_wconf 89' lang='lat' dir='ltr'><strong>Pro</strong></span> <span class='ocrx_word' id='word_1_401' title='bbox 431 3241 551 3309; x_wconf 68' lang='lat' dir='ltr'><strong>optimos</strong></span> <span class='ocrx_word' id='word_1_402' title='bbox 574 3254 667 3292; x_wconf 80' lang='lat' dir='ltr'><strong>maret</strong></span> <span class='ocrx_word' id='word_1_403' title='bbox 694 3241 790 3305; x_wconf 89' lang='lat' dir='ltr'><strong>multi,</strong></span> <span class='ocrx_word' id='word_1_404' title='bbox 819 3241 849 3292; x_wconf 92' lang='lat' dir='ltr'><strong>in</strong></span> <span class='ocrx_word' id='word_1_405' title='bbox 867 3241 970 3310; x_wconf 78' lang='lat' dir='ltr'><strong>primis</strong></span> <span class='ocrx_word' id='word_1_406' title='bbox 996 3241 1077 3304; x_wconf 87' lang='lat' dir='ltr'><strong>editi,</strong></span> <span class='ocrx_word' id='word_1_407' title='bbox 1104 3241 1212 3295; x_wconf 77' lang='lat' dir='ltr'><strong>habent</strong></span> 
     </span>
     <span class='ocr_line' id='line_1_40' title="bbox 25 3307 1211 3374; baseline 0.006 -16"><span class='ocrx_word' id='word_1_408' title='bbox 25 3310 32 3318; x_wconf 85' lang='grc'><strong>“</strong></span> <span class='ocrx_word' id='word_1_409' title='bbox 56 3323 150 3359; x_wconf 82' lang='lat' dir='ltr'><strong>morer</strong></span> <span class='ocrx_word' id='word_1_410' title='bbox 168 3307 295 3374; x_wconf 80' lang='lat' dir='ltr'><strong>optimae.</strong></span> <span class='ocrx_word' id='word_1_411' title='bbox 334 3309 390 3363; x_wconf 85' lang='lat' dir='ltr'><strong>Sed</strong></span> <span class='ocrx_word' id='word_1_412' title='bbox 408 3312 494 3363; x_wconf 88' lang='lat' dir='ltr'><strong>illum</strong></span> <span class='ocrx_word' id='word_1_413' title='bbox 513 3310 644 3362; x_wconf 89' lang='lat' dir='ltr'><strong>ordinem</strong></span> <span class='ocrx_word' id='word_1_414' title='bbox 661 3309 767 3363; x_wconf 82' lang='lat' dir='ltr'><strong>habent</strong></span> <span class='ocrx_word' id='word_1_415' title='bbox 786 3327 852 3365; x_wconf 87' lang='lat' dir='ltr'><strong>cum</strong></span> <span class='ocrx_word' id='word_1_416' title='bbox 870 3311 995 3365; x_wconf 87' lang='lat' dir='ltr'><strong>Bentleii</strong></span> <span class='ocrx_word' id='word_1_417' title='bbox 1013 3310 1163 3365; x_wconf 80' lang='lat' dir='ltr'><strong>codicibus</strong></span> <span class='ocrx_word' id='word_1_418' title='bbox 1181 3320 1211 3365; x_wconf 86' lang='lat' dir='ltr'><strong>et</strong></span> 
     </span>
     <span class='ocr_line' id='line_1_41' title="bbox 55 3379 1211 3455; baseline 0.006 -24"><span class='ocrx_word' id='word_1_419' title='bbox 55 3379 171 3431; x_wconf 86' lang='lat' dir='ltr'><strong>Davisio</strong></span> <span class='ocrx_word' id='word_1_420' title='bbox 197 3379 282 3431; x_wconf 87' lang='lat' dir='ltr'><strong>Codd.</strong></span> <span class='ocrx_word' id='word_1_421' title='bbox 309 3380 381 3432; x_wconf 87' lang='lat' dir='ltr'><strong>Gud.</strong></span> <span class='ocrx_word' id='word_1_422' title='bbox 404 3386 427 3436; x_wconf 94' lang='lat'><strong>1.</strong></span> <span class='ocrx_word' id='word_1_423' title='bbox 447 3385 473 3436; x_wconf 75' lang='lat'><strong>2.</strong></span> <span class='ocrx_word' id='word_1_424' title='bbox 503 3380 576 3455; x_wconf 81' lang='lat' dir='ltr'><strong>Aug.</strong></span> <span class='ocrx_word' id='word_1_425' title='bbox 600 3380 697 3434; x_wconf 83' lang='lat' dir='ltr'><strong>Duieb.</strong></span> <span class='ocrx_word' id='word_1_426' title='bbox 732 3382 806 3434; x_wconf 88' lang='lat' dir='ltr'><strong>Gud.</strong></span> <span class='ocrx_word' id='word_1_427' title='bbox 832 3382 918 3435; x_wconf 82' lang='lat' dir='ltr'><strong>Marb.</strong></span> <span class='ocrx_word' id='word_1_428' title='bbox 948 3384 1022 3434; x_wconf 82' lang='lat' dir='ltr'><strong>bion.</strong></span> <span class='ocrx_word' id='word_1_429' title='bbox 1048 3388 1073 3438; x_wconf 88' lang='lat'><strong>1.</strong></span> <span class='ocrx_word' id='word_1_430' title='bbox 1093 3385 1120 3439; x_wconf 84' lang='lat'><strong>2.</strong></span> <span class='ocrx_word' id='word_1_431' title='bbox 1156 3384 1211 3438; x_wconf 88' lang='lat' dir='ltr'><strong>Pro</strong></span> 
     </span>
     <span class='ocr_line' id='line_1_42' title="bbox 56 3450 1235 3522; baseline 0.003 -19"><span class='ocrx_word' id='word_1_432' title='bbox 56 3450 216 3519; x_wconf 78' lang='lat' dir='ltr'><strong>exquireret</strong></span> <span class='ocrx_word' id='word_1_433' title='bbox 236 3468 309 3502; x_wconf 84' lang='lat' dir='ltr'><strong>unus</strong></span> <span class='ocrx_word' id='word_1_434' title='bbox 327 3452 389 3515; x_wconf 81' lang='lat' dir='ltr'><strong>Ox,</strong></span> <span class='ocrx_word' id='word_1_435' title='bbox 408 3460 440 3504; x_wconf 93' lang='lat' dir='ltr'><strong>ut</strong></span> <span class='ocrx_word' id='word_1_436' title='bbox 459 3451 503 3505; x_wconf 88' lang='lat' dir='ltr'><strong>Jo.</strong></span> <span class='ocrx_word' id='word_1_437' title='bbox 523 3452 660 3516; x_wconf 69' lang='lat' dir='ltr'><strong>Valentis,</strong></span> <span class='ocrx_word' id='word_1_438' title='bbox 679 3451 845 3522; x_wconf 73' lang='lat' dir='ltr'><strong>requireret.</strong></span> <span class='ocrx_word' id='word_1_439' title='bbox 881 3454 943 3508; x_wconf 86' lang='lat' dir='ltr'><strong>Mr.</strong></span> <span class='ocrx_word' id='word_1_440' title='bbox 1233 3510 1235 3514; x_wconf 14' lang='grc' dir='ltr'><em>Α</em></span> 
     </span>
     <span class='ocr_line' id='line_1_43' title="bbox 125 3520 1211 3595; baseline 0.007 -24"><span class='ocrx_word' id='word_1_441' title='bbox 125 3520 166 3572; x_wconf 83' lang='lat' dir='ltr'><strong>At</strong></span> <span class='ocrx_word' id='word_1_442' title='bbox 184 3537 249 3574; x_wconf 85' lang='lat' dir='ltr'><strong>vera</strong></span> <span class='ocrx_word' id='word_1_443' title='bbox 268 3538 327 3588; x_wconf 84' lang='lat' dir='ltr'><strong>nae,</strong></span> <span class='ocrx_word' id='word_1_444' title='bbox 347 3522 423 3575; x_wconf 84' lang='lat' dir='ltr'><strong>docti</strong></span> <span class='ocrx_word' id='word_1_445' title='bbox 436 3522 546 3576; x_wconf 75' lang='lat' dir='ltr'><strong>seilicet</strong></span> <span class='ocrx_word' id='word_1_446' title='bbox 564 3539 583 3576; x_wconf 95' lang='lat' dir='ltr'><strong>a</strong></span> <span class='ocrx_word' id='word_1_447' title='bbox 601 3521 734 3590; x_wconf 82' lang='lat' dir='ltr'><strong>Graecia]</strong></span> <span class='ocrx_word' id='word_1_448' title='bbox 771 3524 833 3577; x_wconf 87' lang='lat' dir='ltr'><strong>Duo</strong></span> <span class='ocrx_word' id='word_1_449' title='bbox 852 3524 921 3577; x_wconf 82' lang='lat' dir='ltr'><strong>Oxx.</strong></span> <span class='ocrx_word' id='word_1_450' title='bbox 942 3540 977 3577; x_wconf 90' lang='lat' dir='ltr'><strong>ae</strong></span> <span class='ocrx_word' id='word_1_451' title='bbox 992 3541 1045 3595; x_wconf 81' lang='lat' dir='ltr'><strong>pro</strong></span> <span class='ocrx_word' id='word_1_452' title='bbox 1064 3531 1111 3591; x_wconf 77' lang='lat' dir='ltr'><strong>at3</strong></span> <span class='ocrx_word' id='word_1_453' title='bbox 1136 3526 1211 3580; x_wconf 78' lang='lat' dir='ltr'><strong>aliua</strong></span> 
     </span>
    </p>
   </div>
   <div class='ocr_carea' id='block_1_6' title="bbox 55 3591 1210 3715">
    <p class='ocr_par' dir='ltr' id='par_1_6' title="bbox 55 3591 1210 3715">
     <span class='ocr_line' id='line_1_44' title="bbox 55 3591 1210 3715; baseline 0.007 -72"><span class='ocrx_word' id='word_1_454' title='bbox 55 3591 136 3644; x_wconf 84' lang='lat' dir='ltr'><strong>docta</strong></span> <span class='ocrx_word' id='word_1_455' title='bbox 161 3591 235 3645; x_wconf 83' lang='lat' dir='ltr'><strong>eiaut</strong></span> <span class='ocrx_word' id='word_1_456' title='bbox 256 3610 314 3715; x_wconf 59' lang='lat' dir='ltr'><strong>im</strong></span> <span class='ocrx_word' id='word_1_457' title='bbox 341 3594 418 3647; x_wconf 74' lang='lat' dir='ltr'><strong>docte·</strong></span> <span class='ocrx_word' id='word_1_458' title='bbox 443 3595 559 3647; x_wconf 80' lang='lat' dir='ltr'><strong>eciticet.</strong></span> <span class='ocrx_word' id='word_1_459' title='bbox 596 3593 675 3660; x_wconf 88' lang='lat' dir='ltr'><strong>Quod</strong></span> <span class='ocrx_word' id='word_1_460' title='bbox 694 3595 766 3647; x_wconf 87' lang='lat' dir='ltr'><strong>dicit</strong></span> <span class='ocrx_word' id='word_1_461' title='bbox 784 3610 803 3647; x_wconf 91' lang='lat' dir='ltr'><strong>a</strong></span> <span class='ocrx_word' id='word_1_462' title='bbox 822 3594 942 3649; x_wconf 82' lang='lat' dir='ltr'><strong>Graecia</strong></span> <span class='ocrx_word' id='word_1_463' title='bbox 968 3613 1022 3666; x_wconf 82' lang='lat' dir='ltr'><strong>pro</strong></span> <span class='ocrx_word' id='word_1_464' title='bbox 1040 3612 1058 3649; x_wconf 94' lang='lat' dir='ltr'><strong>a</strong></span> <span class='ocrx_word' id='word_1_465' title='bbox 1076 3595 1210 3663; x_wconf 64' lang='lat' dir='ltr'><strong>Graeciee</strong></span> 
     </span>
    </p>
   </div>
   <div class='ocr_carea' id='block_1_7' title="bbox 51 3662 1212 4236">
    <p class='ocr_par' dir='ltr' id='par_1_7' title="bbox 54 3662 1208 3790">
     <span class='ocr_line' id='line_1_45' title="bbox 55 3662 1208 3735; baseline 0.01 -24"><span class='ocrx_word' id='word_1_466' title='bbox 55 3662 85 3712; x_wconf 91' lang='lat' dir='ltr'><strong>id</strong></span> <span class='ocrx_word' id='word_1_467' title='bbox 104 3680 160 3715; x_wconf 90' lang='lat' dir='ltr'><strong>non</strong></span> <span class='ocrx_word' id='word_1_468' title='bbox 178 3680 254 3716; x_wconf 89' lang='lat' dir='ltr'><strong>seme</strong></span> <span class='ocrx_word' id='word_1_469' title='bbox 291 3666 362 3716; x_wconf 81' lang='lat' dir='ltr'><strong>fecit</strong></span> <span class='ocrx_word' id='word_1_470' title='bbox 382 3666 482 3718; x_wconf 87' lang='lat' dir='ltr'><strong>Cicero</strong></span> <span class='ocrx_word' id='word_1_471' title='bbox 510 3666 542 3717; x_wconf 90' lang='lat' dir='ltr'><strong>in</strong></span> <span class='ocrx_word' id='word_1_472' title='bbox 564 3665 629 3717; x_wconf 74' lang='lat' dir='ltr'><strong>aliie</strong></span> <span class='ocrx_word' id='word_1_473' title='bbox 648 3681 762 3735; x_wconf 88' lang='lat' dir='ltr'><strong>quoque</strong></span> <span class='ocrx_word' id='word_1_474' title='bbox 784 3666 866 3733; x_wconf 73' lang='lat' dir='ltr'><strong>locis,</strong></span> <span class='ocrx_word' id='word_1_475' title='bbox 891 3685 919 3720; x_wconf 81' lang='lat' dir='ltr'><strong>v.</strong></span> <span class='ocrx_word' id='word_1_476' title='bbox 939 3684 965 3720; x_wconf 87' lang='lat' dir='ltr'><strong>c.</strong></span> <span class='ocrx_word' id='word_1_477' title='bbox 984 3667 1019 3721; x_wconf 85' lang='lat' dir='ltr'><strong>de</strong></span> <span class='ocrx_word' id='word_1_478' title='bbox 1036 3668 1101 3721; x_wconf 75' lang='lat' dir='ltr'><strong>niv.</strong></span> <span class='ocrx_word' id='word_1_479' title='bbox 1121 3671 1144 3724; x_wconf 89' lang='lat'><strong>1.</strong></span> <span class='ocrx_word' id='word_1_480' title='bbox 1164 3671 1208 3724; x_wconf 82' lang='lat'><strong>41.</strong></span> 
     </span>
     <span class='ocr_line' id='line_1_46' title="bbox 54 3734 625 3790; baseline 0.004 -5"><span class='ocrx_word' id='word_1_481' title='bbox 54 3734 105 3786; x_wconf 81' lang='lat'><strong>92:</strong></span> <span class='ocrx_word' id='word_1_482' title='bbox 127 3734 245 3786; x_wconf 80' lang='lat' dir='ltr'><strong>Etruria</strong></span> <span class='ocrx_word' id='word_1_483' title='bbox 264 3767 297 3777; x_wconf 96' lang='lat'><em>-</em></span> <span class='ocrx_word' id='word_1_484' title='bbox 316 3736 526 3790; x_wconf 77' lang='lat' dir='ltr'><strong>animaduertit.</strong></span> <span class='ocrx_word' id='word_1_485' title='bbox 564 3737 625 3790; x_wconf 85' lang='lat' dir='ltr'><strong>Mr.</strong></span> 
     </span>
    </p>

    <p class='ocr_par' dir='ltr' id='par_1_8' title="bbox 51 3803 1212 4236">
     <span class='ocr_line' id='line_1_47' title="bbox 124 3803 1211 3880; baseline 0.01 -26"><span class='ocrx_word' id='word_1_486' title='bbox 124 3803 201 3855; x_wconf 85' lang='lat' dir='ltr'><strong>Haec</strong></span> <span class='ocrx_word' id='word_1_487' title='bbox 219 3812 253 3858; x_wconf 85' lang='lat' dir='ltr'><strong>et</strong></span> <span class='ocrx_word' id='word_1_488' title='bbox 273 3821 290 3856; x_wconf 91' lang='lat' dir='ltr'><strong>a</strong></span> <span class='ocrx_word' id='word_1_489' title='bbox 306 3807 431 3875; x_wconf 78' lang='lat' dir='ltr'><strong>pueritia</strong></span> <span class='ocrx_word' id='word_1_490' title='bbox 450 3807 570 3875; x_wconf 72' lang='lat' dir='ltr'><strong>legimur</strong></span> <span class='ocrx_word' id='word_1_491' title='bbox 588 3813 615 3860; x_wconf 88' lang='lat' dir='ltr'><strong>et</strong></span> <span class='ocrx_word' id='word_1_492' title='bbox 633 3805 779 3871; x_wconf 72' lang='lat' dir='ltr'><strong>discimus]</strong></span> <span class='ocrx_word' id='word_1_493' title='bbox 811 3808 856 3861; x_wconf 88' lang='lat' dir='ltr'><strong>Ne</strong></span> <span class='ocrx_word' id='word_1_494' title='bbox 876 3809 940 3878; x_wconf 84' lang='lat' dir='ltr'><strong>quis</strong></span> <span class='ocrx_word' id='word_1_495' title='bbox 958 3816 986 3862; x_wconf 87' lang='lat' dir='ltr'><strong>et</strong></span> <span class='ocrx_word' id='word_1_496' title='bbox 1003 3818 1067 3880; x_wconf 81' lang='lat' dir='ltr'><strong>post</strong></span> <span class='ocrx_word' id='word_1_497' title='bbox 1083 3809 1211 3878; x_wconf 79' lang='lat' dir='ltr'><strong>pueritia</strong></span> 
     </span>
     <span class='ocr_line' id='line_1_48' title="bbox 51 3873 1212 3954; baseline 0.013 -33"><span class='ocrx_word' id='word_1_498' title='bbox 51 3873 177 3939; x_wconf 88' lang='lat' dir='ltr'><strong>positum</strong></span> <span class='ocrx_word' id='word_1_499' title='bbox 195 3877 279 3941; x_wconf 84' lang='lat' dir='ltr'><strong>velit,</strong></span> <span class='ocrx_word' id='word_1_500' title='bbox 298 3878 385 3931; x_wconf 80' lang='lat' dir='ltr'><strong>verbo</strong></span> <span class='ocrx_word' id='word_1_501' title='bbox 405 3895 516 3943; x_wconf 86' lang='lat' dir='ltr'><strong>moneo,</strong></span> <span class='ocrx_word' id='word_1_502' title='bbox 535 3894 553 3930; x_wconf 91' lang='lat' dir='ltr'><strong>a</strong></span> <span class='ocrx_word' id='word_1_503' title='bbox 569 3878 696 3946; x_wconf 76' lang='lat' dir='ltr'><strong>pueritia</strong></span> <span class='ocrx_word' id='word_1_504' title='bbox 715 3878 836 3947; x_wconf 74' lang='lat' dir='ltr'><strong>legimur</strong></span> <span class='ocrx_word' id='word_1_505' title='bbox 862 3879 1041 3954; x_wconf 76' lang='lat' dir='ltr'><strong>iungendum</strong></span> <span class='ocrx_word' id='word_1_506' title='bbox 1065 3899 1134 3945; x_wconf 75' lang='lat' dir='ltr'><strong>esee,</strong></span> <span class='ocrx_word' id='word_1_507' title='bbox 1159 3900 1212 3936; x_wconf 86' lang='lat' dir='ltr'><strong>ne·</strong></span> 
     </span>
     <span class='ocr_line' id='line_1_49' title="bbox 52 3945 1208 4021; baseline 0.013 -28"><span class='ocrx_word' id='word_1_508' title='bbox 52 3960 108 4010; x_wconf 88' lang='lat' dir='ltr'><strong>que</strong></span> <span class='ocrx_word' id='word_1_509' title='bbox 127 3945 160 3996; x_wconf 82' lang='lat' dir='ltr'><strong>ad</strong></span> <span class='ocrx_word' id='word_1_510' title='bbox 179 3962 298 4015; x_wconf 85' lang='lat' dir='ltr'><strong>sequens</strong></span> <span class='ocrx_word' id='word_1_511' title='bbox 317 3965 431 4018; x_wconf 82' lang='lat' dir='ltr'><strong>quoque</strong></span> <span class='ocrx_word' id='word_1_512' title='bbox 449 3950 571 4003; x_wconf 81' lang='lat' dir='ltr'><strong>verbum</strong></span> <span class='ocrx_word' id='word_1_513' title='bbox 589 3949 747 4002; x_wconf 79' lang='lat' dir='ltr'><strong>necessario</strong></span> <span class='ocrx_word' id='word_1_514' title='bbox 767 3950 955 4020; x_wconf 85' lang='lat' dir='ltr'><strong>repetendum</strong></span> <span class='ocrx_word' id='word_1_515' title='bbox 973 3967 1059 4005; x_wconf 83' lang='lat' dir='ltr'><strong>essea</strong></span> <span class='ocrx_word' id='word_1_516' title='bbox 1071 3952 1208 4021; x_wconf 72' lang='lat' dir='ltr'><strong>pueritia</strong></span> 
     </span>
     <span class='ocr_line' id='line_1_50' title="bbox 52 4014 1208 4088; baseline 0.014 -22"><span class='ocrx_word' id='word_1_517' title='bbox 52 4014 118 4066; x_wconf 88' lang='lat' dir='ltr'><strong>Cod.</strong></span> <span class='ocrx_word' id='word_1_518' title='bbox 140 4016 222 4068; x_wconf 90' lang='lat' dir='ltr'><strong>Viud.</strong></span> <span class='ocrx_word' id='word_1_519' title='bbox 244 4023 268 4072; x_wconf 89' lang='lat' dir='ltr'><strong>l.</strong></span> <span class='ocrx_word' id='word_1_520' title='bbox 290 4018 404 4073; x_wconf 83' lang='lat' dir='ltr'><strong>inverso</strong></span> <span class='ocrx_word' id='word_1_521' title='bbox 424 4021 524 4073; x_wconf 80' lang='lat' dir='ltr'><strong>ordine</strong></span> <span class='ocrx_word' id='word_1_522' title='bbox 542 4019 628 4073; x_wconf 83' lang='lat' dir='ltr'><strong>habet</strong></span> <span class='ocrx_word' id='word_1_523' title='bbox 646 4018 782 4072; x_wconf 80' lang='lat' dir='ltr'><strong>diecimue</strong></span> <span class='ocrx_word' id='word_1_524' title='bbox 808 4027 835 4074; x_wconf 91' lang='lat' dir='ltr'><strong>et</strong></span> <span class='ocrx_word' id='word_1_525' title='bbox 854 4020 983 4088; x_wconf 77' lang='lat' dir='ltr'><strong>legimur.</strong></span> <span class='ocrx_word' id='word_1_526' title='bbox 1003 4024 1056 4076; x_wconf 81' lang='lat' dir='ltr'><strong>Ed.</strong></span> <span class='ocrx_word' id='word_1_527' title='bbox 1077 4025 1160 4079; x_wconf 89' lang='lat' dir='ltr'><strong>Vind.</strong></span> <span class='ocrx_word' id='word_1_528' title='bbox 1181 4029 1208 4082; x_wconf 76' lang='lat'><strong>2.</strong></span> 
     </span>
     <span class='ocr_line' id='line_1_51' title="bbox 51 4086 1209 4165; baseline 0.013 -29"><span class='ocrx_word' id='word_1_529' title='bbox 51 4090 79 4137; x_wconf 80' lang='lat' dir='ltr'><strong>et</strong></span> <span class='ocrx_word' id='word_1_530' title='bbox 99 4086 267 4152; x_wconf 48' lang='lat' dir='ltr'><strong>dietmar</strong></span> <span class='ocrx_word' id='word_1_531' title='bbox 295 4088 366 4142; x_wconf 85' lang='lat' dir='ltr'><strong>Edd.</strong></span> <span class='ocrx_word' id='word_1_532' title='bbox 392 4091 478 4143; x_wconf 90' lang='lat' dir='ltr'><strong>Goth.</strong></span> <span class='ocrx_word' id='word_1_533' title='bbox 500 4090 613 4144; x_wconf 80' lang='lat' dir='ltr'><strong>Leinbb.</strong></span> <span class='ocrx_word' id='word_1_534' title='bbox 640 4088 705 4141; x_wconf 83' lang='lat' dir='ltr'><strong>Ald.</strong></span> <span class='ocrx_word' id='word_1_535' title='bbox 731 4091 812 4144; x_wconf 86' lang='lat' dir='ltr'><strong>Brut.</strong></span> <span class='ocrx_word' id='word_1_536' title='bbox 831 4092 912 4146; x_wconf 89' lang='lat' dir='ltr'><strong>Boul.</strong></span> <span class='ocrx_word' id='word_1_537' title='bbox 938 4093 1018 4165; x_wconf 80' lang='lat' dir='ltr'><strong>sylb.</strong></span> <span class='ocrx_word' id='word_1_538' title='bbox 1039 4095 1209 4165; x_wconf 61' lang='lat' dir='ltr'><strong>didicimuee</strong></span> 
     </span>
     <span class='ocr_line' id='line_1_52' title="bbox 53 4159 1208 4236; baseline 0.013 -29"><span class='ocrx_word' id='word_1_539' title='bbox 53 4159 128 4224; x_wconf 88' lang='lat' dir='ltr'><strong>quod</strong></span> <span class='ocrx_word' id='word_1_540' title='bbox 153 4167 250 4211; x_wconf 91' lang='lat' dir='ltr'><strong>ortum</strong></span> <span class='ocrx_word' id='word_1_541' title='bbox 277 4160 371 4212; x_wconf 82' lang='lat' dir='ltr'><strong>rideri</strong></span> <span class='ocrx_word' id='word_1_542' title='bbox 395 4170 490 4232; x_wconf 83' lang='lat' dir='ltr'><strong>potest</strong></span> <span class='ocrx_word' id='word_1_543' title='bbox 516 4179 552 4214; x_wconf 79' lang='lat' dir='ltr'><strong>cx</strong></span> <span class='ocrx_word' id='word_1_544' title='bbox 578 4162 760 4215; x_wconf 84' lang='lat' dir='ltr'><strong>correctione</strong></span> <span class='ocrx_word' id='word_1_545' title='bbox 784 4181 888 4232; x_wconf 79' lang='lat' dir='ltr'><strong>pravae</strong></span> <span class='ocrx_word' id='word_1_546' title='bbox 916 4163 1051 4220; x_wconf 79' lang='lat' dir='ltr'><strong>lectionis</strong></span> <span class='ocrx_word' id='word_1_547' title='bbox 1076 4167 1208 4236; x_wconf 76' lang='lat' dir='ltr'><strong>dicimur,</strong></span> 
     </span>
    </p>
   </div>
   <div class='ocr_carea' id='block_1_8' title="bbox 51 4225 1310 4304">
    <p class='ocr_par' dir='ltr' id='par_1_9' title="bbox 51 4225 1310 4304">
     <span class='ocr_line' id='line_1_53' title="bbox 51 4225 1310 4304; baseline 0.017 -30"><span class='ocrx_word' id='word_1_548' title='bbox 51 4225 102 4277; x_wconf 83' lang='lat' dir='ltr'><strong>vel</strong></span> <span class='ocrx_word' id='word_1_549' title='bbox 120 4229 153 4278; x_wconf 81' lang='lat' dir='ltr'><strong>ab</strong></span> <span class='ocrx_word' id='word_1_550' title='bbox 171 4229 296 4293; x_wconf 85' lang='lat' dir='ltr'><strong>homine,</strong></span> <span class='ocrx_word' id='word_1_551' title='bbox 317 4232 368 4300; x_wconf 87' lang='lat' dir='ltr'><strong>qui</strong></span> <span class='ocrx_word' id='word_1_552' title='bbox 409 4242 509 4304; x_wconf 85' lang='lat' dir='ltr'><strong>ropter</strong></span> <span class='ocrx_word' id='word_1_553' title='bbox 527 4249 545 4284; x_wconf 92' lang='lat' dir='ltr'><strong>a</strong></span> <span class='ocrx_word' id='word_1_554' title='bbox 562 4230 691 4300; x_wconf 75' lang='lat' dir='ltr'><strong>pueritia</strong></span> <span class='ocrx_word' id='word_1_555' title='bbox 709 4232 879 4287; x_wconf 80' lang='lat' dir='ltr'><strong>Ciceronem</strong></span> <span class='ocrx_word' id='word_1_556' title='bbox 896 4236 1028 4292; x_wconf 81' lang='lat' dir='ltr'><strong>Perfecto</strong></span> <span class='ocrx_word' id='word_1_557' title='bbox 1047 4239 1209 4293; x_wconf 83' lang='lat' dir='ltr'><strong>donandum</strong></span> <span class='ocrx_word' id='word_1_558' title='bbox 1306 4294 1310 4299; x_wconf 85' lang='grc'><em>,</em></span> 
     </span>
    </p>
   </div>
   <div class='ocr_carea' id='block_1_9' title="bbox 50 4295 1209 4518">
    <p class='ocr_par' dir='ltr' id='par_1_10' title="bbox 50 4295 1209 4518">
     <span class='ocr_line' id='line_1_54' title="bbox 52 4295 1209 4374; baseline 0.014 -27"><span class='ocrx_word' id='word_1_559' title='bbox 52 4295 238 4353; x_wconf 79' lang='lat' dir='ltr'><strong>existimaret.</strong></span> <span class='ocrx_word' id='word_1_560' title='bbox 276 4303 356 4354; x_wconf 81' lang='lat' dir='ltr'><strong>Unus</strong></span> <span class='ocrx_word' id='word_1_561' title='bbox 397 4323 424 4354; x_wconf 87' lang='lat' dir='ltr'><strong>x.</strong></span> <span class='ocrx_word' id='word_1_562' title='bbox 445 4303 646 4358; x_wconf 68' lang='lat' dir='ltr'><strong>condiminae·</strong></span> <span class='ocrx_word' id='word_1_563' title='bbox 670 4305 717 4357; x_wconf 90' lang='lat' dir='ltr'><strong>0r.</strong></span> <span class='ocrx_word' id='word_1_564' title='bbox 738 4304 864 4358; x_wconf 88' lang='lat' dir='ltr'><strong>coniecit</strong></span> <span class='ocrx_word' id='word_1_565' title='bbox 883 4306 1042 4374; x_wconf 62' lang='lat' dir='ltr'><strong>educimur,</strong></span> <span class='ocrx_word' id='word_1_566' title='bbox 1066 4318 1100 4361; x_wconf 91' lang='lat' dir='ltr'><strong>ut</strong></span> <span class='ocrx_word' id='word_1_567' title='bbox 1124 4311 1209 4363; x_wconf 90' lang='lat' dir='ltr'><strong>modo</strong></span> 
     </span>
     <span class='ocr_line' id='line_1_55' title="bbox 52 4364 1207 4444; baseline 0.016 -28"><span class='ocrx_word' id='word_1_568' title='bbox 52 4364 127 4417; x_wconf 76' lang='lat' dir='ltr'><strong>dixit</strong></span> <span class='ocrx_word' id='word_1_569' title='bbox 146 4367 204 4420; x_wconf 82' lang='lat' dir='ltr'><strong>cic.</strong></span> <span class='ocrx_word' id='word_1_570' title='bbox 231 4378 261 4423; x_wconf 83' lang='lat' dir='ltr'><strong>at</strong></span> <span class='ocrx_word' id='word_1_571' title='bbox 284 4388 337 4426; x_wconf 80' lang='lat' dir='ltr'><strong>aaa</strong></span> <span class='ocrx_word' id='word_1_572' title='bbox 362 4371 496 4442; x_wconf 68' lang='lat' dir='ltr'><strong>legantur</strong></span> <span class='ocrx_word' id='word_1_573' title='bbox 519 4375 609 4440; x_wconf 86' lang='lat' dir='ltr'><strong>mado,</strong></span> <span class='ocrx_word' id='word_1_574' title='bbox 640 4375 691 4429; x_wconf 81' lang='lat' dir='ltr'><strong>red</strong></span> <span class='ocrx_word' id='word_1_575' title='bbox 708 4375 795 4430; x_wconf 81' lang='lat' dir='ltr'><strong>etiam</strong></span> <span class='ocrx_word' id='word_1_576' title='bbox 812 4377 1036 4444; x_wconf 77' lang='lat' dir='ltr'><strong>ediecantar3</strong></span> <span class='ocrx_word' id='word_1_577' title='bbox 1061 4389 1089 4433; x_wconf 81' lang='lat' dir='ltr'><strong>et</strong></span> <span class='ocrx_word' id='word_1_578' title='bbox 1108 4381 1160 4433; x_wconf 85' lang='lat'><strong>111.</strong></span> <span class='ocrx_word' id='word_1_579' title='bbox 1180 4382 1207 4435; x_wconf 77' lang='lat'><strong>2.</strong></span> 
     </span>
     <span class='ocr_line' id='line_1_56' title="bbox 50 4438 1209 4518; baseline 0.009 -26"><span class='ocrx_word' id='word_1_580' title='bbox 50 4438 84 4492; x_wconf 79' lang='lat'><strong>3:</strong></span> <span class='ocrx_word' id='word_1_581' title='bbox 102 4438 237 4493; x_wconf 82' lang='lat' dir='ltr'><strong>accedunt</strong></span> <span class='ocrx_word' id='word_1_582' title='bbox 257 4471 291 4485; x_wconf 96' lang='lat'><em>-</em></span> <span class='ocrx_word' id='word_1_583' title='bbox 307 4451 416 4512; x_wconf 76' lang='lat' dir='ltr'><strong>poetae,</strong></span> <span class='ocrx_word' id='word_1_584' title='bbox 436 4447 487 4516; x_wconf 77' lang='lat' dir='ltr'><strong>qui</strong></span> <span class='ocrx_word' id='word_1_585' title='bbox 505 4478 538 4492; x_wconf 91' lang='lat'>-</span> <span class='ocrx_word' id='word_1_586' title='bbox 557 4444 720 4515; x_wconf 73' lang='lat' dir='ltr'><strong>audiantur,</strong></span> <span class='ocrx_word' id='word_1_587' title='bbox 738 4447 882 4518; x_wconf 68' lang='lat' dir='ltr'><strong>tegantur,</strong></span> <span class='ocrx_word' id='word_1_588' title='bbox 901 4451 1125 4506; x_wconf 72' lang='lat' dir='ltr'><strong>ediceretur.</strong></span> <span class='ocrx_word' id='word_1_589' title='bbox 1144 4450 1209 4505; x_wconf 73' lang='lat' dir='ltr'><strong>Pla-</strong></span> 
     </span>
    </p>
   </div>
   <div class='ocr_carea' id='block_1_10' title="bbox 0 0 1418 5070">
    <p class='ocr_par' dir='ltr' id='par_1_11' title="bbox 0 0 1418 5070">
     <span class='ocr_line' id='line_1_57' title="bbox 0 0 1418 5070; baseline 0 4"><span class='ocrx_word' id='word_1_590' title='bbox 0 0 1418 5070; x_wconf 95' lang='lat' dir='ltr'><strong> </strong></span> 
     </span>
    </p>
   </div>
  </div>
 </body>
</html>
