2828 5070
457 116 464 123 '
492 168 496 173 .
515 110 647 177 LIBER
667 112 695 192 l,
721 114 771 181 tc:
887 136 891 145 ·
1157 114 1229 182 lid·

54 272 232 359 “deusd
251 276 292 337 ab
313 294 355 339 co
377 274 620 340 divinationem
649 278 774 341 habere
794 277 983 360 videantur,
1014 288 1077 367 oria
1104 285 1224 366 provi-

57 356 180 421 dentes
199 356 282 439 quid
303 360 341 419 in
363 368 473 421 morte
496 360 575 421 boni
595 363 651 437 sit,
678 380 755 422 cnm
777 370 879 424 centn
899 371 934 425 et
953 364 1128 449 voluptate
1149 387 1221 428 mo-

56 444 214 519 riantur3
251 443 300 501 sio
325 442 478 505 omnibus
500 443 596 505 bonis
625 452 658 504 et
680 443 786 509 doctis
816 462 886 507 esse
908 447 1105 510 faciendum.
1149 449 1221 513 Nec

72 568 503 577 ——---——---------·---
511 571 606 579 ..-.„-..
618 572 707 580 ----·
716 573 846 581 ,ᾑ-
857 574 1089 583 ——--—-—--—--—
1097 577 1105 582 ..
1116 576 1210 585 ........

60 625 184 679 sustulit
202 624 348 679 scribens:
380 626 478 695 ltaque
496 635 707 694 cossumemorat,
733 637 763 683 ut
780 629 868 699 cygni
891 630 958 700 (qui
977 662 1009 674 -
1029 631 1122 685 dicati
1139 641 1221 687 suot:

59 697 111 749 sed
129 696 202 764 quod
219 698 254 748 ul
272 712 304 749 eo
324 723 357 733 -
377 695 479 751 holere
498 699 661 753 videantur.-
691 717 746 769 qun
767 702 954 769 providenter,
988 701 1058 771 quid
1081 703 1114 755 in
1133 711 1223 756 morte

59 767 127 819 loni
145 767 197 833 rit)
215 784 276 819 cum
295 773 379 819 contu
398 775 424 820 et
448 770 588 838 voluptate
611 773 786 824 moriantur:
817 772 860 824 sic
883 772 1010 826 omnibus
1034 778 1062 824 et
1085 773 1167 827 donia
1187 800 1220 811 -

59 854 123 891 ecre
141 837 307 903 faciendum.
344 839 461 892 Nissen.
481 841 516 893 ad
534 840 564 893 h.
582 841 602 897 l.
623 860 651 911 p.
662 846 713 899 23:
732 843 792 908 „Ut
812 843 896 912 cygni
914 860 973 895 non
990 842 1077 896 habet
1095 859 1221 914 quocum

60 911 154 963 coest.
190 906 246 963 Sed
263 909 453 964 anacoluthos
472 919 517 964 est
535 912 637 965 cretio.
673 913 746 967 Esse
765 914 844 968 enim
863 913 997 967 debebat:
1023 930 1077 982 quo
1098 914 1222 981 proci·

61 981 191 1045 deant,
220 987 254 1032 ut
280 982 442 1033 moriantur
468 981 505 1034 ad
528 999 633 1052 cygnos
657 985 831 1054 pertineret.
879 984 999 1037 Prorsus
1026 992 1128 1038 contra
1157 1001 1222 1039 rem

60 1051 163 1105 lamb.
184 1057 213 1104 et
230 1049 337 1104 Buher.
356 1053 477 1106 voluere
496 1055 603 1122 cygnis,
637 1055 667 1107 in
692 1071 749 1124 quo
777 1053 848 1124 quid
866 1054 996 1137 intelligi
1014 1054 1126 1120 debeat,
1144 1073 1221 1109 asss-

61 1122 115 1191 qui
139 1122 285 1190 nequeo.“
315 1122 449 1175 Reiskius
474 1124 551 1177 nihil
575 1124 664 1190 addit,
695 1127 753 1178 nisi
780 1127 812 1178 in
839 1144 867 1177 v.
887 1140 971 1194 cygni
994 1123 1222 1178 subaudiendum

62 1208 127 1249 esse
144 1192 265 1258 faciunt.
286 1193 406 1260 llillerb.¹
434 1195 565 1269 intelligi
588 1195 654 1248 vult
680 1197 788 1260 faciam
808 1214 843 1249 ex
861 1213 919 1265 seq.
939 1196 1110 1260 turicensi.
1143 1195 1220 1248 Tum

83 1279 118 1315 ro
138 1278 201 1333 quc,
225 1264 251 1315 si
268 1264 465 1317 anacoluthon
490 1267 586 1320 vitare
610 1265 753 1320 voluisset
777 1265 889 1330 Cicero,
924 1265 1106 1321 scribendum
1129 1267 1223 1319 subse

80 1349 125 1398 oc,
144 1333 194 1388 vel
212 1351 274 1387 eam
295 1351 396 1389 vocem
414 1334 577 1401 delendam,
596 1345 629 1389 ut
643 1338 809 1390 coniunctio
828 1343 933 1390 etcum
954 1337 1042 1392 verbo
1060 1337 1221 1391 moriamur

60 1405 270 1529 {ffifpppspt
290 1405 386 1460 Kithn.
407 1405 578 1529 {inermem
597 1416 743 1532 strubctura
768 1408 913 1528 excidisset
929 1409 985 1529 ait}
1000 1425 1065 1461 cum
1091 1409 1222 1492 scrihsn-

60 1552 111 1599 ι...
139 1493 652 1631 ...tittmetallini?
671 1484 1222 1618 ittttfflhdtttttdttt

60 1615 173 1670 scholis
191 1618 300 1682 sudant
317 1618 462 1693 intelligit
480 1619 514 1671 ad
534 1625 563 1670 ut
583 1621 678 1687 cygni,
706 1621 899 1690 reprobstque
917 1621 1050 1673 Lambini
1076 1621 1223 1672 coniectu-

60 1705 137 1741 ram.
175 1689 315 1743 Accurate
333 1689 368 1742 de
386 1697 485 1743 nostro
505 1689 569 1742 loco
587 1689 723 1761 loquitur
739 1692 875 1767 Kritgert·
897 1692 977 1745 Ueb.
1003 1692 1031 1745 d.
1056 1691 1099 1743 At
1110 1697 1221 1741 tract.

60 1776 93 1830 p.
112 1760 170 1815 4⁶2
186 1778 240 1829 sq,
260 1761 311 1830 qui
331 1767 411 1813 recte
430 1760 464 1813 ad
483 1765 513 1812 ut
532 1762 618 1829 cygni
636 1780 672 1817 ex
690 1763 792 1818 ordine
811 1763 1039 1819 constructionis
1058 1757 1222 1830 exspectari

60 1830 105 1883 ait
132 1831 255 1884 verbum
279 1833 449 1897 moriantur,
475 1832 554 1902 quod
588 1835 684 1904 ipsum
709 1851 790 1898 vero,
818 1834 1033 1889 constructione
1059 1833 1222 1892 immutuit,

60 1916 145 1953 nunc
162 1900 314 1956 cohaereat
332 1902 399 1957 c'um
417 1918 473 1973 quo
494 1904 686 1973 providentes,
713 1907 755 1959 ite
777 1914 811 1958 ut
829 1923 865 1959 ex
882 1905 937 1959 hnc
956 1904 1158 1975 propositione
1176 1917 1222 1954 te·

61 1971 155 2025 latire
174 1970 209 2025 sd
227 1973 280 2026 ills
299 1976 399 2044 priora
419 1977 459 2038 (nt
478 1975 574 2044 cygno)
597 1976 674 2030 illud
690 1977 789 2047 ipsum
813 1977 933 2029 verbum
953 1975 1135 2039 (irretiantur)
1156 1973 1223 2026 sub-

62 2043 242 2098 andiendum
261 2046 315 2098 sit:
339 2063 434 2115 neque
453 2047 541 2099 etiam
558 2046 671 2101 Davisii
690 2048 780 2116 quasi,
806 2064 899 2116 neque
922 2046 1048 2098 Bentleii
1066 2045 1223 2097 moriuntur

62 2117 229 2169 necessaria
247 2133 317 2170 esse.
356 2116 493 2171 Ceterum
512 2119 544 2171 in
562 2117 646 2171 libris
674 2133 732 2170 non
750 2133 808 2171 uno
826 2118 912 2171 inodo
930 2116 981 2168 hic
1000 2116 1082 2169 locus
1101 2113 1222 2187 legitur.

63 2186 149 2239 Unus
167 2186 218 2238 01.
237 2186 323 2241 habet
347 2205 411 2241 cur
436 2189 532 2257 cygni.
556 2189 629 2264 Aug.
650 2197 680 2242 et
699 2188 774 2240 Gud.
804 2188 855 2257 qui
872 2187 934 2241 eine
961 2201 1047 2238 causa
1067 2184 1134 2247 (om.
1156 2183 1222 2246 sion)

63 2258 141 2313 Em.
161 2275 198 2312 ex
216 2258 315 2313 Gueli.
336 2260 465 2313 enotavit
483 2259 599 2323 odienti,
627 2260 705 2329 quod
723 2257 809 2312 habet
832 2259 920 2312 etiarn
944 2265 1043 2310 noster
1061 2255 1149 2329 Aug,
1175 2269 1225 2307 or·

64 2336 133 2381 tum
150 2328 214 2383 sine
232 2329 319 2384 dnbio
344 2349 380 2384 ex
408 2331 534 2384 lectione
553 2329 688 2393 dedicati,
707 2346 793 2398 quam
810 2328 898 2382 habet
918 2327 994 2381 Gutl
1014 2330 1040 2383 2.
1067 2344 1134 2379 cum
1153 2324 1224 2377 duo-

64 2400 122 2453 bus
140 2400 245 2453 Vindd.
273 2399 384 2469 Scripsi
402 2409 497 2454 autem
515 2401 571 2454 sint
588 2418 643 2469 pro
662 2408 727 2453 tunt
745 2418 781 2454 ex
800 2400 889 2455 codd.
908 2400 978 2483 Reg.
1000 2397 1074 2453 Gud.
1094 2402 1120 2452 1.
1148 2393 1223 2449 Guu

63 2474 93 2526 2
113 2471 162 2522 Au
185 2509 192 2522 .
213 2470 313 2526 Duisb.
334 2471 407 2526 Gud.
427 2470 511 2527 Vind.
533 2478 557 2527 1.
582 2471 670 2524 Maris.
697 2469 830 2525 omnibus
848 2470 987 2534 Bentleii,
1017 2477 1126 2539 septem
1151 2469 1223 2521 Oxx.

64 2539 143 2593 ΕΜ.
189 2558 235 2594 rn.
255 2540 339 2594 Schs.
359 2542 440 2596 Koel.
460 2542 523 2613 Bip.
544 2542 635 2597 Nobb.
656 2542 704 2596 Or.
724 2545 777 2596 Pro
799 2541 849 2595 ced
867 2550 912 2595 est
930 2542 1040 2595 scilicet
1060 2542 1092 2593 in
1110 2540 1226 2595 Mon-².

66 2628 128 2664 uno
146 2612 198 2663 Ox.
219 2620 249 2665 et
266 2611 319 2666 Ed.
341 2615 375 2665 H.
415 2615 515 2688 Pergit
537 2614 611 2689 Aug.
639 2620 677 2666 ut
702 2615 737 2667 ol
761 2630 804 2675 eo,
835 2631 911 2666 unus
932 2614 982 2665 Ox.
1012 2628 1099 2682 quae
1123 2612 1157 2663 ab
1183 2626 1224 2667 eo.

68 2682 127 2735 Pro
151 2698 216 2754 qua
237 2685 417 2751 providentes
444 2694 487 2739 est
514 2686 597 2751 quia
617 2700 700 2752 prov.
726 2686 757 2736 in
782 2683 852 2738 Cod.
874 2685 972 2739 Duisb.
1000 2684 1059 2740 MS.
1080 2683 1115 2735 ad
1134 2685 1194 2734 Mar
1217 2718 1224 2736 .

67 2753 135 2807 Asc.
155 2762 272 2808 nostras
289 2758 314 2811 2.
335 2756 408 2807 Edd.
427 2758 497 2810 Veri
518 2763 610 2808 nostr.
636 2754 709 2808 duae
727 2757 819 2809 Venn.
848 2763 876 2808 et
894 2754 986 2808 Medd.
1011 2773 1056 2822 ap.
1077 2701 1215 2805 nehel

68 2826 103 2881 A.
124 2825 154 2877 B.
175 2825 203 2880 S.
222 2825 257 2876 E.
279 2828 315 2879 M.
351 2826 439 2879 Haesi
462 2825 617 2895 aliquando
646 2827 677 2878 in
702 2844 730 2878 v.
752 2825 956 2893 procidentes,
986 2828 1054 2894 quia
1078 2823 1135 2875 hoc
1161 2822 1226 2877 loco

67 2913 167 2966 neque
185 2895 220 2949 de
237 2897 441 2966 prospiciendo
461 2906 490 2951 et
508 2895 695 2959 consulendo,
715 2913 809 2964 neque
818 2895 852 2948 de
870 2913 904 2947 re
921 2895 1019 2962 aliqua
1035 2892 1227 2963 procuranda,

68 2985 166 3037 neque
184 2967 221 3020 de
237 2967 433 3047 praecavendi
452 2983 546 3021 sermo
565 2968 613 3029 sit,
639 2966 700 3030 (his
719 2967 798 3019 enim
823 2965 1086 3038 significationibus
1104 2962 1228 3016 verbum

66 3037 243 3108 providende
259 3039 336 3109 apud
356 3038 528 3092 Ciceronem
547 3037 621 3091 solet
638 3040 702 3090 fers
719 3037 792 3111 legi)
810 3036 981 3103 coniecique
998 3033 1227 3101 praevidentes:

70 3125 132 3180 quc
153 3107 240 3160 verbo
259 3127 326 3162 cum
345 3110 440 3162 rarius
460 3128 527 3162 usus
547 3109 586 3160 sit
602 3116 712 3170 noster,
738 3116 897 3175 utrumque
922 3107 1009 3159 etiam
1035 3105 1128 3157 simili
1146 3119 1228 3157 ccm-

70 3179 181 3252 pendio
206 3181 292 3233 scribi
316 3180 435 3233 solitum
462 3180 563 3244 fuerit,
591 3177 678 3231 facile
696 3179 797 3230 tritius
819 3186 849 3230 et
874 3180 920 3230 fre
943 3177 1062 3228 uentius
1092 3175 1229 3229 substitui

70 3251 186 3323 potuit:
207 3251 378 3306 recordabar
396 3252 539 3310 locorum,
565 3249 664 3318 quales
688 3257 756 3301 sunt
783 3250 818 3303 de
836 3247 903 3301 Div.
922 3195 946 3300 l.
965 3249 1010 3303 3⁰.
1030 3250 1080 3302 63:
1114 3247 1230 3299 nnisrsttc

72 3356 105 3367 -
127 3322 253 3375 meminit
273 3323 505 3391 praeteritorum,
528 3319 690 3388 praecentio
714 3321 812 3384 cernit,
848 3321 947 3385 littura
972 3317 1152 3386 praevidet:
1189 3317 1229 3373 ib.

72 3394 94 3460 i.
115 3397 161 3451 64.
191 3392 283 3446 tribus
308 3394 398 3446 orodis
422 3399 515 3445 censet
544 3392 657 3443 deorum
679 3391 798 3459 appulsu
827 3391 970 3443 somniare
996 3387 1135 3442 ltomt'nee:
1165 3404 1231 3453 uno,

72 3467 149 3536 quod
163 3465 351 3533 praevideat
378 3465 488 3517 artimus
507 3465 636 3532 ipseper
654 3478 699 3514 se.-
723 3461 772 3513 ubi
790 3461 851 3513 vid.
871 3469 982 3514 annott.
1000 3454 1092 3514 nosl'r.
1119 3479 1147 3530 p.
1170 3462 1231 3515 151.

74 3540 137 3593 15³.
176 3537 231 3589 Pro
250 3539 413 3589 scortantur
431 3555 505 3588 unus
525 3534 575 3587 0¹.
595 3533 762 3585 inmittatur.
791 3533 972 3585 indicativus
991 3540 1070 3599 certe
1089 3549 1148 3584 non
1164 3547 1233 3582 con-

73 3609 158 3662 venit
182 3608 260 3671 loco,
290 3610 315 3660 si
344 3625 430 3676 supra
454 3615 534 3660 recte
562 3606 705 3674 scriptum
734 3612 777 3656 est
795 3604 886 3656 dicati
910 3605 994 3656 sint.
1035 3605 1092 3654 Mr.
1132 3600 1234 3664 „Adde

73 3677 212 3731 Matthiae
231 3681 263 3732 in
282 3679 439 3733 FAWolfii
457 3679 528 3733 litt.
548 3676 630 3727 Anal.
652 3674 689 3728 11.
709 3692 736 3744 p.
749 3676 814 3729 255⁶
834 3672 948 3728 Seducit.
983 3674 1045 3726 lam
1063 3672 1142 3730 vide,
1161 3688 1234 3742 quse

73 3758 212 3805 accurate
230 3750 265 3802 de
284 3750 341 3803 hoc
358 3749 532 3803 anacolutho
551 3746 696 3818 praecipit
715 3746 782 3798 Otto
801 3746 833 3797 in
851 3746 923 3797 Exc.
942 3744 977 3796 ad
996 3743 1057 3797 cio.
1083 3744 1118 3796 de
1137 3742 1233 3803 Finis,

96 3824 186 3877 .394.
224 3823 285 3873 Mr.

73 3842 93 3894 p
149 3892 285 3946 Omnibus
303 3892 385 3945 bonit
404 3898 430 3942 st
450 3891 551 3956 doctis]
570 3890 675 3963 Vulgo,
695 3889 824 3940 oninibue
840 3895 870 3940 et
890 3886 971 3940 donis
990 3893 1016 3939 et
1036 3885 1133 3939 doctis.
1163 3885 1235 3938 Mihi

74 3965 164 4018 duces
184 3973 253 4017 sunt
271 3965 340 4038 neg.
360 3962 470 4016 Eliens.
491 3970 559 4018 tert,
578 3960 648 4016 Bek.
669 3960 741 4013 Med.
763 3968 792 4012 et
809 3958 924 4013 Balliol.
952 3959 1004 4028 qui
1027 3959 1162 4011 voculam
1192 3974 1236 4011 se·

74 4036 202 4089 cundem
225 4037 371 4088 nesciunt.
410 4035 445 4086 D.

148 4107 277 4159 omnibus
295 4106 377 4159 bonis
396 4112 423 4157 et
442 4103 542 4168 doctis]
575 4104 711 4172 ineptum
731 4101 805 4152 illud
825 4106 850 4152 et
869 4108 937 4153 ante
954 4100 1036 4153 botris
1065 4117 1122 4152 non
1149 4113 1238 4173 agno·

75 4186 165 4232 scunt
187 4179 292 4247 optimi
318 4178 499 4245 plurimique
524 4175 623 4239 codd,
652 4174 793 4227 videlicet
819 4171 889 4246 Reg.
916 4172 990 4225 Gud.
1021 4175 1083 4225 1.2
1117 4170 1237 4225 Mon.2

76 4247 477 4326 Aug.1lehd.Duisb.Gud
504 4248 591 4302 Bern.
618 4246 703 4302 vind.
724 4249 749 4301 Ι.
776 4262 850 4298 unus
870 4246 922 4301 Ox.
943 4251 973 4297 et
990 4243 1044 4295 Ed.
1065 4242 1100 4297 ll.
1138 4241 1240 4310 Neque
