2828 5070
522 319 649 382 LIBER
672 320 698 395 l,
720 324 771 387 45.
1167 318 1231 386 373

68 492 126 573 qrri
150 489 287 548 uirtutis
315 488 485 569 perfectae
511 491 659 566 perfecto
689 490 822 549 functus
845 495 896 548 est
925 504 1074 550 munere.
1119 485 1230 547 Multa

68 573 239 652 mihiipsi
263 568 304 629 ad
326 578 475 630 mortem
498 573 696 653 tempestiva
717 573 873 632 fuerunt:
909 590 993 651 qnae
1021 571 1148 630 utinam
1171 587 1229 653 po-

76 699 233 711 ,Μ
256 698 307 704 ..-υ
494 696 963 705 .-0-.---—.....-—.———-——

69 760 137 811 Cod.
158 760 209 810 Ox.
230 756 312 808 Alius
329 755 414 808 habet
433 773 500 807 curu
518 760 593 809 tlon.
615 762 638 812 l.
659 765 689 809 et
704 757 748 809 Au
770 796 776 809 .
796 759 939 824 perfectae
955 756 1134 824 profecto;
1153 755 1228 808 alius

69 832 246 897 perfectoque
261 829 406 895 perfectae
424 834 549 896 surruptas
568 835 618 880 est.
646 829 713 881 God.
732 776 831 880 tilam
857 830 975 893 factus
1004 831 1053 879 est.
1082 826 1228 880 unwan.

72 903 103 952 in
129 900 235 952 scholis
260 899 295 950 ad
317 918 344 949 v.
364 915 464 951 munies
488 907 634 968 cornparat
660 901 803 954 Graecum
826 901 914 969 ἔργον.
953 897 1106 952 Ktihnerns
1132 896 1230 951 laudat

71 975 173 1024 Tusce.
193 973 227 1021 V.
247 975 290 1024 39.
314 973 375 1024 113:
405 976 473 1033 trem,
493 971 563 1037 puod
580 972 640 1023 sine
659 972 747 1024 ocutis
765 971 830 1035 fieri
845 987 928 1037 posse
946 970 994 1021 eis
1013 967 1134 1032 uidetur,
1161 980 1231 1035 gesy

72 1043 190 1095 auctrice
214 1058 339 1093 munus
364 1042 500 1093 tuebatur.
529 1043 591 1094 Vid.
617 1059 666 1094 nos
693 1044 727 1094 ad
751 1042 810 1094 Cic.
836 1043 871 1094 de
895 1043 964 1110 Rep.
985 1040 1033 1092 VI.
1055 1041 1096 1093 15.
1116 1054 1144 1108 p.
1165 1039 1229 1093 483.

71 1115 105 1166 ad
124 1114 224 1166 verba:
245 1129 279 1164 ne
297 1129 395 1164 munus
413 1145 446 1154 -
466 1112 640 1180 assignatum
663 1130 680 1164 a
700 1115 750 1166 deo
769 1113 914 1180 defugisse
932 1109 1093 1164 videamini.
1131 1109 1193 1162 Me.

144 1186 238 1237 ,Malta
262 1181 333 1234 milti
360 1183 419 1251 ipsi
445 1184 483 1235 ad
501 1192 615 1237 mortem
639 1181 961 1250 resuscitaturum]
996 1181 1041 1234 Ad
1058 1180 1230 1233 sententiam

72 1256 240 1307 Beroaldus:
272 1256 326 1317 „lu
345 1257 367 1306 l.
396 1254 470 1306 Phil.
501 1256 532 1306 in
554 1256 628 1308 hanc
652 1257 826 1308 sententiam
851 1257 892 1307 sic
920 1254 1036 1306 scribit:
1066 1249 1147 1308 little·
1164 1264 1230 1304 sero

74 1327 217 1389 satisest,
238 1325 398 1393 quadrini,
418 1326 655 1378 eeladaetalem
671 1328 716 1378 uel
733 1328 771 1379 ad
787 1327 919 1392 gloriam.
956 1325 1036 1378 ldem
1061 1323 1148 1375 alibi:
1181 1337 1230 1374 ne-

73 1403 143 1463 gant
169 1413 252 1464 posse
275 1403 393 1449 nsortem
416 1397 596 1450 immaturam
615 1414 676 1450 esse
699 1398 861 1451 consulari.-
890 1402 994 1465 quanta
1013 1410 1093 1460 nunc,
1122 1392 1229 1462 inquit,

72 1470 166 1520 aerius
184 1468 289 1534 negabo
309 1469 390 1520 seni!
422 1466 500 1520 Mihi
523 1486 597 1535 vero,
623 1469 654 1523 P.
676 1469 718 1535 0.,
746 1471 804 1522 iam
829 1468 914 1522 etiarn
936 1467 1057 1534 aptanda
1083 1467 1229 1531 moreest,

71 1540 216 1606 perfuncto
234 1539 317 1590 retus
336 1539 386 1604 iis,
406 1554 475 1607 quas
494 1541 613 1608 adeptus
632 1557 700 1604 sum,
719 1555 841 1609 quasque
860 1539 917 1606 egi.
955 1538 1074 1591 Minime
1092 1535 1230 1589 amitten·
1281 1546 1297 1575 ι

73 1611 141 1661 dium
170 1620 212 1662 est
236 1612 342 1662 scitum
367 1609 442 1660 illud
466 1610 665 1664 declamatoris
684 1611 782 1676 Cestii,
811 1612 888 1680 quod
910 1610 945 1662 ob
969 1608 1143 1683 elegantiam
1161 1622 1230 1658 con-

73 1681 299 1750 cinnitatemque
324 1681 481 1733 sententiae
505 1681 666 1741 habendum
691 1691 733 1735 est
753 1683 784 1733 in
802 1698 852 1734 oro
870 1691 900 1734 et
917 1689 1043 1751 pectore.
1081 1677 1130 1731 sic
1149 1676 1229 1729 enim

73 1753 184 1820 inquit:
205 1752 239 1805 Si
257 1754 295 1804 ad
312 1752 485 1804 desiderium
502 1753 601 1820 papuli
619 1753 746 1820 respicis,
768 1753 878 1819 Cicero,
900 1752 1008 1820 quando
1023 1748 1159 1819 perieris,
1177 1762 1230 1815 pa-

73 1840 134 1875 rum
155 1823 269 1875 ur‘xisti:
289 1824 317 1874 si
335 1824 436 1874 adres
454 1830 558 1890 gestus,
578 1824 651 1876 satis
669 1824 832 1876 uixistirsi
851 1824 889 1875 ad
906 1822 1035 1876 iniurius
1053 1823 1183 1887 fortunae
1201 1823 1228 1870 et

71 1902 247 1961 praesentem
266 1893 310 1945 rei
325 1893 453 1961 publicae
473 1900 591 1956 statum,
616 1895 734 1947 nimium
753 1896 801 1948 diu
819 1893 931 1946 sinisti:
957 1895 984 1947 si
1006 1893 1045 1945 ad
1065 1889 1229 1949 memoriam

72 1981 186 2032 operum
213 1972 333 2029 tuorum,
362 1980 470 2031 semper
497 1966 624 2017 victurae
643 1965 704 2018 es.“
742 1968 832 2018 Locus
857 1983 891 2019 ex
916 1965 1010 2035 prima
1029 1961 1229 2032 Philippicae

72 2036 212 2088 Ber-caldo
230 2036 358 2089 laudatus
378 2045 419 2088 est
438 2036 468 2086 in
487 2036 544 2088 tine
563 2037 708 2089 orationis.
744 2036 830 2090 Alter
854 2037 925 2088 item
950 2036 981 2087 in
1008 2035 1066 2087 fine
1086 2030 1229 2086 Orationis

72 2107 199 2176 Philipp.
228 2107 382 2160 Secundae.
420 2106 508 2158 Cestii
535 2107 614 2159 locus
641 2116 682 2160 est
706 2125 749 2176 ap.
779 2111 816 2160 M.
842 2107 876 2159 A.
905 2106 1041 2159 Senecam
1059 2103 1227 2169 Rhetorem,

72 2178 183 2231 Suasor.
214 2180 275 2234 vlt.
326 2217 331 2228 .
352 2180 394 2233 37.
423 2179 475 2230 Ed.
501 2178 627 2231 Gronov.
652 2179 783 2230 Eleevir.
811 2181 888 2234 1672.
921 2177 1043 2230 HWolf.
1070 2175 1105 2227 ad
1128 2174 1228 2229 eadem

72 2249 157 2300 haec:
190 2250 230 2311 „i.
252 2267 277 2301 e.
303 2197 395 2318 paepe
420 2249 461 2301 ita
486 2267 599 2302 mecum
626 2258 721 2300 actum
746 2258 798 2312 est,
827 2259 859 2301 ut
884 2248 959 2299 mori
978 2247 1135 2299 debuerim.
1174 2243 1228 2301 Sed

72 2320 235 2390 prohibitus
255 2321 309 2383 fui,
329 2328 392 2370 tum
410 2338 458 2390 spe
477 2338 576 2372 remam
594 2320 759 2382 meliorum,
777 2328 841 2370 turn
859 2315 1103 2370 cohortationibus
1121 2315 1229 2367 amico·

73 2410 146 2444 rum.
191 2389 275 2443 Obire
300 2407 342 2453 ea,
372 2407 441 2459 prae
465 2392 503 2443 ad
528 2397 644 2443 nicetem
677 2389 839 2457 tempeative
864 2395 937 2457 eunt,
967 2387 1044 2440 nihil
1071 2386 1151 2440 aliud
1175 2392 1227 2452 est,

73 2480 158 2530 qrram
185 2462 341 2530 tempestiue
360 2461 467 2513 mori.“
504 2463 565 2517 Mr.
960 2482 965 2500 ¹

144 2532 231 2596 chare
250 2534 357 2584 utinam
374 2532 526 2600 potuissem
544 2532 630 2598 obire]
664 2533 697 2585 ln
716 2534 818 2597 Msstis,
838 2540 979 2602 qnantum
997 2537 1117 2594 constet,
1136 2526 1229 2581 omni·

72 2604 123 2654 bus
142 2612 182 2654 est
202 2619 269 2669 sperae
287 2604 400 2655 retinam.
440 2605 497 2655 Nos
516 2621 585 2655 vero
604 2605 800 2657 coniecturam
818 2614 954 2668 nostram,
984 2620 1049 2654 cum
1068 2601 1228 2653 certissime

71 2674 230 2737 videretur,
265 2675 396 2743 recipere
425 2674 501 2724 nulli
527 2674 732 2739 dubitavimus;
767 2691 927 2745 pronomen
955 2674 1033 2727 enim
1050 2673 1086 2726 ad
1111 2677 1229 2724 mortem

73 2745 157 2795 dubio
176 2746 280 2813 procul
300 2755 341 2795 est
360 2745 555 2797 referendum.
592 2746 714 2799 Mortem
737 2762 807 2798 vcro
833 2746 913 2798 odire
937 2744 1049 2816 phrasis
1068 2751 1110 2794 est
1127 2743 1229 2816 vulga·

72 2815 189 2866 tissima.
228 2817 298 2866 Vide
326 2834 411 2884 supra
438 2834 498 2884 cap.
519 2819 562 2871 35.
589 2826 618 2868 et
641 2816 675 2869 de
701 2818 776 2870 Orat.
807 2817 856 2868 lib.
883 2817 933 2869 ΙΙΙ.
963 2834 1023 2885 cap.
1044 2817 1087 2869 29·
1125 2813 1228 2877 Dore,

73 2903 158 2953 (piram
176 2887 225 2936 hic
244 2888 305 2958 agit
324 2888 436 2949 Cicero,
456 2889 496 2939 sic
515 2887 622 2939 Seneca
640 2888 721 2940 Cous.
746 2888 780 2939 ad
799 2889 936 2940 Marciam
954 2903 1015 2956 cap.
1035 2887 1077 2941 Ml.
1115 2884 1159 2936 Μ.
1180 2882 1229 2946 Gif

72 2972 144 3019 cera,
173 2958 199 3008 st
218 2975 248 3008 eo
268 2964 397 3025 tenpore,
425 2973 477 3023 pua
497 2958 639 3010 Catilinae
664 2959 739 3010 sicas
757 2959 893 3011 devitavit
919 2957 1016 3023 quibus
1030 2954 1141 3024 pariter
1167 2970 1230 3007 cum

69 3027 168 3093 patria
186 3030 291 3093 petitus
311 3036 361 3094 cst,
380 3028 548 3082 concidisset
566 3030 684 3081 literato
694 3030 759 3096 liep.
776 3035 956 3081 consuantur
974 3026 1046 3087 eius,
1065 3026 1093 3076 si
1111 3025 1229 3092 denique

70 3098 148 3160 filiae
168 3115 233 3148 estere
252 3101 334 3161 funus
352 3107 461 3151 secutus
479 3100 588 3165 fuisset,
620 3107 683 3152 tunc
701 3100 773 3165 felis
799 3099 874 3152 mori
889 3097 991 3167 potuit.
1028 3097 1091 3151 Non
1109 3093 1228 3147 uidisset

71 3167 190 3218 strictos
208 3168 239 3218 iu
259 3170 358 3221 ciuilia
377 3171 471 3237 capita
498 3187 643 3222 mucrones
662 3180 715 3223 etc.
754 3170 789 3225 D.

145 3255 240 3304 lttatta
258 3256 329 3307 resilui
347 3289 380 3298 —
401 3273 485 3325 puae
508 3258 618 3310 retinam
639 3258 795 3326 potuissem
820 3256 936 3325 obiret]
974 3253 1173 3324 „Tempestiuu
1192 3253 1230 3307 ad

71 3324 244 3376 reuertendum
265 3336 329 3376 sunt
350 3328 577 3395 opportunitates
596 3329 749 3393 moriendi,
774 3328 875 3381 idonea
894 3328 929 3379 ad
947 3325 1166 3395 relinquendam
1183 3325 1228 3376 vi-

70 3407 129 3447 tam
149 3404 287 3464 tempora,
307 3397 476 3462 occasiones,
496 3398 598 3467 quibus
617 3417 645 3452 sc
663 3399 742 3451 dolet
762 3400 895 3451 defuisse.
933 3397 1018 3451 Obire
1039 3397 1138 3460 lecum,
1159 3402 1228 3448 tens·

68 3482 129 3533 pres,
150 3468 316 3520 observante
337 3469 464 3532 Gitanio,
484 3485 632 3522 occurren
650 3471 688 3522 ad
705 3471 892 3532 corestitutum,
913 3470 1089 3531 nondecim,
1110 3481 1163 3519 non
1181 3467 1228 3519 de·

70 3538 207 3589 siderari.
245 3540 347 3591 Cicero
365 3555 418 3608 pro
437 3540 497 3591 Mil.
519 3544 566 3596 10:
589 3541 706 3594 Clodius
725 3541 768 3592 ita
784 3542 929 3609 profectus
947 3546 998 3605 est,
1022 3547 1055 3591 ut
1073 3538 1228 3591 concionem

70 3611 263 3675 tustalentam,
297 3611 328 3663 iu
358 3626 412 3679 pua
437 3609 500 3662 eius
532 3613 616 3674 ferror
636 3613 814 3665 desideratus
833 3618 885 3676 est,
909 3627 980 3680 quae
998 3610 1048 3664 illo
1068 3610 1114 3663 die
1132 3607 1227 3661 talita

71 3686 122 3737 eet,
143 3682 319 3746 relinqueret:
347 3696 439 3750 quiana,
467 3682 526 3734 nisi
553 3683 652 3736 obire
678 3683 816 3748 facinoris
840 3685 927 3736 lecum
960 3689 1155 3750 tempusque
1180 3695 1228 3731 uo·

71 3748 180 3815 luisset,
202 3767 338 3820 nunquam
358 3753 529 3821 reliquisset.
568 3755 609 3806 De
629 3754 727 3806 Anaic:
743 3757 774 3808 2:
804 3754 852 3824 qui
877 3752 1100 3820 diligentissime
1120 3765 1229 3817 semper

70 3820 149 3871 ilteou
178 3822 247 3872 diem
275 3830 300 3874 et
326 3824 397 3874 illud
420 3840 517 3876 ratenus
542 3825 643 3876 solitus
669 3840 700 3876 es
727 3824 835 3880 obire.
873 3822 951 3876 Haec
975 3840 1033 3875 non
1056 3822 1229 3874 meminerat

69 3892 208 3951 Davisius,
229 3894 341 3958 qararrdo
361 3894 459 3945 edebat
487 3910 585 3963 quarn
603 3894 722 3959 utineam,
750 3896 800 3946 ubi
823 3910 929 3960 omnes,
959 3896 1080 3962 ipsomet
1107 3894 1227 3956 fatente,

69 3962 187 4013 Codices
206 3962 311 4012 trabant
330 3980 415 4033 petae
435 3968 550 4018 setinum.
589 3967 647 4018 Hae
667 3967 784 4034 <peridem
802 3965 932 4036 phrases:
964 3965 1044 4018 obire
1061 3968 1180 4015 mortem
1198 3970 1228 4017 et

69 4032 147 4085 obire
168 4033 331 4100 tempestiua
350 4035 388 4085 ad
404 4037 586 4101 esuriendum,
612 4037 710 4088 eodem
730 4037 871 4090 recidunt.
910 4037 970 4087 Hoc
990 4044 1102 4087 tantum
1120 4035 1228 4087 discre-

68 4113 147 4174 pant,
174 4105 249 4172 qrrod
268 4106 358 4156 altera
377 4115 418 4157 est
436 4108 644 4182 vulgatissima,
670 4108 761 4158 altera
784 4108 878 4157 arsinus
896 4107 980 4167 trita3
1009 4106 1057 4158 sed
1075 4105 1164 4157 latina
1184 4104 1228 4156 niss

69 4175 132 4226 hilo
151 4177 246 4225 ruinius
266 4184 294 4226 et
313 4177 533 4230 Ciceroniana.“
556 4178 720 4246 Anonpmus
739 4179 813 4245 apud
832 4177 980 4230 olivetum.
1016 4179 1079 4253 Ego
1097 4192 1177 4238 vero,
1203 4175 1227 4226 si

70 4245 104 4296 ad
123 4246 258 4297 Codicum
278 4248 466 4316 scriptionem
491 4267 537 4301 me
556 4249 732 4319 applicuere,
757 4249 879 4299 minime
896 4265 1009 4312 vereor,
1036 4245 1228 4319 ne·irugibne

70 4317 195 4367 inventis
224 4317 259 4367 ad
285 4318 403 4392 glandes
432 4320 553 4372 rediisse
585 4319 695 4383 videar,
727 4317 881 4389 postquam
905 4318 1019 4373 Davisii)
1048 4323 1229 4371 accesserunt

68 4395 147 4437 tanta
167 4388 291 4451 nomina,
312 4390 468 4441 Ernestum
486 4388 776 4453 dico‚FAW01tium
802 4389 865 4458 (qui
888 4398 985 4443 tamen
1010 4391 1042 4441 in
1059 4388 1155 4458 prima
1171 4383 1226 4438 Ed.

67 4457 211 4509 librorum
238 4458 426 4528 scriptionem
451 4462 601 4515 terendam
620 4460 712 4527 duxit,
742 4461 872 4532 itemque
898 4461 930 4514 in
951 4459 1068 4522 scholis,
1094 4460 1225 4523 vemens}
