2812 5064
205 302 266 369 lat
400 300 628 366 CICERONIS
649 299 1152 367 wscunlm1st’11‘rat'.

204 466 275 528 lum
297 457 429 546 docent,
460 485 580 530 rorum
607 467 711 530 otiam
729 465 865 547 medici,
887 468 958 549 aui
985 467 1051 529 ista
1069 472 1187 545 aperta
1208 474 1243 529 et
1264 475 1358 549 pate·

200 550 294 611 iacta
314 547 488 692 videruntg
508 551 584 611 viae
598 551 694 629 quasi
707 547 869 630 quaedam
882 558 961 611 suut
980 547 1022 609 ad
1035 549 1161 620 oculos,
1182 546 1226 610 ad
1247 568 1360 625 aures,
1391 612 1398 623 ,

201 630 247 693 ad
268 651 365 693 nares
386 651 406 693 a
425 651 442 693 a
485 649 505 693 o
525 632 628 692 animi
648 634 848 713 perforatae.
881 631 1013 713 ltaque
1026 646 1124 712 saepe
1147 639 1209 693 aut
1229 634 1360 716 cogita-

204 715 306 788 tione,
328 721 387 775 aut
408 713 517 794 aliqua
543 714 579 775 ui
599 714 709 775 morbi
737 710 902 794 impediti,
938 714 1064 794 apertis
1085 721 1188 793 atque
1214 708 1364 799 integris,

159 844 162 851 .
203 805 240 857 et
258 794 364 855 oculis
391 801 426 854 et
452 795 601 872 auribus,
630 814 692 857 nec
709 794 873 872 videmus,
901 814 964 857 noo
982 793 1156 857 audimusr
1187 806 1227 857 ut
1257 795 1360 856 tacile

203 876 349 960 intelligi
369 877 485 957 possit,
506 877 655 939 animum
675 885 710 939 et
731 876 849 939 vidoro
865 884 904 939 et
923 875 1055 954 audire,
1078 896 1145 940 uon
1159 888 1358 963 anspertus,

202 1027 372 1097 praeeertim
391 1044 473 1098 quom
490 1046 604 1084 cernere
621 1046 705 1099 saepe
722 1004 874 1100 aequitates,
894 1000 1015 1084 damieta
1038 1030 1190 1085 taminiae·
1214 1030 1283 1099 quia
1307 1047 1358 1083 ao-

203 1101 248 1154 iie
271 1100 511 1169 praepediamur,-
538 1103 610 1173 quod
632 1102 744 1167 foribus
770 1117 826 1155 noa
842 1104 890 1167 fit:
918 1117 1006 1172 aeque
1030 1102 1105 1153 caim
1139 1116 1193 1173 qua
1217 1100 1359 1155 cernimur

203 1170 289 1240 iperi,
308 1170 393 1225 Oett'a
410 1171 568 1240 euedpiuat
586 1171 675 1224 ultum
692 1172 803 1225 recluaa
821 1170 975 1225 iaborcsu.“
994 1170 1153 1225 lemtim
1174 1202 1205 1215 -
1243 1170 1355 1242 Scripsi

203 1250 299 1295 nutem
316 1257 402 1312 aeque
420 1248 473 1296 eet
491 1243 580 1297 ναῖοι
597 1258 652 1313 pro
669 1242 787 1366 rugato
812 1242 900 1313 aeque
927 1242 987 1297 eui
996 1256 1024 1293 m
1048 1249 1100 1296 est
1116 1259 1195 1294 cum
1211 1240 1280 1295 Dav.
1301 1251 1356 1295 etc.

203 1314 251 1368 Or.
271 1330 307 1364 ex
325 1310 410 1366 codd
429 1313 497 1388 Reg.
518 1312 592 1367 Gud.
614 1314 684 1369 1.2.
731 1314 779 1366 ud.
797 1314 872 1369 tlon.
892 1314 917 1369 2.
937 1312 1024 1365 atuh.
1059 1309 1178 1381 Reliqui
1204 1312 1254 1364 vul
1292 1321 1357 1364 tum

202 1364 308 1435 maine
326 1383 465 1436 ornnem.
492 1384 555 1437 vta.
575 1382 738 1437 avutam
750 1384 876 1457 *axem
896 1382 932 1437 se
949 1382 1009 1436 cte.
1029 1378 1090 1436 ott.
1109 1382 1175 1447 maj.
1195 1401 1223 1467 13·
1242 1384 1261 1451 2
1279 1386 1304 1439 a.
1314 1384 1353 1436 11.

202 1452 289 1506 Abest
306 1453 381 1507 eat'm
397 1472 414 1507 a
432 1452 499 1507 God.
519 1454 593 1529 Aug.
611 1452 683 1507 Edd-
703 1455 738 1507 ll.
758 1454 822 1506 Asc.
840 1457 867 1509 1.
903 1454 957 1507 Pro
976 1458 1018 1507 eat
1033 1454 1108 1507 ullae
1126 1452 1265 1511 scribatur
1292 1454 1357 1507 atti-

203 1524 248 1577 itte
266 1523 298 1575 in
315 1542 372 1578 uno
391 1526 441 1578 Ox.
477 1526 577 1601 Pergit
594 1524 722 1591 Vindcl.
742 1525 773 1577 a'a
790 1540 909 1593 corpore
935 1538 1042 1577 naara.
1079 1523 1155 1575 Tum
1179 1524 1356 1576 servavimus

203 1594 334 1647 ordinem
360 1594 426 1649 cod.
451 1596 521 1671 Reg.
547 1610 602 1648 iton
622 1592 735 1664 physici
759 1597 847 1649 solum
870 1592 884 1659 i
905 1610 936 1647 ro
962 1610 1017 1647 noa
1035 1593 1125 1648 totam
1140 1590 1264 1664 physice)
1291 1613 1358 1647 cum

202 1664 333 1718 Bentleio
350 1667 400 1717 vel
416 1666 522 1737 potius,
541 1666 592 1733 qni
611 1666 638 1718 ei
656 1665 804 1719 obsecutus
822 1673 874 1731 est,
882 1610 1022 1717 PDavisio:
1050 1662 1189 1719 accedunt
1207 1674 1357 1735 praeterea

203 1735 289 1791 Godd.
318 1735 390 1789 Gud.
413 1741 437 1791 l.
457 1738 482 1791 1.
512 1736 585 1788 Gud.
609 1734 693 1787 Vind.
713 1738 739 1791 1.
767 1738 841 1790 Μοο.
868 1738 938 1791 1.·1.
966 1733 1054 1787 llarb.
1087 1736 1167 1789 Unus
1192 1736 1243 1789 Ox.
1269 1735 1358 1788 habet

204 1806 362 1860 aoaaotum
378 1803 602 1874 philosophi.
639 1806 700 1861 Mr.
886 1824 889 1831 ·

272 1876 322 1945 qui
339 1875 397 1927 isto
415 1882 516 1945 operto
534 1882 561 1929 et
574 1878 720 1945 patefacta
736 1874 878 1943 viderunt]
913 1874 958 1929 Ad
976 1892 1038 1929 rem
1056 1876 1152 1929 laudat
1171 1876 1218 1929 Or.
1242 1876 1359 1930 celsum

201 1946 235 1999 in
252 1946 343 1999 Praei.
363 1945 433 1999 libri
449 1947 550 2019 primi,
570 1948 618 2000 ubi
637 1956 679 2000 est
695 1967 724 2018 p.
745 1950 788 2003 18.
818 1948 860 2001 ed
878 1945 989 2021 Targae
1015 1946 1130 2011 (Veron.
1152 1948 1241 2013 181⁰.)
1268 1966 1297 2019 ρ.
1311 1950 1357 2003 18.

201 2016 577 2088 llip.:1aciderem‘rorum
594 2022 723 2087 corpora,
749 2024 775 2071 et
794 2016 906 2071 crudele
928 2024 956 2071 et
975 2032 1174 2086 supervacuum
1201 2023 1259 2070 eat:
1284 2034 1360 2070 taor-

203 2092 312 2141 tuorum
329 2104 360 2141 eo
397 2102 458 2155 ora,
477 2088 647 2142 dieceatiiua
664 2088 861 2145 aecesean'am.
890 2086 988 2141 lntell'
1028 2088 1099 2141 ndns
1118 2088 1259 2141 nimirum
1275 2088 1361 2141 locus

202 2168 300 2213 nostor
318 2159 352 2212 de
391 2164 501 2229 νατομῇ
518 2158 578 2215 sire
596 2158 765 2212 dissectione
784 2158 947 2231 corpoium.
979 2106 1075 2212 idrus
1093 2164 1121 2212 et
1148 2158 1292 2227 patefacto
1311 2160 1373 2212 de-'

201 2237 267 2282 aunt
287 2230 318 2280 in
337 2230 445 2283 duobus
462 2228 547 2283 Codd.
575 2231 644 2283 Oxx.
672 2230 748 2284 uude
770 2230 863 2283 nolim
891 2230 1017 2299 aliquem
1042 2230 1203 2295 conficere,
1238 2246 1271 2283 ea
1291 2248 1360 2299 ¹esse

202 2300 314 2371 spuria:
345 2301 504 2353 necessaria
527 2301 606 2353 enim
629 2308 697 2353 aunt
724 2300 758 2353 ad
776 2300 957 2365 sententiam,
986 2318 1059 2369 quae
1083 2300 1180 2352 minua
1225 2300 1361 2369 tropicae

203 2378 285 2436 esset,
305 2369 330 2421 si
348 2369 393 2421 nil
407 2371 468 2437 ‘nisi
486 2376 588 2439 operta
607 2372 749 2443 scriptum
767 2380 850 2434 esset,
870 2370 936 2439 quia
954 2368 1125 2430 hocaudito
1142 2386 1213 2422 voca
1231 2368 1282 2422 ulo
1300 2386 1360 2423 non

201 2440 300 2495 statim
318 2440 353 2493 de
376 2440 502 2493 sectione
521 2442 679 2493 anatomica
697 2442 864 2517 cogitamus.
901 2442 957 2501 Pro
982 2441 1117 2494 ciderunt
1134 2440 1201 2494 cod.
1221 2439 1295 2515 Aug.
1315 2444 1361 2494 vi-

202 2514 312 2567 derant.
349 2512 384 2563 ln
423 2510 542 2565 roximis
560 2511 647 2563 multi
663 2510 735 2563 libri
754 2512 868 2565 inverso
886 2512 987 2564 ordine
1011 2513 1051 2565 ad
1074 2527 1166 2575 aurea,
1195 2512 1235 2563 ad
1264 2516 1361 2577 aures,

201 2580 341 2634 videlicet
359 2528 444 2635 codd.
470 2581 543 2657 Aug.
567 2580 652 2634 vind.
674 2586 698 2639 l.
726 2582 815 2636 ltetrd.
844 2581 916 2634 Edd.
941 2584 970 2634 P.
996 2581 1029 2634 Α.
1054 2580 1085 2633 B.
1114 2582 1142 2636 S.
1167 2581 1201 2633 Ε.
1221 2583 1253 2634 Ο.
1273 2584 1356 2635 Junt.

157 2692 165 2701 .
200 2654 271 2708 Ven.
292 2660 381 2705 nostr.
401 2652 464 2705 Asc.
486 2656 509 2708 l.
529 2656 555 2707 1.
583 2654 661 2707 Cam.
687 2652 755 2705 aab.
780 2650 879 2723 steph.
900 2652 970 2705 Med.
1008 2654 1107 2729 Pergit
1130 2653 1203 2705 Gud.
1230 2654 1277 2705 ad
1304 2669 1360 2706 ee-

202 2724 275 2779 dem
294 2722 390 2775 oniiai.
426 2722 471 2775 Ad
486 2722 728 2775 verba'convenit
745 2723 826 2775 locus
843 2723 877 2775 de
895 2724 931 2774 N.
952 2724 985 2775 D.
1005 2723 1057 2775 111.
1078 2728 1103 2779 i.
1125 2728 1156 2779 9:
1177 2724 1230 2776 duo
1248 2723 1360 2777 Iumina

201 2794 237 2848 ab
255 2794 350 2849 animo
369 2792 408 2845 ad
424 2794 692 2862 oculoapersorata,
711 2793 761 2845 ubi
779 2793 837 2847 rid.
857 2802 952 2846 annot.
978 2802 1066 2846 nostr.
1093 2795 1126 2845 in
1152 2795 1287 2847 versione
1305 2794 1359 2847 ho-

196 2874 268 2918 'rum
285 2864 429 2917 librorum
447 2864 621 2917 Germanica
638 2882 666 2933 p.
688 2866 769 2921 1⁶62:
801 2864 863 2918 Mr.

270 2936 369 3004 ltaque
386 2950 469 3003 saepe
486 2940 536 2987 aut
553 2934 726 3003 cogitatione
742 2940 793 2987 aet
811 2935 908 3002 aliqua
926 2934 995 3001 eto]
1032 2933 1076 2987 Ad
1093 2934 1122 2986 h.
1143 2935 1164 2986 l.
1185 2936 1257 2987 lacit
1275 2935 1357 2988 locus

202 3008 292 3061 Plinii
310 3006 345 3057 H.
365 3006 402 3059 N.
422 3007 471 3058 111.
492 3005 567 3059 Seot.
587 3006 631 3060 54.
673 3008 750 3063 .617
769 3024 830 3089 αρε
856 3005 960 3058 Animo
984 3005 1117 3071 videmur,
1146 3006 1240 3058 auimo
1264 3006 1358 3059 cerai-

201 3092 280 3131 mue:
307 3076 389 3141 ocati,
413 3084 463 3129 c'ea
480 3092 549 3129 oasa
566 3090 636 3147 quae
657 3092 711 3143 orn,
738 3076 873 3130 oietdileet
901 3077 961 3129 eiua
981 3082 1092 3143 partem
1111 3077 1256 3145 accipiunt
1273 3084 1357 3145 atque

201 3148 401 3202 aaaemittaat.
439 3146 489 3200 Sic
505 3162 604 3216 magno
621 3146 762 3215 cogitatio
780 3146 919 3213 obcaecat,
941 3147 1066 3199 ‘adducto
1090 3147 1170 3200 intua
1196 3148 1267 3200 aiau.
1308 3147 1358 3200 Sic

201 3220 232 3273 ia
248 3220 345 3272 morto
363 3216 508 3272 comitiali·
521 3216 617 3287 aperti
634 3215 708 3270 stitit
724 3224 850 3283 cernuat,
875 3217 970 3271 naimo
995 3218 1146 3287 caligante.
1182 3220 1247 3271 Post
1272 3232 1356 3285 coepe

202 3290 234 3343 in
252 3306 310 3341 uuo
329 3290 379 3343 0'1.
400 3287 478 3341 deest
496 3294 555 3355 aut,
575 3289 636 3342 eius
654 3289 718 3342 loco
736 3289 803 3341 cod.
823 3288 907 3341 Vind.
929 3292 952 3343 1.
972 3286 1057 3341 habet
1077 3287 1168 3340 animi
1185 3288 1233 3351 (ex
1249 3290 1356 3363 glossa,

201 3362 264 3414 aine
282 3360 393 3425 dubio);
422 3359 470 3411 sed
492 3358 524 3410 in
548 3358 693 3435 margine:
719 3358 808 3411 aliter
832 3363 903 3410 atet.
941 3358 1003 3410 Duo
1016 3358 1066 3411 Ox.
1088 3368 1143 3410 etc.
1174 3361 1240 3411 Post
1264 3358 1358 3412 marii

202 3432 275 3485 Gud.
296 3430 403 3501 repetit
421 3444 512 3499 turpe.
531 3432 607 3483 Mon.
628 3434 653 3485 l.
672 3430 759 3481 habet
776 3430 887 3498 impedi.
924 3429 1000 3481 Tum
1018 3428 1061 3480 Au
1084 3468 1090 3480 .
1120 3430 1296 3499 apertisque
1314 3431 1358 3482 ia·

202 3500 304 3570 tegete.
340 3500 419 3565 Quod
436 3500 570 3569 sequitur
586 3507 613 3552 et
630 3501 741 3552 omittit
757 3500 841 3552 Vind.
854 3504 879 3555 1.
899 3499 972 3552 Gnd.
994 3447 1084 3552 eiusd

201 3574 255 3625 l’ro
273 3586 323 3624 aec
341 3603 374 3613 -
393 3587 444 3623 aec
459 3570 513 3623 lid.
533 3572 568 3621 ll.
588 3570 674 3624 habet
693 3586 831 3641 aeque-
851 3586 950 3641 aeque:
980 3570 1079 3623 eadem
1103 3587 1168 3623 mox
1190 3578 1285 3639 posaet
1303 3588 1359 3642 pro

199 3642 391 3766 ffathPro
410 3641 538 3713 audiam
555 3658 630 3693 unus
648 3643 698 3695 01.
719 3641 885 3695 audioiraua.
913 3642 980 3694 Cod.
1010 3640 1084 3727 Gud.
1104 3644 1130 3696 1.
1155 3642 1246 3710 poerit
1270 3640 1359 3695 iatri-

260 3752 266 3764 .
341 3728 365 3763 r.
534 3730 537 3735 ·

224 3729 257 3781 g,
272 3783 395 3836 animum
417 3790 444 3837 et
467 3783 563 3837 cidere
585 3788 611 3836 et
635 3781 746 3849 audire]
784 3782 934 3848 „Videtur
957 3783 1116 3855 respexisse
1142 3784 1177 3836 ad
1205 3784 1357 3835 Menandri

200 3855 382 3920 sententiam,
403 3872 474 3925 quae
493 3856 714 3907 circumfertur:
734 3859 800 3925 νοῦς
818 3856 872 3923 ὁρᾷ
889 3856 935 3906 καὶ
952 3861 1018 3914 νοῦς
1036 3852 1161 3908 ἀκούει.“
1183 3854 1315 3909 Uret'ttat.

271 3926 400 3979 Animam
427 3931 453 3978 et
474 3924 570 3979 cidere
596 3931 623 3977 et
655 3924 768 3991 audire]
812 3925 1009 3978 Theodorctus
1040 3926 1164 3996 Thersp.
1194 3928 1216 3978 1.
1250 3944 1279 3995 p.
1313 3928 1356 3979 15.

201 3998 279 4050 Κατὰ
296 3998 352 4065 γὰρ
370 3997 404 4063 dr}
422 3997 472 4048 τὸν
488 3998 671 4067 Ἐπίχαρμον,
690 3998 740 4049 τὸν
756 3997 946 4066 Πυθαγόρειον
963 3996 1044 4065 λέγω,

305 4071 382 4127 Νοῦς
399 4070 451 4139 ὁρῇ
468 4071 515 4119 aei
532 4068 597 4128 νοῦς
614 4065 716 4121 ἀκούει·
733 4062 816 4120 τᾶλλα
834 4069 918 4137 κωφὰ
937 4069 986 4119 καὶ
1002 4069 1101 4139 τυφλά,
1270 4110 1273 4117 .

201 4146 234 4192 ut
251 4140 360 4191 frustra
376 4140 415 4190 sit
433 4138 565 4201 Ursinus,
582 4138 661 4190 huuc
678 4137 834 4191 Menandro
859 4155 977 4190 vorsum
1003 4139 1141 4192 tribuens.
1179 4138 1261 4191 Idem
1279 4144 1357 4206 patet

200 4208 574 4273 mutuaenutuae.
598 4210 663 4273 xll,
687 4211 749 4264 tto.
778 4217 808 4261 et
828 4208 864 4261 ad
889 4209 1090 4279 Lycophronis
1114 4228 1154 4261 vs.
1178 4213 1220 4262 11.
1247 4216 1282 4260 ut
1309 4224 1359 4260 eos

201 4288 388 4353 praeteream,
408 4294 479 4349 quos
496 4280 650 4332 laudarunt
667 4281 737 4333 lntt.
755 4280 790 4331 ad
807 4280 965 4333 Clementis
983 4280 1173 4333 Alexandrini
1191 4278 1299 4331 Strom.
1317 4279 1357 4331 ll.

200 4370 265 4428 pag.
284 4354 346 4407 tta.
365 4350 451 4404 Cour.
471 4350 679 4403 Rittorshusius
695 4350 958 4421 adl’orphyriirit.
970 4352 1054 4422 Pyth.
1074 4355 1158 4407 nto
1178 4350 1297 4418 aliique.
1319 4351 1357 4402 D.

196 4466 198 4471 .
272 4422 395 4477 naimaaa
412 4426 439 4475 et
457 4422 553 4476 ot'dm
570 4429 599 4475 et
615 4420 729 4488 eredita]
765 4422 849 4491 lsooia
872 4440 889 4475 a
906 4422 973 4476 Dar.
1003 4423 1125 4477 laudatis
1148 4422 1209 4475 add.
1240 4424 1357 4475 liuster.

1086 3499 1240 3553 nechabet
1259 3500 1356 3553 etium.
