2828 5070
0 559 3 573 .
15 532 35 593 6

5 615 45 668 lli.

53 281 117 351 ild
256 278 486 346 CICERONIS
507 278 756 346 Tuscum.
776 278 1021 344 DlSPllTA'l'.

55 448 125 509 Et..
177 449 243 509 'im
272 446 359 509 nihil
383 446 485 510 hebet
511 448 549 509 in
579 467 616 510 ss
641 449 762 535 glutis,
788 466 854 509 ens·
873 454 1090 526 ειμιωτς
1123 453 1223 509 um

55 530 217 593 virtue-m
245 538 410 614 tamquam
448 531 567 593 umbra
603 533 763 614 sequitur.
819 529 954 591 Verum
994 528 1225 591 multitudinis

57 716 111 770 Ed.
124 720 147 772 l.
173 715 229 770 Sed
247 715 324 770 idem
342 717 373 769 in
391 732 469 787 seqq.
489 716 648 780 intellexit,
667 713 866 767 absurdslssee
883 730 945 767 nen
956 732 1039 779 me,
1060 718 1087 768 si
1102 716 1229 787 proxime

58 789 195 863 sdinngus
217 788 417 858 sequentibus:
454 787 559 840 mertui
581 803 636 839 nois
662 792 767 839 carent.
804 786 937 849 Accedit,
970 788 1076 856 (quod
1103 789 1149 839 uit
1168 785 1231 850 0r.,)

59 859 137 931 quod
157 876 215 911 nen
242 860 328 913 facile
355 859 460 928 aliquis
487 858 624 911 librarius
650 857 823 913 sententiam
849 856 899 909 vel
924 858 1177 929 explicationem
1197 858 1233 910 its

58 947 297 1003 supervsesnesm
324 928 471 983 sdditurus
498 928 584 983 fuisse
619 929 746 982 videtur.
790 928 845 980 Pro
874 934 979 980 serent
1016 930 1088 983 solu
1119 928 1175 983 Ed.
1200 927 1232 980 ll.

2 1060 5 1067 ,
32 1055 37 1064 ,
57 1002 200 1057 carebunt.
236 1002 297 1055 Mr.

129 1070 211 1125 Nitit
226 1071 313 1124 habet
331 1068 363 1125 in
380 1087 410 1123 se
428 1068 537 1139 gloria]
574 1067 623 1124 sic
641 1067 756 1122 Belliol.
791 1068 897 1143 Vulgo,
922 1066 1010 1121 sitit
1028 1070 1066 1122 in
1086 1088 1121 1124 se
1137 1069 1235 1123 hatest

81 1142 166 1197 iuria.
212 1142 349 1197 Ordinem
373 1142 527 1195 verborum
554 1159 641 1211 quem
668 1139 829 1211 recepimus
854 1149 1012 1209 praestant
1045 1142 1148 1195 etism
1170 1142 1233 1217 lleg

101 1216 168 1269 'ens
188 1220 256 1267 tert.
281 1210 332 1267 ulii
376 1212 496 1266 eMssti.
534 1212 571 1266 D.

130 1282 194 1341 Etsi
210 1282 286 1339 enim
302 1282 334 1337 ni
360 1282 378 1335 'l
394 1280 496 1337 labet
515 1282 552 1337 in
569 1279 621 1347 se]
657 1280 763 1351 Recepi
781 1279 861 1335 iulet
879 1298 917 1334 ex
934 1279 1033 1335 Codd.
1055 1282 1162 1337 Bentl
1186 1280 1235 1335 tri-

58 1352 111 1411 tns
129 1357 198 1409 Oxx.
225 1352 299 1407 Gud.
321 1358 345 1410 l.
375 1352 401 1417 (a
419 1370 463 1426 pr.
483 1367 521 1407 m.
541 1350 654 1407 lubente
680 1350 731 1405 sed
752 1353 839 1405 litera
856 1368 876 1403 tt
902 1354 1032 1423 punctis
1059 1352 1187 1418 notata)
1210 1353 1233 1408 2

58 1426 132 1500 Aug.
163 1423 237 1479 Gud.
261 1424 347 1479 Bern.
375 1424 415 1478 Re
439 1463 444 1474 .
474 1424 589 1489 (etalii
608 1424 682 1546 apud
700 1422 890 1489 hullemann.)
915 1422 1025 1477 Duisb.
1059 1426 1143 1479 llon.
1167 1425 1233 1480 1.2

59 1497 143 1551 vind.
162 1498 188 1551 2.
209 1494 281 1549 Edd.
300 1496 335 1551 F..
355 1492 382 1547 S.
428 1513 471 1548 ev.
492 1496 539 1549 Oe.
564 1494 628 1549 Nob
648 1533 654 1545 .
674 1494 747 1547 Lull.
765 1493 838 1547 Tbn.
874 1492 971 1546 Verba
996 1494 1033 1547 s'ss
1056 1510 1093 1547 se
1120 1493 1234 1566 reposui

1 1589 3 1594 ·
112 1562 220 1619 etates
242 1582 309 1620 cnm
336 1563 438 1621 iisdem
463 1566 536 1619 Edd.
565 1566 693 1636 itemque
711 1564 857 1619 sswots.
877 1562 965 1617 Seleu„
987 1582 1030 1618 ex
1050 1565 1147 1619 cndu
1167 1566 1231 1648 lleg.

83 1656 143 1690 een.
164 1636 237 1689 lllnlt.
253 1640 277 1693 l.
297 1638 322 1692 2·
342 1636 425 1691 vind.
436 1639 461 1691 2.
483 1636 630 1691 Gud.1.t.
651 1634 694 1688 Au
717 1634 1025 1688 .Gsd.1)nisb.ltehd.
1048 1646 1085 1688 et
1104 1635 1232 1691 omnibns

58 1706 249 1765 tuittnnnmi.
286 1710 340 1763 Pto
367 1715 518 1778 expetatur
544 1706 617 1761 cue
640 1711 663 1762 l.
692 1653 766 1789 ξας.
792 1707 868 1759 Μοιι.
894 1710 919 1761 1.
949 1715 981 1759 et
1006 1725 1094 1759 unus
1114 1708 1168 1761 0¹.
1187 1722 1231 1759 es·

15 1790 19 1804 ·
55 1778 193 1853 Μαῖαν.
231 1774 314 1833 solu·
333 1776 399 1834 Cod.
420 1780 492 1855 Aug.
511 1778 609 1833 uitae
626 1776 731 1846 glorie.
768 1774 812 1828 Ad
829 1795 907 1847 seqq.
927 1776 989 1827 vid.
1010 1778 1101 1848 quod
1118 1778 1157 1831 sd
1173 1795 1231 1831 sen-

59 1852 180 1907 tentium
207 1848 237 1903 ll.
259 1848 376 1905 llustini
404 1852 487 1905 Vnst.
511 1850 604 1903 Lectt.
634 1848 740 1914 (Utrai.
768 1849 862 1912 1755.)
888 1866 917 1917 P·
937 1848 1003 1903 252
1037 1850 1100 1918 qui
1118 1850 1229 1903 confert

59 1924 139 1979 l'intl.
162 1920 245 1993 l’yth.
268 1926 290 1979 l.
311 1938 400 1993 prope
419 1923 469 1975 ssn.
489 1922 713 1990 ὀπισθόμρροτον
731 1920 846 1989 αὔχημα
864 1916 953 1975 δόξαι.
994 1919 1065 1973 Mt.

133 1991 253 2045 Tnntusn
273 1990 404 2044 uirtutem
422 1998 557 2063 tunquam
574 1991 672 2044 umbra
695 1988 834 2059 sequitur]
871 1988 1092 2059 Hieronymus.
1108 1989 1142 2042 in
1160 1989 1227 2060 Epi·

59 2060 259 2142 uptqtnuln
281 2079 345 2143 pqg.
368 2062 427 2115 175.
449 2062 480 2113 A.
517 2060 618 2143 Gleqia
643 2061 775 2114 virtutem
799 2059 879 2130 quasi
901 2060 1002 2111 umbra
1030 2061 1181 2142 sequitur,
1203 2064 1228 2113 d

60 2129 1225 2275 tt055·t'tt.‘t..‘¹tltltl‘5t‚‘llll‘ttttltttttnlttttltttffi

5 2339 13 2354 .
58 2271 94 2349 dp
114 2274 195 2326 Cous.
215 2270 307 2329 tttaltii
326 2272 471 2327 Theodori
488 2291 528 2328 vs.
550 2277 574 2329 7.
596 2283 624 2325 et
643 2281 773 2326 nostrum
791 2271 868 2323 inim
885 2270 939 2333 111,
957 2272 986 2324 2.

12 2540 15 2545 ,
59 2504 152 2557 sicque
172 2485 262 2560 inagis
285 2485 474 2537 necessarium
494 2494 545 2547 est,
573 2502 659 2554 quum
678 2482 809 2554 reliquae
838 2481 923 2534 huius

134 2344 257 2397 Tamen
284 2341 417 2396 uirtutem
436 2342 502 2409 ete]
539 2343 664 2397 Ilestitui
691 2350 782 2396 tamen
804 2357 857 2412 pro
880 2339 1035 2394 Davisiano
1061 2345 1116 2399 vel
1139 2345 1224 2399 Bent-

58 2415 153 2469 leiano
176 2419 292 2478 tantum,
322 2416 399 2487 qued
422 2414 519 2467 nullus
542 2414 670 2489 agnoscit
693 2414 778 2477 liber,
805 2429 858 2465 nec
883 2408 1009 2532 scriptus
1034 2431 1096 2467 nec
1123 2416 1222 2477 editus,

959 2497 1007 2533 oei
1032 2485 1223 2549 mutationes,

59 2574 128 2627 quas·
146 2556 226 2607 vides
245 2555 276 2606 in
294 2564 403 2607 annott.
423 2554 549 2608 Bentleii
569 2564 597 2609 et
610 2554 726 2608 Davisii.
763 2553 808 2605 Ad
824 2571 852 2605 v.
871 2552 970 2604 nnatra
988 2552 1223 2629 intelligendum

59 2645 117 2679 esse
137 2640 235 2691 corpus
256 2626 311 2675 iam
330 2625 381 2676 alii
400 2633 583 2679 monuerunt.
621 2625 701 2678 Unus
716 2626 765 2677 Ox.
784 2622 869 2676 habet
888 2622 1026 2689 tamnen,
1046 2644 1142 2695 prava
1160 2642 1224 2679 cer·

58 2695 198 2757 rectione,
218 2694 285 2763 quia
305 2694 380 2747 illud
398 2695 492 2764 ipsum
511 2695 635 2767 scriptor
645 2694 757 2749 Codicis
775 2688 914 2747 nesciret:
935 2694 1013 2763 quod
1032 2696 1115 2749 cedit
1134 2696 1222 2749 etiam

58 2763 89 2821 in
109 2764 175 2817 Cod.
195 2763 284 2818 llehd.
309 2764 361 2817 Ed.
382 2766 416 2817 ll.
454 2764 514 2819 ΜΓ.

128 2837 168 2889 Et
186 2853 281 2888 uerum
301 2867 332 2878 -
353 2853 407 2890 non
423 2853 535 2906 possum
553 2837 661 2906 tunm]
694 2837 799 2911 Vulgo,
818 2842 909 2889 tamen
928 2831 1063 2889 uirtutem
1083 2843 1222 2906 tunquam

56 2908 155 2961 neultra
173 2906 316 2974 seqniturs
340 2922 433 2960 verum
454 2925 556 2962 -non
576 2925 688 2977 possum
712 2917 808 2961 sutem
831 2915 886 2960 etc.
922 2906 982 2961 Nos
1001 2907 1222 2961 emendationes

56 2976 236 3035 Bentleinnas
254 2996 337 3033 sensu
356 2977 472 3031 iubente
491 2988 743 3048 repraesentamus.

128 3085 152 3120 c.
172 3070 216 3123 46.
259 3067 363 3121 Verum
385 3066 575 3120 multitudinis
598 3065 746 3132 iudicium]
783 3069 950 3133 „incertum
970 3076 1024 3131 est,
1047 3072 1148 3116 utrum
1166 3080 1214 3116 ue-

58 3154 121 3195 snm
139 3137 314 3191 sullectinum
332 3156 368 3191 sn
387 3138 553 3191 coniunctio
571 3139 618 3190 sit.
653 3135 803 3190 Adiective
822 3139 863 3188 sie
882 3137 1091 3189 ordinabuntur
1107 3133 1214 3187 verbs:

12 3252 15 3257 .
57 3211 194 3263 indicium
218 3200 412 3262 multitudinis
438 3209 472 3261 de
499 3207 578 3260 bonis
601 3207 649 3270 (se.
675 3207 758 3271 viris)
784 3207 941 3276 siquando
959 3213 1002 3259 est
1021 3222 1126 3259 uerum
1164 3205 1219 3259 sin

14 4450 17 4457 .
54 4406 171 4461 esbamr
187 4418 240 4474 qno
257 4401 302 4456 bis
317 4418 376 4456 esse
393 4403 549 4478 legendum
568 4403 752 4469 (Qvonono).

56 3298 152 3336 tterttnt
175 3280 340 3334 coniunctio
363 3287 492 3350 putetur,
525 3278 665 3330 iudicium
690 3276 843 3348 ἔμφατικιός
866 3278 1068 3347 accipiendum
1086 3277 1157 3339 erit,
1185 3284 1219 3327 ut

57 3361 219 3435 opponatur
235 3351 363 3403 incertae
382 3348 513 3418 opinioni
533 3356 562 3399 et
581 3348 688 3400 errori:
720 3349 776 3400 hoc
794 3349 890 3400 modo:
919 3348 1123 3400 multitudinis
1143 3347 1218 3399 indi-

57 3438 134 3473 cnnn
154 3423 172 3473 i.
189 3438 213 3473 e.
232 3437 301 3472 sess
320 3419 462 3472 sententis
480 3419 514 3470 de
533 3416 713 3480 boniensis,
732 3419 756 3470 si
775 3419 887 3488 quando
906 3427 956 3480 est,
976 3419 997 3469 i.
1009 3435 1036 3470 e.
1057 3419 1083 3470 si
1103 3418 1218 3487 quande

56 3491 214 3543 multitudo
242 3489 328 3558 (quod
346 3506 412 3541 mro
430 3490 477 3540 fit:
506 3505 626 3561 magnus
651 3488 729 3539 enim
754 3505 886 3541 errorum
905 3488 1045 3561 magistet·
1063 3497 1109 3543 est
1128 3506 1219 3559 pepu-

55 3560 113 3622 lus)
132 3561 165 3611 ‹le
186 3560 264 3610 bonis
281 3559 354 3610 visis
372 3567 451 3610 recte
469 3558 557 3610 sentit
576 3558 653 3610 etc.“
672 3559 703 3609 11
708 3560 792 3623 Wolf.
835 3560 937 3612 Verum
955 3576 1014 3610 esse
1038 3559 1220 3623 adjectivum

56 3628 234 3683 rswolnus
260 3629 290 3679 in
316 3627 421 3681 scholis
448 3637 546 3680 monet
564 3636 628 3697 post
650 3628 814 3682 Bentleium
832 3629 959 3698 itemque
977 3631 1026 3682 Or.
1047 3640 1155 3682 contr-s
1174 3648 1221 3683 re·

55 3699 254 3753 tentissimum
274 3707 302 3749 et
322 3699 513 3767 interpretem
525 3708 553 3750 et
568 3698 715 3752 editorem.
745 3699 945 3753 Multitudinis
964 3700 1045 3750 enim
1064 3700 1219 3765 indicium,

55 3772 194 3826 sinerum
212 3768 353 3840 particula
371 3778 422 3833 est,
441 3785 498 3820 non
516 3777 609 3839 potest
629 3787 686 3822 esse
704 3770 793 3836 aliud,
821 3788 907 3838 quam
930 3770 1123 3838 qualecunque
1141 3773 1221 3826 iudi-

55 3841 138 3905 sium,
159 3842 244 3894 etiem
259 3855 387 3909 prauum
406 3847 516 3892 utvere
535 3841 644 3905 sitOr„
663 3857 757 3909 neque
770 3842 855 3893 etiam
873 3850 934 3892 tum
947 3840 1033 3892 verba
1052 3841 1083 3893 ss'
1102 3844 1221 3912 quande

55 3917 97 3965 est
122 3913 190 3965 sutis
215 3920 330 3981 pessunt
358 3910 498 3983 intelligi.
536 3910 633 3964 Simili
661 3927 769 3975 errore,
796 3910 993 3962 sFaeciolsto
1021 3912 1160 3980 inducto,
1189 3916 1222 3966 in

55 3982 154 4035 Laelio
173 4000 196 4034 c.
218 3987 242 4035 7.
262 3983 372 4035 verbis:
401 3997 495 4034 versem
514 4008 547 4019 -
565 3981 684 4033 amicum
711 3983 760 4050 qui
777 3980 910 4044 intuetur,
937 3982 1069 4051 primum
1094 3985 1222 4038 vocabu·

55 4051 118 4105 luni
145 4071 161 4102 a
186 4053 287 4103 multis
311 4068 364 4119 pro
388 4052 530 4122 particula
557 4052 688 4103 habitum
706 4061 757 4116 est,
787 4051 862 4120 quod
883 4053 994 4103 monuit
1016 4053 1167 4106 Goerenz.
1189 4057 1222 4107 in

54 4121 154 4176 Jahnii
173 4120 286 4171 Anttsll.
309 4124 384 4175 1826.
405 4124 426 4173 Ι.
447 4125 472 4175 2.
492 4140 520 4191 p.
540 4122 600 4177 300.
638 4124 672 4175 ln
691 4122 756 4174 cod.
781 4121 877 4173 Duisb.
906 4123 1045 4175 scribitur
1073 4125 1223 4179 s'ttds‘ct'ttm

54 4191 250 4247 multitudinis.
287 4191 379 4243 Verba
406 4191 440 4244 de
464 4192 545 4245 bonis
567 4192 677 4246 omittit
701 4192 790 4245 Rehd.
828 4191 889 4244 Duo
909 4196 978 4247 Oxx.
1007 4194 1156 4249 omittunt
1177 4202 1223 4250 est

55 4273 119 4336 post
137 4262 312 4316 teutlandum.
334 4292 366 4303 ··-
403 4264 438 4315 ln
456 4279 535 4332 seqq.
562 4263 628 4317 Cod.
649 4262 722 4316 Gud.
741 4277 896 4329 possumus.
934 4265 968 4316 ln
985 4264 1084 4316 verbis
1105 4284 1223 4337 qnoque

54 4335 136 4389 noso
154 4352 171 4388 s
188 4332 289 4386 multis
313 4329 439 4385 librariis
464 4350 496 4387 es
515 4332 657 4387 scribendi
679 4334 773 4386 formu
789 4333 923 4456 ffioeta
942 4342 993 4396 est,
1021 4352 1078 4402 qus
1098 4338 1223 4412 signifi-

869 4404 936 4457 bent
961 4404 1056 4479 igitur
1073 4411 1223 4473 quomode
