2828 5070
521 317 652 383 utem
670 317 698 394 1,
725 317 777 388 ld.

159 479 303 561 Luge're,
323 481 381 545 ubi
401 493 481 546 esset
504 482 624 566 siliquis
644 487 679 547 in
700 484 797 546 luce'm
819 481 940 562 e'ditus,

159 564 327 629 Humrirue
347 569 433 627 vitoe
453 565 544 628 υάνὶο
566 567 751 645 reputantes
772 567 872 630 malet

158 643 218 724 At,
241 645 298 727 que'
321 648 446 711 labores
465 642 564 712 mbrte
585 649 711 732 finisset
732 669 861 732 graves,

76 811 245 866 1οεωοοὰ
266 832 331 867 cum
350 816 390 869 Re
413 857 419 867 .
440 815 562 870 buinaria
580 833 634 886 pro
652 815 794 871 bamaaae.
814 817 886 872 Edd.
915 816 996 869 dunt.
1024 815 1086 880 Asc.
1106 819 1131 873 2.
1158 819 1228 873 Ven.

75 891 167 936 nostr.
188 884 270 936 staria
288 887 373 939 vitae.
392 836 445 942 ild.
458 888 492 938 11.
509 895 752 955 repraesentantes
765 890 874 940 malam.
895 886 949 940 Pro
966 887 1022 939 tot«
1036 889 1065 939 in
1080 887 1104 941 t
1165 907 1227 944 nm.

75 953 180 1023 Eurip.
209 953 336 1008 n.x111.
364 958 413 1010 sub
437 958 551 1011 iebulue
576 957 664 1012 titulo
691 963 864 1029 Κρεσφόντης
891 959 922 1010 in
947 956 1001 1011 Ed.
1022 958 1057 1010 G.
1083 956 1142 1010 Din
1162 959 1230 1011 ordi

77 1025 188 1088 (Poetae
207 1025 321 1079 Scenici
341 1029 454 1080 Graeci.
474 1031 552 1097 Lips.
573 1029 664 1095 1830.)
684 1029 793 1105 iegitur
812 1029 907 1100 ἐχρῆν.
933 1028 997 1085 011.
1018 1028 1058 1081 ibi
1076 1038 1172 1083 annot.
1194 1028 1228 1085 Α.

76 1094 216 1148 Matthiae
234 1115 262 1165 p·
281 1100 324 1151 07.
362 1099 420 1149 Mr.

148 1166 221 1217 Nam
239 1182 289 1218 aes
308 1168 419 1220 decebat
439 1175 530 1221 coetus
554 1169 728 1233 celebrantia,
754 1171 862 1224 domum
886 1168 1005 1236 lugere]
1043 1169 1139 1245 Vulgo
1163 1176 1230 1239 post

75 1237 186 1287 demum
214 1237 288 1288 mele
317 1241 438 1305 ponitur
471 1241 686 1309 interpunctio;
722 1259 808 1310 quam
842 1241 877 1292 ob
904 1255 1017 1292 causam
1049 1240 1159 1291 fectum
1185 1245 1230 1293 est

75 1313 111 1356 ut
128 1305 163 1357 D.
184 1306 337 1359 Lambinus
363 1317 391 1362 et
410 1311 458 1362 Fr.
477 1310 628 1362 Fabricius
655 1310 783 1384 legerint
810 1317 888 1364 coetu
914 1311 1083 1364 celebrantes
1107 1310 1228 1375 domum,
1254 1335 1257 1340 ·

76 1375 199 1441 Lagare,
217 1385 270 1429 etc.
309 1377 367 1432 Nos
387 1388 481 1431 sutem
500 1398 587 1449 preve
606 1388 718 1434 tentum
738 1383 925 1435 distinctione
944 1380 1064 1444 sublate,
1082 1378 1148 1434 loeo
1167 1397 1230 1435 me·

77 1446 204 1498 dicinam
222 1450 354 1500 fecimus.
390 1450 532 1523 Virgilius
552 1452 620 1503 Aen.
641 1451 663 1511 1,
683 1455 743 1506 739.

241 1521 278 1571 Et
296 1536 345 1570 vas
363 1535 379 1573 a
397 1529 509 1573 coetum
532 1521 616 1590 Tyrii
633 1520 778 1575 celebrate
794 1522 959 1588 trequentes.

75 1589 132 1640 Ubi
151 1599 265 1643 coetum
285 1590 442 1642 coarticium
460 1593 671 1661 interpretetur
688 1588 814 1646 Servius.
852 1591 891 1642 At
908 1590 1064 1644 concivium
1084 1592 1229 1646 celebrare

75 1660 154 1712 dixit
173 1663 258 1714 etism
277 1660 396 1714 Tacitus
412 1661 515 1714 Annel.
535 1662 583 1726 10,
603 1665 646 1717 59.
666 1663 724 1722 XV,
743 1665 786 1718 60.
824 1661 886 1714 Hoc
905 1670 1002 1717 temen
1028 1664 1059 1716 in
1077 1661 1143 1715 loco
1167 1678 1229 1716 aaa·

75 1738 186 1782 ventam
210 1733 342 1784 denotari
365 1740 447 1801 puto,
478 1748 535 1801 quo
563 1749 649 1785 sensu
672 1734 805 1798 σύλλογον
829 1733 933 1785 ποιέειν
963 1733 1040 1786 dixit
1064 1733 1228 1787 Herodotus

75 1802 143 1864 011,
162 1806 189 1856 8.
209 1802 289 1865 0111,
309 1805 352 1857 83.
390 1801 499 1854 Graece
524 1803 606 1855 nobis
634 1810 786 1855 servarunt
810 1802 943 1855 Clemens
968 1803 1076 1857 Strom.
1102 1802 1153 1857 lib.
1174 1803 1228 1857 lli.

74 1889 104 1940 p.
125 1876 185 1926 517.
223 1871 419 1926 Theodoretus
437 1871 562 1941 Therep.
582 1873 615 1925 V.
657 1891 701 1948 eg.
723 1875 765 1928 71.
785 1872 894 1942 eliique
912 1873 1010 1936 inulti,
1030 1888 1154 1943 quorum
1168 1888 1229 1927 me-

75 1943 165 1993 minit
182 1942 236 1994 Th.
256 1943 417 1997 Getekerus
436 1943 556 1996 Adsere.
575 1943 628 1996 Poe
665 1961 723 1996 um.
744 1959 805 2013 csp.
825 1944 858 1996 X„
885 1942 940 1996 cob
961 1947 1026 2002 630.
1062 1942 1106 1996 Ee
1129 1943 1172 1997 sic
1197 1958 1228 2000 ee

76 2011 198 2066 habent:

236 2076 312 2137 Ἔδει
330 2087 383 2154 γὰρ
402 2082 472 2152 ημᾶς
489 2086 623 2152 σύλλογον
640 2085 822 2155 ποιουμένους

245 2158 299 2207 Τὸν
316 2164 404 2227 φύντι
422 2160 543 2227 θρηνεῖν,
562 2156 599 2218 εἰς
617 2157 660 2210 dc·
679 2159 786 2228 ἔρχεται
804 2157 890 2211 κακά·

244 2229 302 2278 Τὸν
320 2229 344 2278 d'
365 2216 400 2279 sai
419 2228 540 2280 barbara
560 2232 606 2281 eat
623 2229 719 2281 πόνων
737 2230 918 2294 πεπαυμένον

240 2301 403 2366 Χοίρονιας,
421 2296 611 2366 εὐφημοῦντας
630 2296 779 2364 ἐκπέμπειν
796 2299 902 2366 δόμων.

75 2368 168 2419 Hasce
191 2386 293 2422 versus
319 2371 349 2421 in
375 2369 471 2420 animo
502 2367 602 2420 babuit
629 2368 782 2437 Epictetus
813 2369 889 2436 apud
914 2369 1071 2423 Arrianum
1102 2369 1152 2423 lib.
1178 2369 1228 2428 10.

75 2456 136 2506 cap.
156 2440 188 2488 V.
209 2458 275 2514 peg-
295 2443 355 2494 390.
396 2440 501 2492 Τοῦτον
518 2437 723 2503 (ἀπολωλεκότα
747 2441 778 2491 rb
796 2441 951 2506 εὔγνωμον,
974 2442 1005 2494 rb
1024 2442 1133 2506 πιστόν)
1162 2455 1229 2494 ουν-

75 2511 204 2570 ελθόνιας
227 2515 346 2578 θρηνεῖν,
373 2510 411 2571 εἰς
435 2509 487 2561 dea
512 2512 581 2561 κακὰ
606 2508 750 2576 ὶληλοθεν·
776 2507 841 2578 οὐχὶ
866 2513 907 2578 μὰ
926 2513 980 2563 Δία
1007 2513 1056 2564 τὸν
1082 2521 1182 2580 φύντα,
1209 2508 1227 2579 d

75 2582 125 2630 τὸν
142 2578 330 2642 barbarossae,
350 2579 402 2630 ἀλλ’
423 2574 445 2647 ,t
466 2584 547 2643 ζῶντι
564 2587 726 2647 separabare
743 2581 825 2654 (Leg.
845 2583 1025 2650 συμβέβηκεν)
1045 2580 1177 2635 ἀπολέσαι
1193 2582 1228 2636 ed

75 2651 133 2702 idea
153 2660 206 2704 etc.
245 2650 288 2703 Ad
307 2651 420 2703 eosdem
439 2651 572 2719 respexit
590 2657 619 2702 et
637 2650 812 2719 Heliodorus
831 2650 963 2721 Aethiop.
986 2652 1036 2705 lib.
1056 2654 1119 2707 011.
1139 2670 1226 2778 μιῆς.

74 2724 137 2777 332.
156 2725 217 2776 333.
239 2741 303 2775 nam
322 2722 413 2774 falsus
433 2728 475 2773 est
493 2720 575 2773 Joen,
595 2720 809 2783 Bourdelotius,
834 2724 988 2790 proesius
1008 2725 1146 2793 opinione
1198 2741 1230 2777 e·

75 2792 152 2843 tonis
172 2792 251 2844 locus
271 2795 297 2845 ei
316 2810 386 2862 pree
405 2791 498 2843 oculis
515 2792 582 2843 fuit.
620 2792 744 2844 Videtur
770 2799 867 2843 eutem
885 2791 1043 2861 Euripides
1068 2795 1103 2848 ed
1129 2810 1229 2848 esrum

75 2864 225 2914 nationum
245 2881 354 2915 morem
374 2862 516 2923 allusisse,
541 2878 608 2927 auae
631 2864 742 2915 natales
770 2861 907 2915 bominum
923 2865 1067 2929 flebiliter,
1094 2864 1230 2987 crepuisse

75 2948 134 2984 cam
153 2931 304 2986 bilaritate
321 2935 470 2991 celebrant,
488 2940 521 2984 ut
538 2933 579 2984 ait
596 2933 728 2987 Valerius
747 2934 889 2986 Maximus
906 2933 957 2986 lib.
977 2935 1016 2986 11.
1036 2952 1097 3004 csp.
1117 2938 1140 2986 V
1157 2973 1166 3001 ,
1183 2937 1228 2991 12.

75 3012 133 3056 ext.
171 3003 243 3057 Vide
276 3012 305 3056 et
331 3004 560 3070 Quinctilianum
592 3004 639 3057 lib.
666 3005 699 3058 0.
732 3018 793 3072 cap.
819 3004 866 3055 xt.
904 3003 947 3057 De
974 3004 1136 3059 Threcibus
1170 3004 1228 3058 boo

73 3075 171 3142 ipsum
203 3076 375 3128 facientibus
409 3083 502 3127 exstat
528 3074 654 3126 Archiae
687 3089 803 3126 carmen
828 3073 947 3126 Anthol.
980 3075 1032 3127 lib.
1051 3075 1074 3127 1.
1102 3092 1165 3143 cap.
1185 3078 1228 3133 13.

75 3143 170 3207 [Ansl.
190 3145 317 3196 Brunck.
337 3146 369 3198 Τ,
391 3145 429 3196 11.
450 3162 478 3213 p.
499 3148 558 3198 100.
579 3163 609 3197 n.
629 3143 726 3194 xm.
747 3145 816 3213 ibiq.
836 3144 960 3208 Jacobs]
980 3145 1123 3197 Zenobiae
1143 3145 1228 3198 Ceut·

73 3215 108 3273 V,
126 3217 169 3266 25.
189 3217 341 3264 ΚΑΙΣΙἈΙ
365 3211 409 3265 ἰπὶ
427 3218 593 3284 γενομένοις
612 3209 790 3281 δακρύουσιν,
818 3213 864 3266 ἐπὶ
882 3214 913 3266 δὲ
932 3209 1142 3281 ἀποθνήσκουσι
1163 3215 1229 3282 χαί·

75 3299 167 3406 poppei
186 3285 293 3405 §iiiia
313 3286 578 3407 Kgaosaaagntieg.
602 3289 768 3423 Κιιιῶιὲινιῦἶ
796 3283 850 3407 1{ilo
876 3285 1030 3410 Οιιὲεέἷυίἇ
1050 3287 1129 3420 erpiin
1147 3284 1229 3407 ΙῙέερο

75 3372 154 3406 rer
221 3371 322 3406 oeens
361 3370 429 3407 erm.
540 3373 631 3407 ,1.
705 3392 902 3408 ....
977 3372 1095 3411 ,s1s.
1181 3373 1228 3411 em

72 3425 160 3477 hebet
178 3425 212 3478 de
231 3423 347 3477 Treueis
367 3424 494 3478 eiusdem
513 3372 677 3501 tituiigpeg·
697 3427 758 3480 607.
777 3427 849 3478 Vide
869 3373 908 3479 iis
928 3425 1114 3479 Herodotum
1126 3425 1178 3478 lib.
1193 3426 1227 3480 0.

73 3515 135 3564 cap.
155 3500 180 3551 4.
203 3504 232 3548 et
252 3494 421 3548 Chorieium
441 3493 606 3564 Sophistem
625 3498 657 3548 in
677 3496 752 3549 laud.
771 3497 906 3564 Procopii
922 3495 1026 3550 Gezeei
1046 3495 1121 3560 §.ab
1162 3513 1229 3551 uem

72 3569 185 3635 primus
205 3566 339 3620 exhibuit
357 3568 407 3619 vir
432 3565 614 3618 doctissimus
639 3567 662 3622 1.
683 3567 715 3619 e
738 3567 890 3621 Fabricius
914 3566 986 3619 Bibl.
1014 3567 1116 3621 Greec.
1170 3584 1227 3623 om.

73 3637 152 3691 0111.
191 3639 265 3704 Quin
285 3646 314 3690 et
334 3637 489 3690 Essedonas
507 3638 609 3701 seuera
625 3643 772 3705 parentam
791 3637 880 3690 laetas
906 3644 934 3690 et
960 3637 1085 3702 victimis
1109 3645 1136 3691 et
1154 3641 1228 3704 testa

73 3710 147 3760 coita
166 3709 354 3772 saraitiarium
373 3709 514 3760 celebrare
532 3715 632 3760 narrat
650 3708 725 3761 Meis
743 3707 793 3758 lib.
814 3708 850 3760 11.
872 3725 933 3778 cep.
955 3713 978 3764 1.
1000 3709 1141 3776 Quoniam
1154 3722 1228 3763 vero

73 3777 195 3832 huiusce
216 3778 318 3848 populi
336 3779 371 3830 fit
390 3780 507 3844 mentio,
526 3779 652 3831 alterum
670 3777 792 3832 Zenobii
811 3778 909 3832 locum
928 3780 959 3832 in
986 3779 1087 3832 eodem
1104 3795 1229 3848 prover·

73 3849 121 3900 bio
140 3851 304 3922 corrigam:
337 3851 372 3902 Oi
388 3850 518 3911 zebeae,
537 3851 646 3919 inquit,
673 3850 734 3910 τοὺς
752 3853 841 3916 γονεῖς
869 3849 994 3903 ἐσθίουσι
1019 3852 1104 3919 χωρὶς
1123 3855 1168 3914 eris
1186 3866 1228 3903 xe·

73 3920 176 3986 φυλῆς·
195 3924 245 3986 τὴν
262 3920 293 3971 dt
312 3924 431 3990 κεφαλὴν
448 3924 592 3991 χρυσοῦσι.
629 3919 797 3996 [tegendum
815 3920 968 3987 Ἰσσηδόνες
992 3920 1040 3974 vel
1059 3920 1227 3985 Ἐσοηδόνις.

71 3991 138 4043 Non
157 3991 235 4043 enim
259 3989 382 4053 Σιδῶνες
408 3992 456 4045 sed
482 3991 614 4043 Σιδώνιοι
640 3991 779 4044 dicuntur
797 3989 912 4044 Sidonis
937 3990 1065 4046 incolae:
1098 3998 1228 4060 prseter-

72 4081 157 4131 quam
184 4061 260 4130 quod
284 4059 364 4112 hunc
387 4079 498 4116 morem
524 4061 717 4115 Essedonibue
743 4061 876 4114 tribuunt
895 4062 968 4114 Mela
986 4061 1026 4128 ii,
1046 4066 1071 4116 1.
1109 4059 1228 4115 Solinus

72 4151 134 4202 esp.
154 4134 210 4188 XX.
232 4141 260 4186 et
279 4132 443 4185 Herodotus
461 4133 512 4185 lib.
533 4133 580 4183 10.
601 4149 659 4203 cap
681 4134 725 4186 26.
764 4132 800 4184 D.
870 4186 874 4193 ,

142 4208 182 4256 At
202 4205 250 4272 qui
268 4203 378 4255 labores
396 4211 484 4257 marte
501 4203 609 4269 finisset
627 4202 740 4270 graves]
778 4202 859 4255 Unus
878 4201 929 4255 Ox.
952 4201 1026 4256 Gud.
1047 4201 1136 4256 Rebd.
1152 4200 1226 4255 Edd.

72 4276 109 4328 H.
128 4278 197 4326 Ven.
227 4282 317 4329 nostr.
339 4275 445 4339 Atque
472 4275 527 4329 lab.
546 4274 599 4327 Ed.
620 4274 648 4330 S.
675 4291 717 4326 ac
736 4273 794 4343 qui.
815 4272 884 4326 cod.
910 4272 1001 4326 Rehd.
1028 4274 1138 4338 labores
1163 4271 1229 4324 ubs'

73 4354 239 4397 saortuae
258 4352 353 4397 aearte.
376 4344 443 4398 Cod.
465 4345 552 4401 Merb.
571 4347 712 4414 fugisset:
739 4362 812 4398 unus
831 4342 882 4396 Ox.
909 4344 1004 4413 graui.
1031 4344 1104 4420 Aug.
1132 4342 1229 4408 siai·

73 4416 217 4469 virseret
236 4424 261 4471 et
279 4422 387 4484 grates.
428 4416 508 4484 Quod
531 4419 665 4488 sequitur
689 4417 780 4483 Hunc,
804 4415 884 4481 abest
901 4416 935 4471 ab
953 4413 1027 4468 Edd.
1042 4417 1077 4466 M.
1093 4417 1125 4469 1..
1143 4412 1227 4466 Boul.
