2828 5070
198 287 263 358 m
401 292 630 359 CICERONIS
651 290 898 360 TUSCULAN.
919 292 1146 357 DISPUTAT.

281 461 380 522 Hunc
400 452 484 523 duni
505 463 623 524 unicos
644 460 737 523 tatae
758 469 790 522 et
811 460 938 522 laetitio
960 458 1100 539 e'xeeqoi.

200 541 315 605 Simile
348 544 503 627 quiddam
533 556 585 606 eat
613 546 650 603 iu
682 542 916 606 Consolatione
948 542 1139 605 Crantoris:
1169 544 1218 602 ait
1251 543 1351 616 cuim,

868 667 1300 678 -—-—·---—-—--------—--
1347 668 1355 674 .

199 727 286 780 Goth.
305 730 384 781 Brut.
405 729 467 782 Car.
488 729 587 800 steph.
607 729 715 782 Sturm.
736 730 803 781 Ald.
821 727 942 782 Htt‘olt.
964 727 1042 797 Sylb.
1063 728 1111 781 Fr.
1132 728 1215 778 Febr.
1246 735 1274 778 et
1299 728 1353 777 ali-

199 808 269 868 quot
279 799 423 852 Gebhardi
434 801 519 854 Codd.
540 801 689 852 Nimirum
709 802 750 851 ita
768 808 965 857 correxerunt,
984 808 1018 849 ut
1036 800 1133 850 versui
1152 799 1350 853 subvenirent,

198 886 264 921 oum
283 870 380 935 Codd.,
400 882 432 922 ut
449 873 575 934 videtur,
595 888 692 923 omnes
710 871 830 922 babeant
850 871 898 923 vel
917 882 1009 921 ornnes
1026 870 1073 920 vel
1098 869 1196 922 omnis.
1236 869 1295 920 ur.

269 940 369 993 Omnes
387 941 493 994 etnicos
519 941 603 995 laude
626 949 654 993 et
681 940 795 993 laetitio
822 941 947 1010 exsequi]
983 941 1048 1004 „Et
1073 940 1123 990 hic
1142 947 1170 989 et
1189 940 1351 1008 superiores

196 1013 323 1133 proximi
341 1030 441 1064 versus
459 1029 557 1065 omnes
574 1013 681 1066 senarii
699 1020 767 1063 sunt
786 1013 912 1064 lambiei.
951 1011 1030 1075 Quod
1049 1011 1072 1060 si
1087 1011 1213 1082 legatur,
1233 1019 1265 1061 ut
1285 1010 1351 1077 qui-

215 1100 261 1132 run
279 1081 391 1145 volunt,
412 1084 507 1135 Hunc
524 1099 616 1136 omnes
634 1083 741 1135 uruicoa
760 1092 814 1135 etc.
852 1082 968 1152 Syllaba
987 1081 1170 1132 abiiudabitf‘
1192 1079 1222 1130 P.
1244 1081 1350 1132 Marra-

195 1152 263 1204 tius.
302 1146 472 1233 „Paiticula
495 1152 566 1205 bunc
588 1155 667 1207 deest
691 1155 722 1204 in
749 1154 854 1205 Codice
883 1153 1000 1203 Aldino:
1028 1168 1061 1201 ac
1086 1160 1166 1202 certe
1191 1152 1283 1220 posita
1307 1160 1349 1201 est

195 1224 312 1292 praeter
336 1242 497 1276 numerum.
535 1225 595 1276 Alii
626 1242 688 1277 eam
711 1225 890 1276 transierunt
915 1225 945 1274 in
972 1223 1137 1291 proximum
1163 1239 1290 1279 versum,
1316 1230 1348 1271 ut

196 1304 277 1345 sucre
294 1295 481 1364 antiquorum
500 1296 624 1347 elidatur
642 1295 689 1347 s.“
707 1295 810 1347 Comus.
831 1296 964 1363 Auoayn.
985 1309 1028 1360 ap.
1052 1291 1134 1343 teos.
1153 1308 1170 1342 o
1185 1294 1303 1347 Quereu.
1316 1323 1348 1334 -

195 1360 232 1486 ks
249 1365 316 1417 Cod.
333 1366 423 1418 nent.
444 1374 486 1419 est
504 1366 675 1418 laudare:
694 1375 723 1418 et
741 1367 784 1418 sic
800 1366 912 1419 Reiskii
936 1367 1005 1415 Ven.
1028 1368 1051 1417 l.
1072 1363 1143 1414 llled.
1167 1367 1189 1416 l.
1219 1366 1349 1432 itemque

221 1453 259 1487 sc.
282 1441 305 1488 1.
325 1437 352 1486 Ρ.
392 1438 451 1490 Mr.

194 1505 347 1650 ¹ngHunc
365 1523 460 1560 omnes
478 1507 584 1562 amicos
602 1507 698 1573 laude]
733 1508 837 1559 Versus
863 1523 920 1560 non
947 1515 1073 1558 constat:
1108 1514 1137 1557 at
1164 1505 1305 1558 constabit
1324 1507 1347 1556 si

260 1593 333 1642 runs,

359 1647 440 1701 Horae
458 1649 537 1701 omni
555 1648 661 1701 amicos
680 1648 762 1701 laude
780 1655 808 1701 et
826 1647 939 1702 laetitio
956 1647 1065 1717 exequi.

192 1715 294 1789 bivios
311 1719 346 1784 X,
365 1720 409 1775 ts.
447 1721 553 1773 Fabius
571 1722 696 1788 collegae
712 1721 796 1786 sumes
814 1722 892 1772 omni
910 1720 1019 1772 bonore
1038 1720 1221 1789 laudibusque
1238 1717 1348 1770 meritis

192 1788 323 1841 celebret.
349 1789 412 1843 ¹Sic
429 1792 507 1843 omui
524 1792 732 1859 superstitione,
753 1801 850 1844 noster
866 1792 901 1843 de
920 1793 956 1842 N.
976 1791 1009 1841 Ι).
1030 1792 1068 1854 11,
1088 1793 1131 1846 24.
1151 1790 1227 1841 ornei
1244 1790 1347 1855 froude

192 1864 222 1912 et
235 1861 359 1928 pertidia
375 1877 429 1932 pro
446 1862 546 1915 Roscio
566 1863 703 1916 Amerino
777 1900 783 1915 .
803 1866 846 1918 40.
866 1861 944 1915 omni
962 1860 1080 1922 iniuria,
1101 1861 1243 1912 Phaedrus
1260 1861 1311 1911 lib.
1323 1862 1345 1912 1.

191 1930 258 1983 rab.
279 1932 378 1983 XXXI.
399 1940 430 1985 et
446 1933 522 1985 omni
539 1933 642 2000 vigilio
662 1879 804 1986 inuidit.
824 1935 877 1987 111.
897 1932 971 1986 Prol.
992 1935 1035 1986 25.
1055 1931 1175 1983 videet
1194 1931 1347 1984 Horatium

191 2000 242 2053 lib.
263 2004 300 2054 ll.
321 2003 422 2077 Eclog.
443 2005 585 2068 v111,6t.
623 2005 659 2057 D.

262 2072 342 2124 literae
360 2073 452 2125 ouini
469 2075 585 2140 amicos]
605 2073 718 2140 „Omni
735 2073 815 2126 dedit
830 2073 898 2126 Dav.
918 2074 1000 2139 bene,
1020 2074 1107 2124 etiam
1126 2072 1214 2125 :notri
1233 2071 1347 2125 causa.“

189 2140 257 2193 nm.
294 2144 476 2214 Receperuut
495 2145 571 2197 omni
587 2155 652 2215 post
670 2147 741 2198 Ern-
761 2160 866 2201 omnes.
892 2144 940 2196 0r.
968 2145 1116 2197 annotavit
1139 2145 1226 2197 etiam
1252 2143 1347 2194 balle-

191 2229 328 2265 mauuum
357 2215 397 2266 ita
421 2215 528 2269 lerere.
566 2216 646 2282 Quod
672 2217 696 2268 si
720 2233 823 2267 verum
850 2223 901 2280 est,
936 2225 965 2268 et
988 2215 1138 2268 collationi
1165 2215 1232 2267 Cod.
1259 2214 1345 2287 Regii

192 2280 263 2335 fides
281 2285 417 2356 habenda,
438 2261 573 2338 ffrruatur
590 2287 666 2340 omui
683 2286 789 2340 Codice
806 2286 911 2361 Regio:
930 2287 966 2338 ds
984 2302 1040 2355 quo
1059 2295 1165 2350 tamen,
1186 2303 1252 2336 cum
1269 2284 1345 2337 Gud.

190 2368 305 2424 qnoque
326 2361 348 2410 1.
383 2356 484 2408 babeat
512 2358 610 2423 omnis,
638 2358 770 2411 dubitare
794 2357 877 2409 licet:
912 2357 1018 2428 Recepi
1042 2364 1139 2408 tamen
1165 2356 1251 2419 omui,
1279 2355 1345 2407 satis

210 2440 347 2489 ersiiusus,
366 2445 382 2478 a
400 2427 514 2479 Darisio
534 2438 663 2482 veterem
683 2443 810 2481 errorem
830 2428 971 2480 sublatum
991 2445 1058 2481 esse.
1096 2429 1149 2480 Pro
1173 2427 1287 2494 exsequi
1315 2428 1345 2477 in

231 2497 256 2548 d.
277 2498 359 2548 Vind.
384 2502 406 2552 l.
428 2507 470 2550 est
489 2500 578 2569 sequi.
616 2500 752 2570 Explicat
769 2498 914 2552 Fawolr.
945 2501 975 2551 in
994 2498 1100 2551 scholis
1123 2499 1271 2566 prosequi:
1297 2498 1346 2548 sed

189 2576 269 2619 recte
289 2567 377 2619 Orell.
397 2578 496 2620 monet
515 2571 630 2640 exsequi
648 2588 706 2623 esse
724 2569 844 2621 verbum
864 2572 1015 2640 proprium
1033 2570 1068 2621 da
1083 2571 1236 2638 exsequiis.
1257 2570 1345 2620 ltecte

189 2638 317 2708 explicat
339 2638 395 2689 iam
413 2639 563 2692 Turnebus
581 2642 748 2693 Adversarr.
770 2641 817 2692 lx.
841 2643 881 2694 18.
901 2659 929 2710 p.
950 2644 1015 2696 290:
1039 2643 1180 2708 „exsequi
1199 2657 1249 2709 pro
1268 2642 1346 2704 fone·

188 2719 255 2759 rore
274 2717 443 2777 usurpetur:
464 2712 539 2764 unde
558 2712 749 2779 essentiarum
766 2725 882 2772 nornen,
901 2713 977 2779 qsiod
996 2712 1063 2763 iude
1081 2721 1180 2762 natum
1199 2720 1249 2775 est,
1270 2710 1347 2781 qood

188 2778 275 2830 multi
296 2780 417 2833 cadaver
435 2782 505 2846 eius,
525 2785 576 2852 qui
595 2783 777 2840 efferebatur,
798 2780 1019 2848 sequebantur.“
1055 2783 1115 2833 Mr.

193 2866 200 2881 ¹
260 2849 363 2902 Simile
381 2851 513 2921 quiddam
532 2860 573 2904 est
591 2855 621 2906 iu
639 2851 834 2905 Consolatione
853 2850 1014 2916 Crantoris]
1052 2852 1117 2903 (lod.
1146 2852 1231 2901 ltlarb.
1258 2850 1346 2916 quod-

188 2916 269 2972 dn'm:
287 2940 361 2972 unus
379 2926 429 2974 Ox.
450 2923 580 2992 quidum:
609 2924 682 2974 alius
705 2922 735 2973 ia
753 2921 939 2973 erratione
947 2939 956 2985 ς
982 2922 1056 2972 alius
1080 2922 1176 2993 pergit
1196 2922 1346 2981 Cruturin

189 2990 261 3065 Aug.
287 2989 425 3046 hectoris:
464 2995 537 3046 Gird.
558 2995 583 3047 2.
613 2992 755 3046 centoris.
783 2993 833 3043 Ox.
859 3007 932 3040 uuus
959 3008 1025 3042 eum
1053 2993 1126 3042 Mon.
1150 2996 1171 3042 l.
1201 2993 1347 3053 oratoria,-

188 3060 277 3114 narb.
304 3064 434 3116 centoris.
473 3062 642 3117 crantorem
666 3063 769 3115 Cicero
793 3067 905 3112 secutus
934 3070 976 3113 est
1004 3061 1036 3111 in
1064 3078 1112 3110 sua
1131 3059 1346 3122 Consolatione,

207 3129 273 3184 'ain
298 3135 333 3187 ob
356 3135 472 3186 Tralliae
499 3134 579 3188 illias
603 3143 727 3187 :nonem
752 3130 931 3200 conscripsit.
968 3132 1041 3184 Erat
1066 3130 1191 3183 Crantor
1208 3128 1346 3196 Solensis,

230 3204 379 3276 ilosophus
397 3205 593 3271 Academicus,
612 3203 779 3257 Xenocratis
797 3202 965 3272 discipulus,
983 3202 1107 3254 Cratetis
1126 3210 1154 3254 et
1167 3201 1347 3253 Philemonis

187 3274 304 3340 eunicus,
325 3277 403 3328 circa
422 3277 582 3347 Olyrnpiad.
602 3277 699 3340 cxv1‚
727 3274 846 3327 Homeri
865 3282 895 3325 et
913 3274 1062 3344 Euripidis
1081 3274 1245 3325 admirator.
1274 3274 1347 3324 Erat

187 3352 283 3397 atatem
311 3346 381 3398 libri
406 3346 555 3399 Crantoris
581 3346 748 3418 inscriptio:
786 3347 849 3416 nupt
874 3346 1001 3406 πένθους.
1035 3345 1078 3397 cf.
1110 3344 1209 3395 Acadit.
1231 3345 1269 3395 ll.
1299 3347 1343 3399 44.

186 3414 269 3541 giog.
291 3418 392 3538 Iiais'rt‘.l
407 3418 453 3469 lV.
474 3420 518 3473 tt.
538 3419 587 3469 ubi
605 3419 663 3470 vid.
684 3417 823 3488 interprr.
843 3416 905 3468 add.
925 3415 1134 3489 Wytteubsch.
1154 3415 1188 3466 ad
1198 3415 1344 3466 Plutarch.

219 3488 498 3540 ..m-effuls-
537 3489 599 3540 MY-

203 3564 207 3579 ¹
245 3505 301 3606 puit
320 3557 403 3618 enim,
431 3506 599 3610 Tdrinuenm
625 3556 775 3627 quendam]
810 3557 863 3610 Ed.
888 3557 965 3609 Cain.
997 3558 1239 3609 Terrinaeum.
1273 3558 1346 3622 Quia·

187 3628 254 3676 tuor
273 3627 342 3677 Oxx.
365 3625 580 3692 Thermauereu13
611 3635 749 3680 onustes·
766 3634 907 3690 moseum:
934 3646 1007 3679 unus
1031 3636 1075 3680 ter
1099 3628 1245 3691 tuaueum,·
1273 3646 1346 3678 irrisis

190 3694 357 3761 struuntur,
384 3714 458 3749 unus
485 3716 550 3749 cuna
568 3703 643 3751 Mon.
664 3702 690 3753 2.
716 3700 802 3750 lllarb.
830 3699 900 3750 Fut.
920 3701 990 3750 Ven.
1011 3699 1069 3750 An.
1096 3709 1184 3750 nostr.
1211 3701 1238 3749 P.
1262 3698 1293 3749 A.
1313 3701 1344 3749 B.

187 3765 216 3821 S.
236 3769 270 3820 E.
291 3768 321 3819 C.
341 3768 439 3822 Herw.
460 3769 523 3820 Asc.
545 3773 569 3823 l.
589 3773 615 3824 2.
639 3770 820 3823 Termoueum
840 3787 907 3821 cum
925 3770 1085 3823 Reiskiauis
1100 3771 1169 3821 Ven.
1187 3775 1209 3823 l.
1224 3772 1250 3823 2.
1273 3771 1343 3821 bled.

189 3840 259 3893 122.
280 3840 379 3905 June,
411 3840 440 3891 in
464 3840 551 3892 Codd.
571 3840 662 3894 liehd.
681 3841 777 3892 Duisb.
797 3841 849 3893 Ed.
871 3841 905 3891 ll.
934 3850 976 3893 est
997 3838 1193 3902 Termuucuus:
1220 3842 1251 3891 iu
1271 3841 1343 3913 Aug.

188 3907 343 3975 tirannum:
376 3910 407 3962 in
433 3912 506 3964 Gud.
529 3916 552 3966 l.
579 3914 653 3965 lllon.
675 3916 700 3967 1.
721 3911 910 3974 terinaneum,-
940 3913 972 3964 in
991 3912 1067 3964 Gnd.
1085 3915 1111 3966 2.
1140 3910 1345 3965 tiesiroueuru:

187 3992 273 4100 Sapra
291 3981 344 4031 lin.
365 3991 398 4032 ut
417 3983 491 4035 Gud.
514 3987 555 4047 l.;
575 3985 658 4036 Vind.
682 3988 705 4038 l.
727 3989 949 4036 conterraneum:
979 3983 1027 4033 ubi
1046 3982 1127 4035 vides
1146 4004 1160 4034 a
1180 3991 1345 4083 correctore

188 4053 1346 4195 stttttss¹¹t0tf⁰ut⁰ttltf’l'ttlsitifini?”attigitilttl:

188 4184 265 4252 dum,
286 4207 342 4242 nou
364 4190 558 4259 Terurnnenm,
576 4205 609 4248 nt
628 4197 717 4270 vulgo
736 4194 842 4259 editur,
864 4196 913 4248 sed
934 4198 1101 4249 Terinaeum
1122 4195 1345 4251 rescribendum,

187 4276 203 4314 a
224 4261 340 4326 Terina,
361 4262 478 4317 Siciliae
498 4267 577 4332 urbe,
598 4268 677 4319 cuius
697 4276 725 4319 et
746 4266 907 4336 Stephanus
925 4267 1081 4336 Byzantius
1101 4267 1241 4318 itaerrsiuit.
1262 4267 1346 4317 Curn-

186 4333 325 4404 prubutur
352 4333 382 4385 id
406 4336 554 4389 Plutarchi
581 4339 761 4402 arroteritate,
799 4338 850 4405 qui
878 4347 906 4389 et
935 4337 996 4408 ipse
1026 4338 1056 4389 in
1084 4338 1284 4389 Consolatione
1312 4339 1345 4389 ad

187 4403 390 4474 Apollonium:
423 4401 491 4461 eiras
515 4409 567 4476 μὲν
592 4411 644 4479 γὰρ
670 4406 753 4462 αὐτὸν
773 4410 894 4463 ’uterino
918 4410 1020 4478 πατρὸς
1050 4413 1191 4480 Τεριναίου
1217 4410 1272 4463 suiv
1289 4405 1345 4463 inei
