2828 5070
159 288 230 343 Vlll
607 288 861 356 PRAEFATIO.

157 453 328 517 absolvam
360 474 444 537 quae
457 457 643 547 proposui,
676 456 840 541 siqnidem
866 461 937 520 scio
964 479 1045 539 esse,
1075 463 1134 543 qui
1155 482 1176 525 a
1202 482 1255 526 me
1284 463 1319 526 id

158 540 309 601 muneris
331 549 520 623 exspectent
542 538 690 622 adeoque
711 544 870 628 flagitent.

242 622 354 684 Unum
379 632 493 701 restat,
526 620 567 685 de
593 643 660 705 quo
686 643 822 687 monere
852 630 1074 690 necessarium
1102 628 1250 708 videtur,
1277 650 1320 691 ne

155 707 307 853 ἧψε
329 706 471 767 meliora
491 708 562 769 sive
584 709 739 794 ignorare
749 711 820 771 sive
841 719 921 771 nota
940 713 1126 810 neglexisse
1138 716 1316 775 existimet.

241 814 253 850 l

255 809 273 850 e
294 793 384 850 enim
405 790 569 873 plerique,
598 794 656 872 qui
678 793 713 850 in
726 789 897 854 Ciceronis
918 793 1015 855 libris
1036 794 1172 857 edendis
1184 816 1319 859 versan-

158 881 228 954 tnr,
250 872 317 934 alia
337 874 446 956 plane,
470 893 569 956 qnam
590 885 758 953 consueta,
780 895 901 939 voctun
912 877 1163 940 scribendarum
1175 883 1317 957 ratione,

156 946 397 1043 ὄρθογραφίαν
418 955 543 1033 dicunt,
566 967 719 1034 utuntur,
750 969 788 1020 ut
808 979 827 1019 a
848 979 923 1020 rece
948 970 982 1021 ta
1006 962 1198 1048 longissime
1225 983 1319 1024 rece·

158 1037 274 1117 dente,
308 1042 355 1101 ita
387 1042 476 1102 inter
507 1059 542 1101 se
573 1038 750 1102 admodum
781 1040 889 1102 adhuc
921 982 1139 1129 discrepante.
1193 1045 1317 1107 Videte

158 1121 270 1200 modo,
293 1133 331 1184 nt
351 1123 414 1184 hoc
436 1132 524 1200 utar,
547 1120 583 1184 C.
604 1123 715 1185 Beieri
737 1122 899 1186 editiones
921 1129 1058 1189 minime
1078 1129 1144 1189 sibi
1166 1140 1317 1191 constan-

158 1216 219 1284 tes,
241 1208 450 1288 aliorumque
472 1204 682 1288 quorundam
702 1210 918 1290 scriptionem
939 1212 987 1272 ita
1014 1220 1249 1296 comparatam,
1280 1221 1319 1273 nt

157 1288 368 1353 diversarum
389 1299 536 1352 aetatum
557 1293 685 1371 quasis
710 1292 851 1352 eoimina
873 1312 929 1353 eos
951 1293 1120 1370 exhibere,
1149 1305 1183 1356 et
1204 1315 1317 1356 omnes

157 1377 360 1457 permiscere
381 1374 526 1435 voluisse
548 1371 671 1435 credas.
687 1311 786 1435 iuthi
797 1372 932 1456 quidem
953 1379 1101 1459 primum
1113 1377 1177 1439 hoc
1188 1388 1319 1438 certum

156 1455 305 1532 videtur,
328 1455 475 1519 nondum
496 1475 566 1516 esse
587 1466 754 1539 repertam
775 1458 872 1539 plano
898 1468 932 1520 et
957 1461 993 1518 in
1014 1461 1154 1546 singulis
1180 1461 1320 1520 roribus

156 1538 200 1601 ad
221 1538 388 1622 liquidnm
432 1536 603 1600 erductam
625 1558 698 1600 eam
722 1543 900 1618 rationem,
922 1561 987 1622 qua
1007 1562 1086 1603 usus
1107 1553 1157 1605 est
1178 1542 1316 1605 Cicero:

156 1621 277 1687 deinde
289 1626 398 1767 ipsum
408 1562 607 1684 1dicerenem
621 1641 688 1683 non
701 1642 832 1707 semper
846 1633 881 1685 et
894 1626 929 1684 in
942 1625 1095 1687 omnibus
1105 1645 1173 1687 nno
1185 1624 1320 1687 eodem-

156 1727 221 1789 que
243 1727 297 1766 mo
322 1726 342 1767 o
364 1726 434 1767 esse
455 1725 562 1781 usum,
584 1726 646 1767 nec
666 1725 706 1767 eo
721 1726 851 1790 semper
863 1709 1049 1770 rectissimo
1063 1711 1317 1790 verissimoque,

157 1792 253 1851 cuins
276 1791 328 1852 rei
350 1789 502 1872 exempla
522 1789 703 1850 scientibus
735 1788 877 1873 prodere
902 1789 1059 1874 putidum
1079 1795 1138 1854 sit:
1174 1791 1317 1873 deniqne

155 1875 186 1935 si
206 1874 262 1935 vel
285 1877 428 1934 maxime
450 1874 623 1958 cognitum
649 1872 845 1935 haberemus
873 1894 983 1952 usum,
1010 1877 1069 1957 qui
1098 1877 1133 1935 in
1159 1877 1316 1959 plurimis

156 1957 328 2019 vocabulis
350 1957 412 2019 illa
432 1965 539 2019 aetate
560 1955 776 2040 probabatur,
798 1954 876 2020 vide
890 1977 943 2035 ne,
966 1954 1045 2020 dum
1066 1959 1208 2041 reliqua,
1231 1977 1316 2040 qnae

157 2041 298 2103 obscura
319 2050 463 2118 manent,
486 2050 643 2101 consueto
664 2040 789 2101 scribas
810 2060 916 2118 more,
944 2043 1095 2103 confusio
1122 2043 1316 2126 scriptionis

155 2126 303 2199 exsistat,
330 2144 428 2205 qnam
449 2143 516 2184 non
537 2144 570 2183 m
617 2126 642 2183 's
674 2143 768 2185 suam
789 2121 917 2185 diceret
938 2122 1070 2201 Cicero,
1104 2133 1203 2205 atque
1230 2144 1315 2197 eam,

158 2227 257 2289 quam
271 2227 359 2268 nnnc
373 2206 554 2291 reprobare
568 2143 732 2268 igbemnr.
777 2206 830 2268 Ne
847 2226 929 2268 vero
951 2211 1026 2289 quis
1046 2227 1153 2268 meam
1175 2210 1222 2270 ita
1243 2226 1317 2267 sen-

156 2292 296 2353 tentiam
329 2287 537 2372 detorqueat,
569 2293 663 2372 quasi
684 2290 740 2352 vel
772 2292 904 2370 inanem
936 2310 1073 2374 operam
1094 2292 1174 2375 poni
1207 2288 1317 2352 dicam

156 2384 254 2457 atque
276 2373 431 2435 inutilem
452 2376 487 2434 in
509 2371 708 2454 inquirenda
728 2392 809 2435 vera
822 2376 980 2455 cuiusque
995 2377 1112 2436 aetatis
1121 2376 1316 2457 scriptione,

156 2460 254 2519 cuins
276 2458 459 2519 utilitatem
480 2459 516 2518 in
539 2459 657 2517 critica
679 2455 861 2518 factitanda
886 2477 983 2518 nemo
1005 2476 1059 2518 me
1085 2458 1189 2543 magis
1215 2478 1234 2516 a
1281 2477 1318 2516 o-

155 2542 231 2618 scit,
253 2541 310 2602 rel
324 2561 379 2602 eos
391 2537 643 2683 reprehendam,
665 2542 735 2620 qni,
758 2540 918 2621 quaesibi
935 2559 1016 2602 vera
1027 2543 1190 2623 reperisse
1200 2478 1317 2600 vidin-

154 2634 223 2700 tur,
246 2621 289 2683 ad
309 2644 407 2684 usum
442 2627 606 2684 iterarnm
627 2632 833 2701 convertere,
867 2641 966 2705 qnam
998 2624 1132 2685 silentio
1164 2641 1317 2706 premere

155 2707 295 2768 malunt.
341 2705 379 2766 ld
401 2705 500 2767 modo
517 2726 612 2792 rogo,
636 2716 674 2767 nt
695 2726 801 2767 meam
823 2726 876 2766 me
897 2709 1094 2768 sententiam
1118 2708 1212 2787 sequi
1233 2704 1318 2766 mihi

156 2791 268 2867 liceat,
338 2810 376 2851 ae
397 2791 463 2851 init
479 2792 634 2851 virorum
652 2809 725 2849 mea
737 2787 834 2849 lande
846 2790 944 2874 longe
955 2792 1179 2872 superiorum,
1202 2809 1317 2869 quam-

155 2893 220 2957 qne
241 2873 285 2934 ho
313 2875 343 2934 'e
364 2892 495 2956 quoque
516 2893 592 2933 snos
614 2871 735 2935 habere
761 2882 918 2955 patronos
944 2871 1032 2934 hand
1059 2869 1316 2933 contemnendos

155 2955 228 3020 vidi
249 2976 358 3040 nnper
377 2958 415 3017 in
435 2958 617 3039 scriptione
661 2955 773 3017 nblioa
795 2953 846 3032 (A.
870 2956 910 3015 L.
935 2955 975 3015 Z.
1002 2955 1092 3020 1831.
1118 2953 1195 3028 lt),
1219 2956 1314 3013 cuius

154 3041 260 3104 verba
282 3061 358 3102 cum
379 3038 444 3101 huc
466 3038 569 3101 latine
591 2976 722 3100 reddita
742 3057 901 3122 posuero,
931 3035 1104 3120 praefandi
1136 3037 1237 3097 finem
1266 3038 1315 3095 fa-

156 3126 254 3186 ciam.
279 3123 535 3206 „Palimpsestos
550 3118 650 3182 hodie
664 3122 768 3182 libros
791 3119 853 3195 (ita
868 3123 925 3182 vir
939 3121 998 3181 ille
1012 3120 1095 3180 mihi
1110 3120 1208 3202 plane
1222 3121 1318 3205 igno-

155 3207 224 3282 tus)
247 3210 559 3290 antiquissimosque
570 3203 709 3267 Codices
730 3206 992 3287 manuscriptos
1013 3213 1207 3285 sequuntur.
1252 3199 1319 3262 Sed

154 3311 263 3375 neque
285 3292 321 3351 hi
342 3294 432 3353 inter
452 3310 487 3352 se
509 3291 730 3366 consentiunt,
753 3307 825 3364 nec,
848 3289 906 3369 qni
928 3306 984 3347 eos
1005 3296 1044 3348 nt
1072 3306 1225 3347 normam
1252 3285 1318 3346 sibi

154 3385 359 3459 proponunt,
381 3376 461 3435 satis
482 3374 545 3434 sibi
561 3382 721 3434 constant.
755 3369 873 3452 Neque
894 3373 953 3452 qui
973 3370 1069 3431 nobis
1090 3379 1167 3430 sunt
1188 3366 1318 3428 codices

154 3459 384 3534 vetustissimi,
406 3474 475 3517 non
496 3454 727 3518 accedentibus
748 3454 990 3515 vetustioribus
1010 3456 1118 3532 iisqne
1147 3453 1247 3512 certis
1268 3460 1318 3511 te-

153 3543 333 3618 stimoniis,
356 3551 483 3602 certam
493 3539 589 3600 nobis
600 3533 768 3599 scribendi
778 3539 872 3640 quasi
883 3537 990 3621 legem
1002 3534 1169 3608 exhibent,
1191 3536 1315 3616 qnippe

154 3645 222 3686 non
245 3623 404 3707 descripti
427 3643 468 3684 ex
480 3625 552 3708 ipso
568 3611 970 3705 scriptorisovsoypoitpqi,
991 3617 1049 3680 sed
1061 3609 1315 3703 exdnoypdtpqi,

155 3707 245 3791 quod
265 3708 378 3770 seculo
400 3709 471 3768 sive
492 3704 636 3767 secundo
665 3706 736 3766 sive
766 3705 868 3765 tertio
896 3704 1022 3763 facturn
1050 3711 1116 3763 est:
1148 3720 1187 3761 eo
1216 3702 1317 3759 nimi-

154 3812 232 3854 rum
269 3803 431 3875 tempore,
468 3809 533 3871 qno
562 3789 711 3850 volatico
747 3784 889 3869 quodam
919 3789 1022 3846 moris
1051 3785 1180 3864 antiqui
1201 3802 1316 3844 amore

154 3879 304 3959 correpti
325 3875 476 3936 homines
497 3882 644 3936 veterem
664 3873 793 3955 priscae
815 3870 931 3931 aetatis
954 3870 1046 3951 qnasi
1068 3868 1258 3954 rubiginem
1275 3862 1316 3927 ad

153 3979 291 4022 auream
318 3967 471 4035 aetatem,
504 3959 577 4018 sine
603 3965 695 4016 certa
716 3956 846 4015 ratione
885 3962 984 4033 atque
1016 3949 1154 4027 iudicio,
1187 3952 1316 4010 referre

154 4047 253 4126 eique
275 4039 455 4104 obtrudere
477 4040 638 4102 solebant.
684 4037 795 4118 Quare
816 4037 882 4096 nisi
903 4036 1152 4096 accuratissima
1173 4030 1316 4117 diligen·

153 4129 347 4210 tissimaque
366 4126 474 4186 omnis
495 4125 570 4186 aevi
586 4122 801 4204 inquisitione
819 4120 984 4194 instituta,
1006 4118 1316 4202 grammaticorum·

153 4230 230 4295 que,
263 4213 299 4271 in
321 4211 440 4293 primis
461 4221 543 4269 vero
566 4205 798 4287 Quinctiliani,
822 4203 1021 4263 anctoritate
1049 4200 1146 4276 fulta,
1169 4198 1316 4259 collatis-

154 4314 220 4380 que
248 4291 534 4376 inscriptionibus,
566 4291 657 4350 veris
680 4286 856 4362 videlicet,
889 4281 1054 4366 lapidibus
1089 4283 1226 4363 aerique
1265 4282 1316 4340 in-

154 4378 305 4462 sculptis,
342 4397 403 4439 nec
435 4394 518 4438 vero
547 4374 641 4457 prius
671 4367 801 4432 codices
830 4387 931 4428 manu
957 4367 1077 4447 scripti
1111 4367 1146 4425 in
1174 4382 1315 4425 numero

154 4465 290 4529 testium
313 4471 485 4531 certorum
505 4464 665 4543 poterunt
684 4454 777 4539 poni,
799 4460 838 4517 ut
857 4448 899 4513 de
920 4451 1101 4535 scriptione
1112 4450 1156 4512 iis
1165 4449 1212 4511 sit
1221 4448 1316 4533 quasi
