2828 5070
195 294 259 366 692
395 289 628 362 CICERONIS
649 289 897 361 TUSCULAN.
919 289 1166 361 olseuaar.

113 504 120 516 -
197 462 330 547 sophian
349 461 513 543 dedissem,
533 460 673 526 dolorem
693 474 795 527 tmnen
833 481 904 526 erre
921 478 988 525 non
1006 481 1152 544 possen,
1175 465 1265 529 setis
1285 476 1359 528 esset

197 548 379 631 argumenti
399 548 510 611 molum
531 566 600 611 esse
619 546 768 610 dolorem.
828 548 958 612 naam
979 555 1089 609 astes:
1110 567 1224 619 menos
1243 552 1281 613 in
1298 547 1363 631 pli·

198 630 344 713 losopltio
358 633 546 712 consumpsi,
567 650 626 694 nec
642 629 731 710 ferre
748 650 896 712 possen:
917 628 1096 693 namen
1118 633 1239 714 igiter
1261 632 1363 696 dolor:

198 725 271 779 tum
292 713 495 792 Cleanthem,
544 734 624 776 uum
646 712 731 799 peda
751 723 875 778 terram
897 713 1135 796 percussisset,
1168 733 1310 779 vorsum
1330 736 1364 778 es

198 798 360 885 Epigonis
383 801 499 860 lerunt
520 736 652 877 dixisse,

197 944 356 952 ----—-—-
373 944 576 950 --..-.----
729 943 1197 952 —--——-—-——.
1211 947 1319 953 „-——

198 1005 310 1060 Nissen.
329 1003 476 1080 vulgatam
494 1001 631 1057 defendit.
670 1001 751 1070 Ouio,
769 1002 820 1069 ait,
848 1010 913 1074 apte
936 1002 1172 1080 interruptioni
1201 1005 1362 1076 respondet:

198 1082 302 1131 tantam
320 1077 351 1128 in
369 1076 503 1128 universa
521 1073 724 1129 enuntiatione
742 1090 800 1127 non
818 1083 912 1144 potest
930 1074 1057 1140 admitti,
1077 1074 1131 1129 nti
1150 1077 1295 1146 sequitur
1309 1078 1363 1146 pls·

199 1151 289 1204 timos
307 1163 404 1201 annos.
441 1147 502 1198 Hoc
522 1162 588 1198 cum
607 1147 703 1198 ferant
719 1145 814 1200 Bentl.
835 1154 865 1197 et
882 1144 965 1212 Ero,
984 1154 1083 1199 totum
1104 1145 1211 1212 etism,
1241 1149 1298 1201 etsi
1315 1163 1364 1199 non

198 1236 266 1273 ere
308 1220 345 1271 lis
363 1217 524 1270 dialecticis
542 1217 712 1286 dispositum
731 1217 779 1281 sit,
800 1215 960 1269 ferendum.
998 1215 1165 1270 Schiitzius
1193 1218 1227 1271 in
1254 1219 1364 1290 Opuscc

198 1308 227 1360 p.
247 1238 359 1359 iiiusq.
398 1289 482 1352 Bene,
502 1288 552 1352 ait,
571 1305 600 1340 se
618 1286 725 1339 habent
741 1286 867 1360 vulgata.
906 1285 998 1340 Stoici
1018 1288 1102 1340 enim
1114 1288 1273 1342 conclusio
1292 1298 1366 1342 exus

199 1362 340 1432 colloquii
360 1359 605 1413 constructionem
623 1357 664 1409 ita
682 1357 898 1411 enuntiaretur:
926 1357 995 1410 Cum
1022 1364 1137 1412 tontum
1155 1374 1267 1428 operae
1282 1359 1367 1430 phils-

198 1430 313 1502 sophiae
332 1429 468 1493 dederim,
494 1429 617 1483 dolorem
637 1435 728 1482 tamen
745 1431 822 1495 ferre
840 1444 894 1482 non
911 1429 1028 1497 possim,
1048 1432 1129 1485 satis
1146 1438 1192 1484 eet
1211 1430 1367 1499 argumenti

198 1506 303 1558 matam
329 1518 390 1555 esse
414 1500 543 1553 dolorem.
583 1499 725 1553 Plurimos
743 1506 835 1552 autem
853 1515 939 1554 onnes
956 1499 988 1552 s‘n
1004 1497 1197 1570 philosophia
1224 1503 1366 1567 comma,

198 1589 249 1627 nec
266 1575 339 1639 fem
355 1589 482 1642 possam:
508 1573 614 1624 malam
631 1578 672 1624 est
690 1570 782 1637 igitar
800 1570 891 1623 dolor.
928 1570 988 1624 lam
1006 1581 1136 1642 propter
1153 1590 1271 1626 nexum
1290 1590 1367 1645 quse·

198 1645 299 1697 ationis
319 1661 334 1698 a
353 1644 492 1698 Cleanthe
511 1642 671 1714 propositae
689 1640 853 1694 consecutio
871 1649 1037 1708 temporum
1053 1642 1239 1713 postulabat,
1258 1654 1303 1709 ut,
1319 1659 1366 1714 pro

199 1715 325 1771 dederim
344 1713 501 1785 -possim
521 1720 630 1776 -est,
663 1712 839 1765 scriberetur
866 1710 1002 1765 dedissem
1028 1743 1062 1755 -
1085 1728 1205 1782 possem
1229 1741 1267 1753 —
1290 1721 1366 1778 esen,

198 1788 312 1858 totique
330 1786 521 1857 propositioni
539 1783 750 1858 praefigeretur
768 1781 842 1850 puio.
879 1784 946 1836 Post
972 1783 1049 1837 eatis
1074 1790 1154 1838 esset
1172 1786 1367 1857 supplendum
1397 1792 1398 1797 ’

199 1856 241 1912 id.
278 1860 378 1928 ltaque
401 1856 536 1911 Cleanthi
563 1855 724 1923 quaerenti,
755 1855 896 1910 Quaenam
921 1869 986 1906 vero
1009 1853 1090 1908 ratio
1115 1861 1146 1912 ie
1171 1857 1212 1909 de
1231 1856 1367 1911 sententio

200 1930 339 1983 deduxit?
359 1937 437 1982 recte
457 1927 491 1980 ad
509 1943 637 1978 normam
656 1926 764 1978 latinae
790 1925 1012 1978 constructionis
1040 1926 1242 1995 respondebat
1260 1929 1366 1998 Diony·

199 2000 271 2052 sius:
293 2000 371 2064 Quia,
390 2016 452 2051 eum
471 2002 579 2050 tantam
596 2012 697 2064 operae
719 1994 821 2064 philos.
842 1995 991 2060 dedissem,
1019 1995 1152 2050 dolorem
1179 2005 1280 2052 tannen
1297 1999 1367 2066 {esre

199 2086 255 2123 non
271 2085 391 2136 possem,
418 2067 627 2132 satislidlesset
647 2067 810 2134 argumenti
836 2068 1017 2121 inclamasse
1045 2067 1187 2123 dobras.
1228 2068 1367 2124 Piscinas

200 2148 293 2194 notem
312 2149 367 2194 etc.
405 2140 506 2210 ltaque
526 2137 709 2212 syllogismus
728 2147 771 2192 est
789 2138 882 2190 instar
899 2137 1097 2209 hypothetici,
1125 2155 1183 2192 nec
1210 2141 1286 2195 adeo
1304 2158 1368 2213 opus
1399 2135 1402 2195 s

200 2220 274 2278 erat,
294 2220 336 2278 ut,
357 2211 433 2284 quod
450 2211 521 2263 Ern.
549 2209 676 2279 putabat,
704 2209 765 2263 aius
782 2208 941 2278 propositio
961 2208 1110 2273 (maiorem
1138 2209 1297 2265 dialectici
1323 2228 1368 2265 vo-
1399 2214 1401 2221 ⁴

200 2284 277 2350 cant)
304 2285 440 2336 universe
468 2281 677 2334 enuntiaretur.
720 2279 885 2344 Kiihnerus,
910 2281 934 2332 si
953 2280 1013 2332 Cic.
1032 2279 1172 2351 Dionysii
1191 2278 1367 2337 sententiam

200 2354 291 2426 ipsius
321 2354 417 2408 verbis
441 2353 560 2406 reddere
585 2351 732 2417 voluisset,
767 2368 832 2403 eum
858 2351 978 2404 tortasse
1005 2351 1159 2404 dicturum
1187 2353 1285 2409 fuisse
1316 2356 1364 2407 ait:

201 2427 275 2495 quia,
296 2442 379 2496 qnam
398 2453 430 2462 -
451 2423 576 2476 dederim
596 2438 701 2476 -non
716 2423 831 2492 possim,
855 2421 929 2474 sotis
955 2427 999 2474 est
1024 2424 1195 2488 argumenti
1222 2434 1283 2479 etc.
1320 2425 1368 2479 Sn-

200 2499 328 2569 spicatur
347 2496 439 2572 igitur
456 2494 610 2568 legendum
630 2510 703 2547 esse:
724 2493 805 2558 Quia,
824 2507 906 2560 quum
925 2518 957 2531 -
977 2491 1111 2558 dedisset,
1135 2520 1166 2533 -
1188 2512 1248 2550 non
1264 2502 1366 2566 posset,

201 2568 276 2623 satis
295 2574 367 2621 esset
385 2565 548 2633 argumenti
566 2573 621 2617 ete.
641 2572 673 2616 nt
692 2564 795 2618 deinde
814 2563 872 2616 Cic.
898 2564 931 2616 ab
958 2563 1088 2616 oratione
1114 2563 1240 2636 obliqua
1267 2569 1304 2621 sd
1328 2584 1367 2620 re·

201 2647 278 2694 ctam
297 2636 456 2692 transierit.
483 2637 529 2689 Or.
550 2635 674 2706 denique
701 2634 736 2687 sd
754 2633 860 2690 Wolfii
880 2633 991 2686 scholas
1015 2633 1102 2698 nihil,
1133 2635 1187 2702 sit,
1218 2655 1286 2692 esse
1310 2656 1369 2691 mn·

200 2710 336 2774 tsndnm3
356 2711 467 2762 referre
485 2707 657 2777 Dionysium
676 2703 809 2758 Cleanthi
837 2704 1065 2775 respondentem,
1092 2705 1169 2774 quid
1194 2706 1262 2778 ipae
1290 2711 1368 2781 prius

201 2780 288 2834 dees
306 2797 337 2832 re
356 2779 494 2833 senserit:
522 2778 609 2831 verba
634 2786 729 2830 autem
754 2777 872 2829 fortasse
896 2776 931 2829 ad
953 2776 1073 2830 literam
1100 2793 1163 2831 esse
1191 2781 1366 2834 translatae

201 2851 334 2907 Graecia:
356 2850 432 2920 quod
449 2865 519 2902 veru
537 2847 643 2902 scribat
662 2847 736 2901 satis
753 2854 825 2901 esset
844 2846 1006 2914 argumenti
1022 2865 1077 2918 per
1093 2846 1367 2921 breviloquentiam

202 2923 243 2977 ita
261 2922 319 2976 dici
338 2939 391 2994 pro
409 2921 552 2975 censebam
570 2918 642 2973 sotis
660 2936 719 2973 esse
737 2919 902 2987 argumenti.
940 2919 979 2972 Et
1005 2918 1036 2969 in
1053 2919 1109 2971 hoc
1130 2919 1259 2988 quidem
1279 2923 1367 2976 adhuc
1409 2966 1411 2971 .

201 2994 361 3066 acquiesco,
393 3010 566 3063 quamquam
600 3007 652 3042 nec
681 2990 755 3042 mihi
788 2991 874 3060 plane
904 2991 1042 3058 probetur
1076 2988 1204 3111 scriptio
1238 2995 1367 3075 vnlptp,

200 3067 372 3138 praesertim
392 3063 558 3117 illudentis
579 3066 660 3115 esset.
698 3061 835 3113 Ceterum
862 3077 920 3112 non
939 3057 1113 3113 concordent
1154 3060 1225 3127 ibri,
1255 3073 1292 3118 ut
1311 3082 1368 3117 exs-

202 3138 335 3191 stimabst
359 3136 494 3188 Bouhier.
523 3136 563 3187 lie
586 3171 592 3183 .
617 3131 704 3183 habet
727 3148 793 3182 cum
819 3130 892 3183 Gud.
921 3135 943 3185 l.
964 3134 989 3186 Ἄ.
1015 3146 1073 3182 uno
1100 3131 1153 3183 Ox.
1182 3133 1254 3188 Qus·
1278 3151 1368 3203 quum,

203 3209 278 3263 Gud.
300 3212 324 3263 l.
344 3225 416 3259 unus
436 3208 484 3260 01.
506 3150 584 3258 Gadi
600 3209 675 3255 tanto
694 3218 786 3269 opere,
807 3203 880 3254 lllon.
899 3204 922 3255 l.
943 3201 1034 3258 Quid
1051 3217 1113 3253 cuns
1133 3208 1239 3257 tanto
1246 3221 1368 3272 perae,

203 3280 270 3334 cod.
291 3276 364 3352 Aug.
386 3279 457 3330 item
475 3280 626 3343 tantopere.
647 3274 720 3326 Gud.
741 3275 767 3327 2.
793 3288 855 3325 cam
873 3279 963 3325 tanta
989 3288 1099 3339 opere,
1118 3272 1193 3348 Reg.
1218 3291 1285 3328 eam
1309 3284 1370 3330 ton-

202 3357 261 3407 tum
284 3365 385 3419 opere.
405 3350 486 3402 Unus
511 3348 561 3400 Ox.
586 3349 673 3398 tanta
696 3357 801 3412 opero.
828 3343 913 3395 Marb.
937 3343 1033 3396 Duisb.
1061 3359 1122 3394 cam
1152 3350 1287 3400 tantane
1306 3364 1369 3415 ope·

203 3438 292 3485 rans,
311 3420 400 3473 Rehd.
421 3434 482 3471 cam
500 3422 682 3483 tantopere
697 3411 892 3483 philosophiae
910 3429 1051 3483 operam
1068 3411 1223 3486 dedissem.
1244 3420 1323 3470 tlon.
1344 3421 1366 3472 Ι.

202 3497 229 3549 2.
250 3494 305 3545 duo
325 3491 394 3543 Oxx.
423 3491 502 3553 tem
525 3504 581 3541 non
601 3502 750 3555 possum.
775 3486 829 3539 Ed.
856 3486 925 3536 Ven.
941 3487 1039 3537 'nostr
1068 3483 1157 3537 Codd.
1180 3486 1205 3538 Α
1249 3527 1256 3538 .
1279 3488 1366 3541 lttsrb.

202 3580 276 3615 unus
296 3563 346 3614 Ox.
367 3559 440 3612 eatis
459 3566 520 3612 eet.
540 3558 610 3611 Edd.
631 3559 659 3610 P.
679 3556 706 3609 S.
726 3557 761 3609 E.
782 3557 813 3608 [a.
833 3555 906 3608 sotis
924 3572 1022 3618 esse,
1046 3571 1114 3607 cnm
1136 3573 1201 3610 uno
1242 3575 1312 3611 son.
1334 3561 1368 3612 ln

203 3637 279 3693 Mon.
301 3635 326 3686 l.
352 3639 393 3681 est
421 3632 494 3683 eatis
520 3629 621 3682 etiam
645 3625 814 3697 argumenti.
843 3627 938 3679 Dilisb.
961 3626 1102 3694 plurimos
1130 3640 1233 3693 omos,
1261 3630 1367 3683 omissa

204 3712 307 3760 antem.
326 3703 396 3777 lieg.
416 3701 560 3766 nec-[erre
575 3715 691 3767 possum
707 3699 818 3751 malum.
858 3697 908 3749 liet
926 3696 1020 3764 igitar
1043 3696 1135 3751 dolor.
1175 3700 1240 3753 Mn.

275 3810 356 3866 quant
376 3792 447 3860 pede
472 3798 576 3844 terrum
595 3787 793 3857 percussisset]
831 3786 898 3839 (lod.
925 3786 998 3840 Gud.
1020 3790 1044 3841 1.
1067 3787 1152 3840 liene.
1183 3788 1254 3844 Cod
1274 3789 1364 3844 naha

204 3873 312 3922 terram
330 3865 409 3934 pede.
430 3863 517 3916 llllarb.
534 3859 728 3929 percusisset.
748 3858 834 3912 Codd.
864 3860 937 3911 lllon.
960 3861 984 3913 1.
1004 3859 1030 3913 2.
1059 3867 1189 3927 quatuor
1214 3862 1286 3916 011.
1306 3859 1363 3913 Pal.

225 3956 249 3990 r.
270 3953 303 3991 ex
321 3935 485 4006 Epigoniie3
515 3939 639 4003 quatuor
664 3930 775 3999 reliqui
800 3929 868 3982 Poll.
893 3928 966 3981 Gud.
989 3933 1012 3983 1.
1032 3930 1058 3983 2.
1079 3927 1153 4004 Aug.
1181 3931 1268 3984 Febr.
1288 3931 1361 3984 Pieli.

230 4018 268 4061 at.
293 4010 380 4062 Msrb.
409 4004 577 4075 Epigoneis‚
610 4019 683 4053 unns
708 4001 758 4053 Ox.
785 3998 947 4068 Epigonies.
991 3999 1034 4052 Da
1056 3999 1113 4052 Ei
1155 4001 1213 4063 nis,
1243 4018 1360 4076 quoram

205 4095 310 4133 nomen
328 4079 446 4151 gerebat
463 4073 601 4145 Aeschyli
620 4073 726 4138 fabula,
744 4072 801 4124 vid.
823 4070 931 4145 Hygin.
950 4070 1018 4122 Fsh.
1038 4071 1087 4122 LX
1130 4109 1137 4122 .
1175 4073 1242 4128 Mr,

275 4167 319 4221 lix
338 4166 488 4236 Epigonis]
524 4167 596 4219 Erat
614 4161 750 4233 Aeschyli
770 4160 937 4234 Tragoedia,
963 4176 1046 4243 quam
1073 4159 1173 4214 laudat
1192 4161 1363 4219 scholiastes

205 4239 321 4296 Pindari
339 4237 373 4290 ad
391 4237 491 4290 lethus.
512 4238 560 4301 Vl,
582 4238 624 4291 lo.
644 4249 764 4302 eamque
781 4232 899 4284 videtur
917 4230 1013 4283 Attius
1031 4231 1062 4283 in
1080 4230 1123 4283 lin
1166 4250 1216 4286 sm
1234 4235 1362 4290 utinam

204 4313 335 4365 vertisse.
373 4307 445 4360 Vide
464 4309 592 4361 Nonium
610 4323 676 4359 cum
694 4303 772 4369 alibi,
792 4311 854 4355 tum
874 4303 905 4354 in
923 4306 1055 4357 mactare.
1081 4302 1121 4355 ra
1150 4296 1246 4360 nutui·
1264 4307 1296 4372 ii,
1315 4303 1362 4375 qni

204 4383 355 4454 Euripidis
379 4379 475 4432 drama
501 4380 589 4432 fuisse
616 4383 796 4432 censuerunt.
830 4373 1009 4442 meroaldus,
1045 4375 1193 4430 Manutius
1221 4393 1310 4451 nepos
1335 4381 1363 4429 et

206 4454 291 4508 Laod.
316 4449 483 4522 allusion-J
521 4449 556 4504 D.
