2828 5070
207 331 271 396 21⁴
416 323 648 392 CICERONIS
668 320 915 390 wscotnrt.
943 321 1173 388 DISPUTAT.

169 490 330 565 timedio,
357 489 559 556 rideremus.
600 489 742 554 Prorsus
769 487 851 552 haec
879 486 994 552 divine
1021 486 1105 550 mihi
1132 485 1274 551 ridetur
1299 488 1360 568 ris,

208 593 293 658 quae
314 582 365 636 tot
385 592 439 636 res
461 575 585 636 efficiat
610 582 645 635 et
667 581 783 636 tsntns
825 571 914 636 Quid
935 579 986 634 est
1013 573 1102 634 enim
1123 572 1289 633 memorie
1310 588 1360 633 re·

210 675 287 719 rum
308 665 342 718 et
362 655 568 719 verborum?
600 654 681 738 quid
701 672 806 737 porro
829 652 1000 716 inventio?
1040 655 1198 716 Profecto
1217 651 1267 732 id,
1297 671 1360 735 qno

209 739 327 800 necin
348 736 411 800 deo
431 740 606 821 quicquam
626 739 735 798 maius
752 736 897 822 intelligi
918 742 1038 819 potest.
1082 733 1159 796 Non
1181 738 1273 797 enirn
1294 752 1360 797 m·

210 821 324 882 brosia
345 819 424 882 deos
444 829 503 882 eut
523 827 671 897 nectere,
702 827 762 881 aut
790 819 962 881 luveutete
993 818 1113 900 pocula
1137 817 1359 894 ministrante,

208 942 397 1072 ,bogerium
414 989 510 1059 potius
529 987 644 1056 dmiit,
671 995 704 1038 ut
729 987 835 1040 habent
853 985 987 1040 nonnulli
1010 985 1079 1038 libri
1097 959 1243 1040 veteres“
1266 985 1358 1040 unt.

209 1058 350 1123 „Quidam
367 1061 419 1112 alii
437 1059 554 1126 depulit,
587 1068 615 1111 et
639 1059 679 1110 ita
697 1058 793 1110 Lamb.
812 1059 863 1110 alii
882 1056 1020 1126 expulit.“
1039 1055 1118 1110 Goon
1148 1057 1214 1123 „Gi
1232 1057 1361 1110 Draken-

209 1127 307 1182 borch.
328 1131 363 1183 nd
381 1131 444 1182 Liv.
471 1132 519 1195 lli,
543 1133 587 1186 49.
607 1128 655 1184 2ss
681 1129 772 1181 Klein.
812 1129 877 1182 Cod.
903 1129 999 1181 Duisln
1023 1128 1144 1196 ‚expulit
1182 1127 1239 1182 Sed
1262 1136 1293 1181 et
1316 1142 1360 1181 et·

206 1199 281 1266 pulit
309 1209 338 1253 et
365 1200 470 1269 depulit
495 1199 654 1254 correctori
685 1199 832 1252 debentur.
870 1198 952 1252 Talia
978 1209 1091 1267 sernper
1116 1198 1182 1251 lieri
1210 1196 1306 1252 solent
1333 1199 1361 1250 in

209 1269 316 1335 verbis,
335 1288 407 1340 quae
426 1271 520 1323 minus
538 1279 603 1322 sunt
623 1270 757 1323 Ciceroni
776 1271 966 1340 frequentata.
994 1268 1153 1336 Dispellere
1173 1285 1245 1322 vero
1269 1267 1375 1322 admo-ff

211 1338 281 1391 dum
300 1341 447 1394 commode
466 1340 574 1393 dicitur
592 1340 626 1392 de
644 1339 776 1405 tenebris,
795 1349 828 1392 ut
846 1341 927 1416 Virg.
948 1339 1018 1391 Aen.
1038 1341 1071 1392 V.
1092 1342 1157 1394 8³9:
1186 1342 1257 1392 otro
1275 1337 1363 1391 dinco·

211 1409 252 1461 vit
271 1411 442 1464 tenebrosum
462 1417 488 1464 et
509 1410 665 1479 dispulit
682 1411 806 1463 camiros.
843 1410 918 1475 Quae
936 1417 1105 1478 sequuntur,
1124 1407 1307 1464 sewinus
1324 1409 1364 1461 ite

211 1477 357 1531 distinxit:
386 1486 417 1532 nt
444 1481 538 1534 onmia
562 1496 674 1550 supero,
698 1481 802 1547 infero,
824 1483 930 1548 primo,
947 1479 1055 1544 ultimo,
1082 1479 1174 1533 media
1197 1479 1362 1535 stomun.

212 1549 352 1603 Orellius:
371 1557 402 1603 nt
420 1551 514 1604 omnio
532 1567 633 1620 supera
650 1551 755 1617 iniero,
774 1553 869 1618 primo
887 1549 987 1604 ultima
1005 1550 1098 1603 media
1117 1549 1292 1604 uideremus
1322 1550 1367 1602 ni-

212 1619 321 1671 mirum
338 1629 371 1671 ut
390 1620 570 1686 cohaereant,
590 1623 735 1692 quaesibi
754 1622 880 1676 invicem
898 1630 1090 1693 opponuntur,
1117 1621 1256 1675 celeriter
1276 1637 1367 1675 suun·

214 1688 316 1743 cienda
334 1699 363 1742 et
381 1692 438 1744 rite
457 1693 664 1765 coniungendo.
702 1691 774 1745 Mihi
793 1710 862 1746 vero
880 1693 921 1744 ita
940 1691 1168 1744 commodissime
1184 1690 1368 1767 distinguen-

212 1761 248 1815 da
265 1764 324 1817 vise
343 1771 417 1833 sunt,
436 1771 470 1820 ut
483 1772 547 1839 post
566 1763 661 1818 omnin
680 1779 790 1816 coinma
808 1780 955 1834 ponerem,
975 1764 1056 1814 cuius
1075 1763 1369 1833 quasi'sequerentur

212 1832 283 1888 dune
302 1834 485 1908 ineinyrioen:
512 1852 616 1908 supero
633 1835 739 1901 infero,
768 1843 795 1888 et
811 1834 905 1903 primo
924 1833 1024 1886 ultimo
1047 1833 1153 1885 media.
1189 1832 1234 1885 Ad
1250 1831 1369 1886 hodier-

212 1922 283 1958 num
300 1926 411 1962 morem
430 1912 549 1963 fortasse
567 1908 674 1978 aliquis
693 1909 736 1959 sic
754 1905 934 1960 distinxerit:
962 1910 993 1958 ut
1012 1903 1106 1958 onmia
1123 1903 1249 1974 (eripere,
1270 1902 1368 1969 infera

212 2006 247 2019 —-
262 1979 368 2045 prime,
387 1979 497 2045 ultima,
514 1977 620 2045 media)
638 1977 802 2030 videremus.
823 1979 905 2032 Coni.
926 1977 1035 2030 similes
1051 1975 1141 2029 locos:
1163 1976 1239 2029 Orat.
1259 1978 1305 2039 22,
1316 1975 1367 2033 ts:

212 2049 600 2183 tlt'ttztltl'tmt‘
623 2047 808 2189 {titiis
832 2045 1197 2171 ‘iiiitimiinffl‘mii
1215 2045 1371 2173 ttitt

310 2159 315 2171 ·
424 2156 431 2172 ·
499 2159 505 2171 ·
544 2160 549 2172 ·
589 2159 596 2171 ·
806 2155 815 2185 r
1116 2154 1143 2182 s.

212 2189 294 2244 nsitti
318 2187 447 2244 reiciam.
486 2189 521 2245 In
546 2189 612 2244 cod.
639 2188 712 2243 Gnd.
742 2196 784 2242 est
815 2189 920 2258 primo,
947 2189 1048 2254 media,
1073 2187 1183 2241 ultime.
1226 2189 1370 2243 Nostrum

213 2259 344 2315 ordinem
363 2268 478 2316 servant
494 2259 565 2316 libri
584 2278 680 2314 omnes
698 2258 818 2330 reliqui,
837 2267 865 2314 et
884 2260 986 2332 scripti
1004 2266 1032 2313 et
1047 2260 1131 2314 editi:
1152 2277 1241 2329 quaro
1258 2262 1370 2330 nescio,

214 2347 268 2385 cur
279 2332 410 2386 Reiskius
425 2342 458 2386 et
475 2333 551 2386 undo
569 2331 695 2386 dederit:
712 2332 815 2400 primo,
835 2330 939 2395 medio,
959 2333 1062 2385 omisso
1080 2331 1189 2396 ultima,
1208 2340 1238 2383 et
1255 2349 1293 2385 ex
1310 2335 1370 2386 suis

212 2398 285 2457 Edd.
303 2413 385 2471 vett,
406 2403 487 2475 quasi
505 2403 691 2478 singularem,
713 2419 775 2456 eam
793 2400 951 2455 lectionem
967 2403 1137 2468 enotarerit,
1154 2419 1243 2472 quein
1258 2401 1370 2466 hebent

213 2473 249 2528 ed
266 2493 352 2527 unam
371 2491 476 2528 omnes.
514 2473 574 2528 Mr.
1252 2495 1256 2501 ·

284 2542 407 2599 Proreus
424 2543 491 2598 iaec
509 2543 607 2598 divina
624 2539 694 2596 milti
711 2539 824 2596 videtur
841 2539 896 2609 vir]
916 2541 1001 2597 codd.
1019 2543 1096 2596 lilon.
1112 2544 1138 2599 2.
1157 2541 1247 2598 ilchd.
1268 2543 1370 2599 divina

215 2605 290 2667 iaec.
309 2615 393 2667 Vind.
415 2621 438 2671 1.
457 2613 527 2669 milti
544 2616 658 2668 uidetur
675 2614 772 2667 divina
790 2614 847 2668 vire
867 2614 943 2667 idem
960 2630 1040 2666 mox:
1087 2630 1138 2666 sae
1157 2620 1199 2668 tot
1218 2618 1371 2687 umorque

214 2701 263 2738 res
281 2684 392 2751 efficiat.
429 2689 462 2740 ln
481 2704 559 2756 seqq.
577 2685 649 2739 Edd.
669 2684 732 2737 Asc.
753 2686 778 2739 2.
803 2685 884 2738 Junt.
904 2684 980 2738 Cain.
1008 2683 1057 2755 qni
1094 2684 1167 2738 enim
1192 2686 1296 2739 omisso
1316 2692 1367 2742 erl.

214 2754 260 2807 Ad
270 2754 357 2808 verba
368 2757 503 2809 memoria
514 2773 609 2809 rernm
619 2753 941 2809 adnotavitBeroeldus:
955 2756 1069 2826 „qualis
1081 2765 1143 2808 erat
1157 2754 1189 2807 in
1199 2756 1339 2811 Lucullo:
1349 2759 1370 2788 “

215 2825 250 2877 ed
268 2843 295 2877 v.
315 2827 473 2879 veriorum:
492 2827 606 2897 „qualis
625 2826 656 2878 iu
675 2825 858 2879 Hortensio.“
889 2824 995 2880 Vocem
1013 2826 1147 2880 memoria
1165 2827 1277 2880 omittit
1294 2847 1370 2882 unus

216 2897 279 2962 Ox,
298 2896 371 2949 alius
388 2897 490 2979 rerlpa:
514 2898 583 2966 qnid
598 2913 685 2979 porro
703 2897 834 2950 inventio.
873 2897 943 2982 Mn..
1190 2948 1191 2951 ,

216 2964 914 3107 undessii'enileeciuincgiecii'isqiiribeiuiiiiii
921 2964 1072 3104 ninmgitii,
1087 2965 1370 3095 liiglriireeritritiirii

217 3102 302 3162 codd.
322 3105 411 3163 Meri).
431 3107 505 3164 Gud.
518 3112 542 3165 l.
555 3112 580 3165 2.
607 3108 663 3164 Sed
681 3117 759 3161 recte
777 3117 876 3162 monet
895 3109 942 3161 Or.
962 3107 1109 3161 debilitari
1126 3110 1181 3162 ista
1200 3111 1370 3166 coniectura

216 3179 279 3233 rim
297 3181 464 3234 sententiae.
499 3176 603 3251 Neque
620 3180 719 3243 etiem,
738 3197 795 3248 que
846 3196 913 3231 uem
929 3186 1054 3250 praestet
1073 3179 1121 3231 illi
1140 3182 1197 3234 scri
1219 3182 1303 3248 tioni,
1323 3200 1371 3236 re-

218 3253 355 3322 ceperim,
376 3252 452 3322 quod
468 3258 512 3304 est
530 3252 562 3304 in
579 3250 665 3303 Godd.
686 3249 747 3303 Col.
766 3249 822 3300 Vin
844 3288 850 3301 .
872 3254 896 3305 l.
916 3259 944 3303 et
962 3249 1058 3302 Duisln
1084 3267 1118 3303 ne
1136 3251 1166 3303 t'n
1185 3200 1235 3305 ‹iii›
1255 3252 1370 3324 quidem

137 3387 140 3391 ’
219 3320 1370 3462 titt?nitttt‘ttitl..titttilttdlwlttldti'i

219 3464 377 3531 quicquam:
397 3479 520 3532 quorum
539 3479 672 3516 errorum
690 3480 770 3515 causa
793 3463 945 3516 manifeste
968 3471 1018 3516 est.
1055 3463 1120 3515 Post
1138 3463 1261 3532 intelligi
1276 3465 1368 3520 ttehd.

220 3532 298 3584 oddit
319 3553 348 3603 q.
382 3535 416 3585 ln
441 3534 515 3586 Gud.
543 3542 585 3586 est
607 3536 689 3604 poles
715 3549 768 3604 pro
792 3535 892 3601 petest.
926 3528 1016 3587 Recte
1043 3543 1140 3588 monet
1164 3535 1309 3592 FAWolf.
1336 3537 1368 3590 in

186 3629 191 3637 ·
220 3602 335 3668 scholis,
362 3620 415 3674 pro
433 3599 559 3672 intelligi
576 3602 751 3658 recentiores
770 3603 896 3657 dicturos
912 3604 999 3656 'fuisse
1017 3603 1152 3671 cogitari.
1190 3606 1250 3659 Mr.

290 3671 350 3727 Non
368 3673 440 3727 enim
458 3674 600 3727 onrbrorin
618 3672 695 3728 Dece
721 3681 769 3728 eut
791 3680 913 3741 nectare,
941 3675 1085 3729 quentate
1104 3707 1136 3718 -
1155 3675 1264 3730 tortori
1287 3677 1369 3732 erbi-

218 3742 292 3812 tror]
328 3744 431 3821 Vulgo,
460 3751 508 3799 ont
532 3753 641 3799 nectere
673 3753 722 3798 sut
752 3746 913 3819 lumitate:
945 3741 994 3800 sed
1018 3745 1150 3800 voculam
1214 3750 1370 3813 nultimsm

218 3818 332 3870 rnonitu
359 3817 596 3888 praestantissimi
626 3817 752 3870 Bentleii
784 3819 975 3892 negleximus.
1025 3819 1146 3872 Praeter
1231 3828 1369 3886 entatem,

218 3888 379 3941 Vulcnnnm
403 3897 432 3941 et
450 3888 512 3941 Gan
566 3888 654 3953 edem,
680 3886 837 3941 Harmonia
861 3896 892 3942 et
910 3891 1068 3943 Mercurius
1094 3909 1111 3942 a
1128 3890 1276 3943 nonnullis
1294 3890 1371 3944 Den-

219 3971 286 4010 rum
303 3960 394 4011 habiti
412 3968 479 4012 snut
496 3954 626 4028 ονοχόοι.
662 3958 734 4011 Vide
752 3958 931 4014 Athenaeum
953 3960 1004 4013 lib.
1024 3960 1072 4014 xt.
1090 3978 1155 4035 pag.
1175 3963 1235 4016 425.
1262 3967 1290 4009 et
1309 3961 1370 4011 Lu-

218 4029 334 4081 cienum
352 4030 433 4083 Tom.
453 4031 476 4083 1.
499 4048 563 4106 pag.
583 4032 644 4096 233,
664 4031 725 4084 342.
762 4030 799 4085 D.

289 4099 352 4152 Non
377 4100 450 4153 enim
469 4101 611 4154 ambrosio
637 4100 704 4154 deor
727 4107 776 4153 ont
801 4105 923 4165 nectare,
950 4105 999 4153 out
1022 4096 1183 4166 decertate]
1220 4097 1369 4156 Scribitur

219 4168 288 4224 deus
307 4171 337 4222 in
355 4187 412 4223 nno
430 4172 481 4226 Ox.
499 4170 639 4237 Davisius,
658 4183 724 4223 mm
742 4172 775 4223 in
787 4169 855 4224 (iod.
870 4169 939 4223 Bsk.
954 4171 1111 4241 reperisset
1128 4177 1176 4223 unt
1193 4175 1224 4222 et
1242 4176 1366 4241 nectare,

218 4258 392 4314 quemquem
410 4250 472 4296 tum
491 4258 606 4367 quoqffi
621 4240 886 4317 probibetflentieii
905 4240 1109 4304 coniecturam,
1128 4240 1249 4294 rescribi
1268 4252 1366 4298 tarnen

218 4315 306 4367 etiem
323 4329 403 4384 posse
422 4314 495 4366 dixit
514 4312 544 4364 in
608 4317 666 4370 ,πε
687 4312 825 4368 ambrosia
847 4313 914 4365 deor
940 4315 972 4363 et
993 4316 1114 4376 nectare,
1146 4318 1194 4364 orit
1218 4313 1366 4369 Iuventate

218 4392 272 4438 etc.
292 4385 445 4455 laudatque
464 4382 559 4438 solsol.
579 4384 725 4457 Aristoplu
742 4384 827 4454 vesp.
847 4384 908 4439 stt.
926 4380 977 4437 nti
993 4391 1037 4436 est
1049 4382 1139 4453 Ἥρην
1157 4383 1187 4438 oi
1203 4389 1316 4438 minent
1333 4387 1366 4438 τὸ

218 4454 364 4528 tipneudon
377 4455 447 4509 'med
463 4449 512 4517 riis
530 4451 649 4525 εὐωχίας
664 4453 880 4528 npocty'ydpttor.
916 4450 971 4508 tint
991 4452 1012 4509 d
1031 4456 1143 4525 notorie
1162 4488 1194 4499 -
1213 4458 1263 4525 erle
1276 4457 1366 4524 Ἥβην
