2828 5070
191 291 254 359 w
402 289 635 357 CICERONIS
650 289 902 356 uuscuLAN.
929 291 1159 356 DISPUTAT.

192 460 307 540 tiques
327 459 363 517 in
383 458 501 538 primis
522 457 655 530 nobilis,
675 459 812 540 scripsit
833 460 932 520 etiam
953 457 1196 520 Laudationem
1216 459 1353 529 mortis,

193 559 282 624 quae*
301 549 434 602 constat
461 541 509 602 ex‘
531 542 783 611 enumeratione
810 541 1034 602 humanorum
1063 543 1260 605 malorum.'
1286 539 1353 603 Cui

194 626 340 685 rationes
373 642 450 700 eae,
489 642 572 705 quae
607 624 803 704 exquisitius
836 643 855 684 a
891 624 1096 704 philosophis
1129 624 1352 708 colliguntur,

193 748 430 761 ---.-·--—⁴—-

194 809 265 862 Edd.
286 811 362 863 Casu.
382 809 467 862 Leod.
487 809 609 864 HWolf.
630 808 698 860 Dav.
721 808 793 861 oliv.
814 810 959 864 FAWoll.
984 809 1069 862 Schz.
1092 811 1138 865 Or.
1165 811 1254 862 Nobb.
1275 811 1350 863 Tbn.

195 890 225 934 et
242 889 300 933 tres
320 881 404 933 codd.
425 882 494 933 Oxx.
516 881 577 931 Vid.
599 879 745 953 Spalding.
767 879 801 931 ad
819 881 939 946 Quintil.
960 880 993 932 T.
1014 883 1036 933 l.
1056 898 1086 950 p.
1100 884 1160 935 423.
1182 898 1269 950 quem
1289 882 1353 933 lau-

194 952 243 1007 dat
261 953 309 1005 Or.
328 952 387 1004 Mr.
426 950 523 1016 „Adri
551 950 706 1002 Menander
732 950 815 1002 Rhet.
844 951 878 1003 de
896 953 1015 1003 Encom.
1036 952 1073 1003 11.
1096 956 1119 1005 1.
1139 971 1166 1021 p.
1187 956 1230 1006 61.
1269 951 1352 1004 Alei-

194 1022 295 1077 damae
322 1023 408 1074 etiam
434 1023 562 1074 correxit
589 1021 706 1074 Solanus
729 1021 763 1073 ad
787 1022 908 1073 Luciani
934 1021 1081 1074 Demosth.
1110 1023 1229 1074 Eacom.
1255 1022 1278 1087 §.
1308 1027 1350 1078 12.

193 1092 228 1147 Τ.
248 1094 296 1149 lx.
315 1113 342 1165 p.
362 1095 423 1151 alt.
444 1090 557 1146 Setaea.
598 1092 665 1144 add.
684 1091 894 1162 Wytteubach.
920 1094 954 1144 ad
972 1092 1116 1145 Plutarch.
1143 1093 1176 1145 T.
1197 1095 1234 1145 11.
1255 1113 1283 1163 p.
1305 1097 1350 1148 26.

194 1165 237 1218 ed.
257 1164 333 1235 Lips.
377 1163 513 1218 Ceterum
541 1163 573 1213 in
596 1163 652 1215 hoc
677 1163 792 1217 nomine
816 1164 873 1215 alio
898 1164 985 1215 etiam
1008 1163 1090 1215 modo
1116 1173 1265 1233 peccatum
1293 1173 1350 1216 est:

193 1253 222 1290 v.
242 1251 266 1288 c.
296 1246 355 1288 tres
376 1235 445 1288 (lxx.
473 1233 580 1286 habent
606 1248 673 1286 curn
700 1232 773 1286 Gud.
801 1234 823 1284 1.
850 1236 875 1287 2.
902 1234 970 1310 lieg.
996 1236 1069 1285 ilion.
1096 1236 1122 1287 2.
1151 1233 1350 1299 Alcltr'damne,

195 1324 267 1359 unus
287 1308 337 1360 Ox.
357 1304 562 1368 Alebidetnnar,
580 1302 675 1356 Duisb.
696 1303 878 1368 Alcda'danae,
897 1305 950 1356 Ed.
971 1306 1005 1356 H.
1026 1302 1235 1356 Alciidornana.
1261 1307 1349 1358 blarb.

194 1373 390 1430 Aralimaclae
409 1408 441 1419 -
462 1372 564 1428 rethor.
600 1374 772 1428 Bouhierius
801 1375 920 1441 ‚,Hunc‚
952 1376 1002 1440 ait,
1030 1375 1177 1427 rhetorem
1207 1377 1288 1428 Plato
1319 1378 1350 1427 in

194 1446 333 1571 I'uhpedtapt
335 1449 381 1569 Lim
384 1448 557 1568 ldlssirgrllr
564 1445 737 1570 “appqlrlabat
747 1446 933 1509 Palamedem,
953 1446 1037 1516 quod,
1056 1454 1089 1497 ut
1109 1446 1170 1510 ille,
1190 1446 1221 1496 in
1239 1454 1351 1498 utram-

194 1533 215 1588 q
264 1535 434 1641 illcidamae
457 1586 565 1656 quidem
585 1620 615 1629 -
637 1586 754 1654 scripsit
780 1588 866 1641 eliam
891 1586 1081 1640 laudationem
1104 1585 1216 1651 mortis]
1254 1587 1350 1662 Vulgo

194 1656 359 1711 Alcidamas
377 1658 501 1728 quidam.
530 1657 638 1711 Eliens.
665 1676 721 1712 sec.
745 1659 939 1712 Alcidamoua.
977 1659 1144 1734 Legendum
1170 1658 1350 1725 Alcidamas,

193 1734 229 1781 ut
251 1726 340 1781 edidit
362 1729 395 1781 D.
415 1727 577 1792 Lambinus,
613 1747 698 1812 quem
721 1731 803 1798 sequi
826 1729 967 1782 'debebant
996 1730 1180 1781 recentiores.
1218 1729 1351 1782 Alteram

192 1800 437 1924 ὂῖοἰῗιηχιῖιιῐεινὴ
455 1799 498 1855 cl.
517 1800 678 1852 Bentlerus:
708 1801 789 1853 cuius
808 1800 1003 1853 coniecturam
1022 1800 1120 1852 limnat
1136 1800 1205 1875 Reg.
1227 1800 1351 1853 Tzetzes

165 1923 177 1943 ,
264 1909 270 1923 .
330 1874 419 1936 ,146

358 1940 409 2005 Ὦς
425 1937 586 2015 Ἀλκιδάμας
603 1941 725 2011 ἔγραψεν
741 1939 878 2013 irruptos
895 1943 1017 2013 dardana

221 2084 250 2100 Ι.
357 2013 392 2064 Ὅ
406 2009 526 2096 ’Elaites
544 2023 697 2096 σύγχρονος
715 2012 850 2096 ὑπάρχῳ
864 2010 1042 2097 ’inexperta’
1307 2083 1314 2096 .

191 2078 319 2137 liuruscc
337 2082 482 2148 Rhetorrs,
501 2092 616 2154 praeter
634 2082 760 2149 Suadam,
783 2084 965 2154 Dionysium·
977 2081 1231 2145 Halicarnasseum,
1260 2081 1349 2146 Qum-

192 2155 348 2278 ppp'lianum
376 2162 404 2208 et
430 2154 511 2217 alios,
529 2154 735 2285 liperqqnerpnt
758 2153 921 2276 Atthnaeus
947 2154 997 2205 lib.
1023 2152 1103 2205 Xlll.
1131 2170 1195 2228 pag.
1220 2155 1280 2208 592.
1316 2162 1347 2205 et

220 2224 247 2279 ὀ
270 2241 335 2278 enea
353 2225 485 2283 Laertius
503 2226 527 2272 V
558 2226 580 2278 1.
638 2264 643 2274 .
665 2227 677 2277 1
731 2226 774 2279 54.
843 2261 851 2276 .

210 2290 213 2295 ’
265 2296 431 2349 Alcidamas
473 2294 602 2361 uidem]
620 2296 694 2348 liene
716 2295 727 2344 i
745 2292 857 2364 quidem
875 2311 909 2346 ex
928 2294 1093 2347 coniectura
1105 2294 1242 2357 Bentleii,
1261 2311 1349 2364 quem

248 2243 268 2367 Ε,
449 2313 465 2367 i
695 2262 715 2380 ξ»

213 2365 295 2422 rabat
314 2370 401 2421 etiam
420 2365 555 2420 Obbarius
574 2367 605 2417 in
623 2366 722 2419 Jahnri
741 2366 834 2417 Anall.
854 2364 928 2417 Phil.
951 2366 1026 2419 1834.
1048 2364 1084 2416 ll.
1105 2368 1130 2418 4.
1151 2383 1179 2434 p.
1200 2368 1260 2419 415.
1280 2383 1349 2417 curn

192 2384 262 2493 bar.
282 2438 427 2493 FAWolf.
447 2437 530 2490 Schz.
551 2438 610 2501 Or,
629 2435 705 2507 quod
722 2434 827 2487 dudum
846 2435 983 2506 placebat,
1004 2441 1034 2487 et
1052 2451 1129 2485 nunc
1146 2436 1349 2487 continuatum

192 2508 277 2562 video
300 2509 385 2563 codd.
410 2509 494 2560 Bern.
521 2507 547 2572 (a
564 2524 609 2578 pr.
635 2506 686 2572 m.)
712 2505 785 2558 Gud.
808 2511 830 2561 l.
849 2508 875 2559 ²2.
904 2507 977 2580 Aug.
1001 2506 1173 2557 Bouhierius
1197 2506 1350 2559 defendere

194 2589 310 2634 conatus
335 2589 376 2632 est
401 2578 522 2649 qnidam,
546 2578 652 2641 dicens,
680 2593 712 2630 eo
738 2576 910 2650 dignitatem
934 2576 1074 2646 quandam
1099 2586 1128 2629 et
1147 2577 1351 2629 excellentiam

194 2649 362 2724 significari,
386 2650 499 2702 laudato
518 2648 665 2719 principio
682 2647 752 2699 libri
772 2647 899 2713 secundi,
931 2647 981 2699 ubi
1007 2647 1039 2697 in
1056 2647 1109 2699 Ed.
1135 2650 1350 2700 01101010οή-

193 2728 278 2790 ptum
304 2722 341 2772 sit
359 2718 552 2789 Neoptolemus
603 2719 721 2771 uidam
744 2717 804 2782 [sed
820 2718 876 2769 hoc
898 2718 960 2787 ipso
977 2718 1042 2770 loco
1060 2718 1169 2784 quidem
1192 2719 1350 2789 legendum

195 2807 230 2844 ex
249 2790 379 2842 omnibns
397 2793 459 2859 iere
477 2737 596 2855 libriszl
622 2798 651 2841 et
668 2790 706 2842 11.
727 2791 757 2845 41
784 2787 820 2840 de
839 2793 943 2840 natura
962 2789 1101 2842 excelsum
1121 2790 1295 2856 quendam
1315 2819 1348 2830 -

193 2860 304 2928 genuit:
326 2876 379 2913 uec
396 2861 479 2927 vidit,
496 2858 584 2912 huius
602 2859 660 2912 loci
677 2860 762 2931 plane
782 2859 877 2922 aliam,
918 2877 982 2910 uam
1000 2861 1101 2922 nostri,
1121 2860 1262 2910 rationem
1279 2877 1348 2912 esse.

194 2930 270 2998 Quos
293 2940 388 2983 autem
416 2950 451 2984 ex
473 2932 575 3002 poetis,
601 2939 628 2983 et
646 2930 813 3006 ‘Augustino
841 2939 871 2982 et
915 2928 1070 2982 ertulliano
1088 2929 1186 2980 attulit
1206 2930 1294 2992 locos,
1325 2931 1350 2981 ii

193 3002 289 3055 minus
308 3005 394 3055 etiam
412 3002 469 3053 huc
489 3002 607 3055 faciunt.
644 3001 706 3053 Nec
725 3000 828 3052 melius
847 3001 930 3052 cessit
954 2999 1080 3051 defensio
1098 2999 1230 3072 vulg-otae
1250 3000 1350 3050 Nisse-

194 3073 254 3138 nio,
275 3075 335 3143 qui,
357 3074 503 3142 ,‚qut'dam,
523 3073 612 3137 dicit„
623 3087 681 3124 non
700 3071 734 3124 aul
751 3071 932 3123 nobilitatem
949 3068 1084 3131 hominis,
1103 3067 1152 3120 sed
1169 3068 1202 3119 ad
1220 3075 1349 3136 tempus,

236 3144 355 3209 ovixit,
374 3146 556 3215 patriamque
573 3142 735 3214 pertinet.“
773 3140 852 3208 Quod
866 3138 951 3212 plane
969 3138 1058 3190 nihili
1083 3147 1134 3193 est.
1171 3139 1259 3190 Recte
1278 3155 1351 3191 con·

208 3224 253 3269 ert
280 3215 432 3268 Kiihnerus
460 3233 483 3268 c.
503 3214 562 3267 XX.
588 3218 637 3269 51:
666 3210 857 3296 Dicaearchus
879 3209 1020 3295 quidem
1045 3217 1099 3263 etc.
1119 3208 1169 3292 ubi
1194 3209 1286 3273 docet,
1316 3213 1349 3262 in

193 3284 639 3429 titii.l“3.iii.².il⁶iiit
653 3283 1349 3420 ²35¹..5⁰l{2⁰..‚¹.t..‘3.¹⁰institisti-¹¹itii:

193 3428 314 3483 laudatis
332 3428 402 3478 locis
420 3428 442 3478 1.
462 3429 505 3482 33.
526 3429 615 3480 0134.
634 3425 673 3478 11.
694 3430 718 3480 1.
740 3434 769 3478 et
784 3424 809 3476 l.
829 3424 946 3494 Heindf.
967 3425 1001 3476 ad
1018 3424 1079 3477 Cic.
1099 3423 1133 3476 de
1152 3424 1187 3473 N.
1208 3423 1240 3473 l).
1262 3425 1299 3475 ll.
1319 3427 1346 3478 6.

194 3502 236 3559 16.
257 3518 284 3568 p·
306 3500 385 3554 135⁵
409 3536 414 3546 .
452 3498 537 3549 Plura
556 3495 685 3566 exempla
703 3495 759 3548 vid.
780 3495 854 3566 apud
872 3494 1071 3547 Tursellinum
1097 3512 1117 3545 s.
1137 3510 1165 3544 v.
1191 3493 1301 3562 quidem
1321 3498 1346 3548 l.

193 3589 221 3642 p.
242 3571 303 3623 844.
325 3568 367 3620 ed.
425 3566 534 3620 hwarz.
572 3569 673 3636 Neque
702 3566 841 3619 satisfacit
867 3565 917 3617 vel
939 3565 1107 3618 Ruhnkenii
1131 3563 1259 3616 defensio
1282 3565 1349 3615 vul-

192 3648 285 3717 gatae,
312 3638 346 3690 ad
363 3638 464 3704 Veliej.
491 3640 598 3691 Patere.
619 3639 657 3690 11.
682 3638 725 3691 64.
762 3634 804 3690 De
829 3651 862 3688 eo
886 3636 964 3687 euim
990 3635 1223 3697 non-dubitatur,
1249 3643 1348 3685 utrem

192 3711 305 3783 puidam
323 3709 410 3763 etiam
428 3710 461 3763 de
480 3709 643 3762 hominibus
663 3707 848 3760 nobilioribus
866 3704 994 3759 dicatur:
1014 3707 1062 3760 sed
1078 3707 1347 3770 anaccomodatum,

192 3784 231 3839 sit
249 3784 312 3837 loco
331 3791 437 3846 nostro,
457 3782 537 3834 cuius
556 3778 740 3843 constructio,
760 3779 783 3828 si
803 3776 917 3846 puidam
938 3779 995 3829 scri
1016 3779 1098 3829 sisset
1117 3776 1176 3828 Cic.
1196 3776 1349 3829 admodum

193 3844 266 3909 esset
285 3854 411 3923 abrupta.
448 3853 539 3904 Verba
558 3851 588 3902 in
603 3848 708 3917 prinu'a
725 3847 835 3901 omittit
854 3847 920 3901 cod.
941 3849 988 3900 Gu
1009 3887 1015 3899 .
1036 3851 1061 3903 2.
1098 3847 1158 3900 Mr.

265 3924 384 3993 scripsit
409 3923 495 3977 etiam
519 3920 720 3974 laudationem
744 3919 863 3985 morlia]
899 3917 1006 3971 Laudat
1024 3921 1074 3971 Or.
1094 3919 1128 3971 de
1149 3918 1349 3989 sophistarum

194 3994 314 4058 ἐπαίνοις
334 3996 460 4047 Platonis
477 3994 607 4063 Sympos.
630 3997 688 4046 177.
708 3991 738 4042 B.
776 3993 811 4044 ln
838 4007 916 4060 seqq.
941 3998 1001 4043 tres
1020 3990 1089 4045 Oxx.
1119 3990 1205 4042 Μαι-1).
1227 3993 1301 4041 Mon.
1321 3993 1348 4044 1.

195 4068 268 4123 Gud.
291 4073 314 4124 l.
335 4067 408 4140 Aug.
435 4072 540 4117 constet
566 4080 618 4134 pro
644 4067 763 4115 constat.
781 4061 881 4115 ·Vind.·
897 4064 920 4115 1.
947 4063 1179 4114 cananeratioae.
1205 4061 1295 4113 Rehd.
1317 4075 1351 4112 et

194 4138 451 4195 nunaerata'oae.
478 4135 549 4188 Gud.
589 4133 805 4188 erantnerata'one.
827 4135 915 4207 lllarg.
935 4131 1012 4184 Crat.
1042 4148 1076 4184 ex
1105 4133 1349 4188 enarratione.

194 4210 270 4265 Tum
288 4209 359 4262 Edd.
380 4216 450 4261 vett.
470 4215 534 4258 ante
554 4205 643 4259 Gebh.
665 4206 801 4258 malornm
819 4201 1002 4257 bumanorum
1021 4221 1086 4255 cum
1104 4204 1171 4256 Cod.
1194 4205 1267 4256 Gud.
1295 4201 1351 4256 Sed

194 4281 265 4335 libri
283 4279 361 4334 MSS.
382 4279 489 4347 reliqui
508 4294 604 4329 omnes
624 4286 653 4329 et
671 4277 741 4330 Edd.
769 4275 869 4328 iudea
888 4275 979 4327 Gebh.
1000 4292 1066 4327 eum
1082 4275 1189 4327 habent
1208 4275 1350 4338 ordinem,

113 4410 118 4418 ,
195 4370 281 4423 quem
301 4367 350 4403 nos
369 4348 544 4402 exhibemus.
580 4351 646 4401 Mox
664 4366 737 4399 unus
756 4347 806 4399 Ox.
834 4363 874 4399 ea
895 4343 1079 4414 pbilosophis.
1118 4346 1193 4411 Sola,
1218 4355 1252 4397 ut
1270 4346 1352 4398 vide-

195 4431 254 4489 tur,
280 4421 334 4475 Ed.
354 4419 413 4473 Alt.
441 4437 595 4491 operarum
622 4421 741 4474 fortasse
764 4433 863 4472 errore
887 4433 907 4470 a
929 4414 1164 4486 philosophia.
1208 4419 1243 4469 111
1268 4433 1349 4488 seqq.
