2828 5070
154 286 197 349 so
356 277 590 344 CICERONIS
611 280 856 345 Tuscum.
877 278 1109 344 msl’ffrs'r.

119 449 241 523 tieem,
262 448 292 506 si
313 454 433 506 contra
453 448 516 507 ista
537 445 695 513 dicerem.
737 446 777 507 Δ.
791 447 872 509 (luis
894 448 984 507 enirn
1004 465 1072 507 non
1091 448 1129 508 in
1147 444 1313 508 eiusmodi

155 527 272 589 causa!
293 537 354 589 aut
373 527 452 610 quid
473 531 601 613 negotii
622 538 683 599 est,
705 528 786 588 haec
800 530 973 609 poe‘'tururn
987 537 1023 589 et
1042 531 1211 609 pictorum
1232 546 1312 611 por·

156 621 248 673 terito
275 609 497 674 convincere!
538 610 587 672 nt.
618 611 722 692 Atqui
750 612 838 691 pleni
873 619 953 671 snut
986 612 1067 671 libri
1092 618 1210 672 contra
1244 613 1312 671 ists

154 698 228 775 ipsa
255 691 490 754 disserentium
519 688 843 774 [philosophoruiu].
885 693 926 754 A.
954 691 1070 773 Inepte
1095 712 1185 758 sane.
1227 694 1311 757 Quis

154 850 211 902 XX
230 869 259 920 p.
279 855 329 906 1³1
349 869 391 921 sq.
418 848 471 902 Ed
491 849 558 902 Ald.
578 852 656 905 1⁵⁵⁷.
675 849 717 916 4.]
753 849 883 904 Absurde
903 849 1036 917 quidem
1063 866 1121 904 non
1145 851 1225 905 enirn
1241 850 1311 906 udo·

153 922 291 976 lescentis
310 930 373 976 erut
391 921 587 991 eloquentiam
607 939 686 973 suam
710 921 868 976 ostendere.
897 920 936 973 D.

225 1012 308 1064 Gur!
327 1009 449 1081 quaeso]
485 1009 560 1064 Itale
576 1008 649 1062 Dar.
670 1008 807 1061 distinxit
824 1027 886 1075 cur,
904 1009 1027 1080 quaeso!
1045 1008 1116 1065 cod.
1128 1010 1203 1065 Gud.
1222 1009 1311 1067 hstes

152 1100 203 1135 cur
220 1083 255 1134 de
272 1098 298 1134 u.
318 1082 430 1135 aculei
457 1082 486 1133 Ρ.
506 1081 653 1133 Manutius
671 1079 707 1133 sd
725 1078 754 1131 h.
775 1079 795 1130 l
815 1077 901 1134 haee:
929 1081 1014 1145 „lloo
1031 1080 1065 1134 als
1083 1081 1225 1137 auditoris
1240 1098 1311 1153 per·

154 1170 223 1207 sons
241 1152 277 1206 ud
294 1156 423 1207 llarcum
448 1153 602 1204 transtuli:
627 1150 702 1203 illud
721 1158 834 1204 autem:
862 1150 934 1216 Quia
958 1151 1083 1205 disertus
1102 1168 1166 1207 esse
1182 1167 1310 1223 possem,

153 1244 171 1278 a
187 1228 285 1278 ntimo
303 1223 340 1276 sd
355 1225 541 1278 Auditorems
564 1230 682 1276 rectene
700 1240 737 1274 an
755 1237 837 1275 secus
855 1221 982 1274 aliorum
1001 1222 1041 1274 sit
1058 1222 1231 1276 iudicium.“
1252 1221 1311 1276 Ds-

154 1296 223 1349 visii
241 1294 384 1360 judicium
406 1294 490 1348 vides
516 1294 547 1346 in
573 1294 635 1347 eius
657 1299 755 1346 annot.
782 1292 831 1346 I'r.
850 1292 980 1347 Poridi
995 1291 1068 1346 hsce
1084 1299 1127 1348 est
1143 1295 1309 1349 usensis:

154 1367 261 1434 „Ilunc
290 1366 388 1420 locum
411 1365 459 1417 It’r.
484 1363 671 1417 Robortellus
693 1364 726 1416 1..
750 1368 775 1419 1.
799 1371 911 1416 snnott.
938 1381 963 1417 ο.
986 1365 1013 1420 2
1038 1363 1128 1417 slitsr
1155 1364 1309 1418 distinxit:

175 1454 241 1490 uem
259 1437 396 1512 Sigonius
414 1436 476 1488 Lib.
495 1438 520 1490 2.
539 1433 707 1488 Emendati-
731 1452 756 1486 c.
773 1434 818 1490 dd
842 1440 977 1487 sccurstu
1000 1435 1132 1488 orations
1157 1435 1308 1489 refutarit.

154 1457 230 1558 ίἑίιιη
247 1505 368 1582 Sigonio
386 1506 459 1559 iacit
476 1505 545 1558 Adr.
565 1503 717 1558 Turnebus
737 1505 769 1558 G.
790 1507 832 1560 18.
851 1505 915 1560 Lib.
932 1508 959 1561 9.
978 1503 1142 1561 Μνοηο.“,
1169 1504 1311 1577 sequitur

155 1575 188 1629 in
206 1574 275 1629 Cod
295 1576 337 1629 Ite
360 1581 412 1631 ,3.
441 1577 509 1644 quio
532 1576 675 1628 delirus
698 1592 759 1628 esse
772 1591 898 1644 possess:
926 1576 978 1659 qui
1001 1590 1062 1628 non
1084 1573 1201 1629 ridetur
1223 1592 1311 1630 error

155 1646 283 1712 librarii,
302 1595 358 1700 sed
369 1648 517 1699 annotatio
535 1646 585 1700 vel
603 1646 765 1700 emendstIo
784 1654 960 1700 correctoris
968 1646 1018 1699 rel
1035 1647 1154 1699 lectoris
1171 1646 1308 1713 slieuius,

156 1717 208 1786 qui
224 1714 272 1769 his
290 1717 376 1770 dictis
396 1717 608 1791 indignaretur.
645 1717 785 1770 Eiusdem
802 1717 851 1769 rel
879 1715 987 1769 similis
1004 1717 1130 1791 originis
1146 1734 1210 1770 esse
1225 1716 1313 1770 vide·

155 1797 207 1842 tur
223 1788 312 1841 lectio
331 1788 400 1842 Cod.
421 1791 496 1842 tlon.
520 1794 541 1841 Ι.
580 1787 648 1857 quio
673 1787 802 1840 disertus
826 1803 886 1840 esse
910 1803 976 1840 nos
996 1803 1117 1855 possem,
1145 1795 1177 1841 et
1196 1785 1251 1839 nd
1269 1786 1308 1840 II.

155 1878 223 1913 cum
242 1858 312 1912 Cod
333 1860 407 1913 Gud.
436 1861 502 1929 quio
525 1859 649 1912 disertus
675 1874 736 1911 esse
760 1875 822 1910 non
842 1874 980 1926 posses,
1014 1874 1139 1927 quorum
1164 1857 1309 1912 librorum

154 1931 239 2002 prior
256 1932 345 1984 etiam
363 1947 418 2000 pro
437 1931 561 1983 dicerem
584 1929 670 1983 habet
694 1929 811 1982 diceres.
848 1929 1033 2004 Elegantism
1058 1935 1154 2052 Ἧι
1230 1929 1239 1944 ‘

156 2001 272 2056 Codicis
291 2001 379 2054 ttarb.
399 2002 452 2071 qui
470 1999 563 2054 dedit:
582 2008 679 2054 contro
697 1999 757 2052 isto
774 2001 802 2052 si
820 2001 945 2053 dicerem.
982 2000 1009 2051 J.
1030 2001 1073 2054 Ge
1131 1998 1175 2052 rd.
1196 2000 1204 2014 ⁸

155 2070 274 2144 pundiis
292 2089 321 2142 p.
338 2073 399 2127 378.
422 2089 456 2125 ex
467 2071 537 2124 God.
552 2072 640 2127 Palst.
658 2075 685 2126 2.
706 2072 832 2146 corrigit
849 2072 947 2126 Quasi
966 2071 1092 2124 disertus
1109 2086 1172 2123 esse
1186 2085 1309 2139 possen:

155 2147 188 2197 in
206 2150 316 2196 anuott.
335 2157 406 2194 vero
423 2143 601 2212 palinodiam
619 2143 736 2195 cecinit„
759 2137 892 2211 Asirsqus
909 2141 1057 2210 φροντίδες
1072 2135 1238 2210 copsirsoss.
1264 2138 1311 2195 Ad

156 2214 331 2267 sententiam
348 2211 407 2264 loci
425 2223 525 2267 snonet
543 2211 729 2276 FAWoltius,
747 2213 830 2283 tangi
850 2228 898 2266 eos
915 2212 1012 2265 videri
1027 2211 1230 2282 philosophos,
1255 2212 1310 2283 qni

156 2285 227 2338 talia
245 2285 322 2339 serio
340 2284 490 2350 refellere,
509 2303 596 2354 quern
614 2284 740 2337 irridere
757 2285 893 2338 mallent:
916 2283 953 2335 sd
968 2282 1056 2336 rerba
1074 2281 1168 2348 docet,
1194 2289 1311 2336 coutro-

156 2354 253 2406 dicere
269 2355 359 2405 alicui
376 2370 434 2405 non
452 2372 513 2408 esse
532 2355 767 2418 ciceronianum,
792 2355 841 2408 sed
859 2353 951 2405 dicere
962 2359 1057 2406 contro
1075 2353 1212 2422 aliquem:
1230 2353 1321 2407 mut·

155 2423 259 2477 'l'scito
279 2424 493 2492 serioribusque
511 2424 703 2494 scriptoribus
722 2424 892 2478 convenire:
921 2442 1016 2494 neque
1033 2442 1079 2477 ms
1102 2425 1127 2475 is
1148 2424 1310 2478 benedicens

157 2504 187 2549 et
204 2496 364 2548 maledicere
382 2496 563 2547 coniunctim
582 2512 646 2548 essa
664 2496 814 2549 scribenda
831 2494 910 2548 addit
928 2495 1065 2550 Orellius.
1138 2494 1207 2548 cod
1218 2495 1308 2549 Μαι-Β.

157 2568 263 2630 omnis,
294 2583 368 2634 quae
392 2574 461 2618 sunt
484 2567 563 2620 iuter
582 2567 655 2622 Quis
681 2567 808 2620 disertus
831 2575 861 2619 et
883 2564 1111 2634 philosoplorsm
1137 2566 1311 2620 tribuuntur

157 2655 203 2688 ma
227 2637 308 2689 istro.
341 2637 400 2687 Mr.
1305 2662 1309 2669 -

204 2656 299 2761 gQuis
316 2707 391 2758 enim
407 2723 461 2760 non
480 2707 510 2760 ia
528 2707 669 2760 eiusmodi
686 2708 812 2775 causat]
835 2709 921 2762 Enim
939 2708 1050 2762 omittit
1068 2706 1136 2761 Cod.
1156 2706 1182 2761 A
1223 2744 1231 2759 .
1253 2707 1309 2762 Ed.

157 2778 186 2829 P.
215 2775 302 2829 habet
325 2794 380 2829 non
408 2783 471 2831 est.
506 2777 594 2832 codd.
626 2779 713 2832 Marb.
740 2780 813 2831 Gud.
837 2782 863 2833 2.
888 2780 974 2833 Vind.
1000 2784 1025 2835 1.
1056 2779 1126 2853 lteg.
1151 2782 1178 2834 ².
1255 2780 1308 2833 ‘lu

157 2846 348 2901 huiusmodi
355 2867 364 2896 .·
395 2849 457 2902 eius
476 2851 559 2909 ¹vocis
583 2849 647 2902 loco
666 2849 754 2906 codd.
781 2851 855 2904 Gud
876 2859 906 2905 et
928 2850 1016 2905 Rehd
1036 2848 1126 2903 tatus
1162 2849 1312 2906 Posterior

109 2928 114 2938 “
158 2927 225 2990 post
242 2934 327 2970 sousa
345 2919 476 2973 additum
493 2918 580 2973 habet
598 2929 682 2984 erret,
700 2937 822 2988 pravum
833 2922 984 2996 glossema,
1000 2923 1083 2991 peius
1096 2921 1193 2983 etium,
1211 2922 1314 2994 quuan

157 2988 234 3062 quod
252 2989 337 3043 habet
354 2989 408 3044 lid
429 2990 475 3055 1²„
493 2997 545 3043 est.
582 2989 814 3046 subaudiendum
833 2993 911 3046 enirn
930 3010 990 3045 esse
1008 2992 1133 3045 disertus
1151 2994 1199 3058 sit,
1222 3006 1311 3047 nemo

157 3077 216 3115 non
234 3060 324 3114 videt.
355 3060 430 3115 Tota
446 3063 609 3132 propositio
622 3064 748 3115 inservit
758 3080 858 3116 causae
868 3064 915 3116 vel
933 3063 1041 3117 rstioni
1059 3062 1228 3118 reddendas.
1248 3062 1309 3117 Mr.

229 3132 309 3257 Qus'id,
321 3132 432 3201 negotii
452 3164 483 3175 -
503 3134 677 3200 conrincere]
704 3134 789 3187 lluuo
806 3133 904 3186 locum
922 3134 1038 3186 adducit
1055 3133 1169 3188 Nonius
1192 3135 1225 3187 in
1240 3150 1311 3204 per·

158 3211 243 3258 tenta.
311 3244 317 3256 .

228 3275 298 3344 quid
324 3275 434 3344 negotii
452 3307 484 3318 -
504 3275 701 3342 contineret]
739 3274 881 3328 Admonet
906 3274 1062 3329 Beroaldus
1088 3274 1176 3329 adh.
1204 3275 1225 3327 t
1251 3274 1312 3329 Iooi

158 3346 312 3398 Horatiani
332 3346 374 3410 [in
392 3347 447 3416 Ep.
468 3347 503 3399 ad
520 3350 575 3401 Pis.
595 3347 635 3414 9.]
651 3347 809 3416 pictoribus
825 3353 909 3414 utque
924 3347 1016 3415 poetis
1029 3346 1172 3402 Quidlibet
1188 3344 1313 3400 mendi

157 3433 267 3484 semper
284 3416 341 3480 [uit
359 3432 448 3486 aequo
464 3424 598 3483 potestas.
619 3446 653 3457 -
688 3417 797 3484 „Iluno
814 3433 928 3487 quoque
945 3416 1043 3470 locum
1064 3421 1181 3486 profert
1198 3417 1312 3470 Nonius

158 3489 189 3539 in
207 3505 234 3538 v.
253 3488 442 3554 pmensamf‘
461 3487 624 3542 Lambinus.
644 3521 675 3532 -
707 3485 853 3542 scribitur
867 3493 1001 3556 portem
1017 3494 1165 3556 potios-uss
1182 3494 1209 3541 et
1220 3488 1314 3556 pide·

158 3560 221 3609 rum
239 3557 271 3609 in
290 3557 378 3611 Codd.
397 3559 481 3612 Vind.
500 3565 524 3615 l.
545 3559 704 3635 Gudelug.
740 3559 796 3612 Pro
814 3559 975 3612 contiscere
992 3567 1036 3613 est
1053 3558 1178 3612 eviscere
1197 3560 1229 3612 in
1241 3556 1312 3613 (lod.

158 3646 203 3698 sp.
223 3628 306 3681 Verb.
326 3628 358 3679 iu
371 3645 463 3703 marg.
484 3648 520 3682 ex
538 3632 614 3685 male
632 3631 709 3684 lecto
727 3631 901 3701 compendio
919 3630 1084 3696 (euincerek
1104 3628 1313 3683 incolitant·
1346 3670 1351 3681 .

158 3700 280 3751 vincere.
318 3697 458 3769 Sequitur
475 3701 508 3753 in
525 3700 594 3756 (lod.
614 3702 687 3777 Aug.
706 3701 799 3770 Atqui
813 3702 853 3769 pl.
874 3701 945 3753 libri
958 3699 1030 3770 pluit.
1049 3707 1150 3754 contro
1166 3700 1189 3755 i.
1209 3700 1231 3754 i.
1253 3699 1313 3754 dis·

158 3772 319 3894 serentirqqr.
345 3769 413 3823 eod.
441 3771 515 3825 Gud.
542 3777 566 3828 I·
592 3772 793 3826 dissenentium
816 3773 894 3839 (sic)
919 3779 949 3826 et
971 3789 1059 3843 supra
1083 3771 1137 3824 liu.
1163 3771 1314 3826 dimus-

159 3842 237 3893 ts‘um.
306 3858 332 3893 r.
1340 3887 1343 3893 .

228 3912 316 3982 Atqui
332 3912 408 3978 pleni
426 3920 489 3966 sunt
507 3912 577 3966 libri
594 3944 626 3955 -
645 3910 884 3982 philosophorum]
914 3913 991 3968 Ante
1012 3913 1084 3968 haee
1102 3913 1191 3969 verbs
1207 3928 1315 3966 nomm

162 3983 304 4052 Discipuli
327 3984 383 4048 (ita
408 3986 485 4036 enim
511 3985 674 4060 insignitur
696 3986 729 4037 in
745 3983 801 4038 hoc
820 3985 889 4039 coo.
907 3986 1047 4048 Auditor)
1065 3988 1097 4039 in
1115 3985 1204 4038 lllsrb.
1223 3984 1313 4038 abest.

161 4053 248 4107 Godd.
268 4054 339 4130 lieg.
362 4058 385 4107 t.
403 4057 429 4110 2.
458 4054 517 4120 (ita
534 4062 613 4109 certe
636 4073 671 4109 es
688 4056 756 4131 Iteg.
778 4062 802 4112 l.
831 4059 961 4110 enotavit
984 4058 1129 4127 lisyserus
1152 4072 1219 4108 oum
1240 4055 1316 4108 Bos·

160 4123 271 4177 hierio:
292 4124 391 4178 omisit
409 4133 509 4179 notare
527 4125 553 4177 J.
573 4126 618 4191 Β.)
643 4127 728 4180 Beru.
746 4127 819 4180 Edd.
838 4127 875 4178 ll.
893 4128 974 4186 dunt.
1001 4127 1033 4180 C.
1052 4130 1087 4178 V.
1107 4129 1171 4183 Asc.
1189 4131 1216 4182 2
1242 4124 1313 4180 ltols.

160 4194 261 4265 steph.
279 4195 350 4248 Dav.
370 4196 509 4265 Sequitur
525 4198 559 4249 in
578 4197 666 4252 codd.
684 4196 757 4279 Reg.
777 4201 803 4253 2.
823 4198 910 4253 Maris.
929 4201 1005 4252 Mon.
1026 4203 1050 4253 l.
1069 4197 1154 4251 Vind.
1167 4202 1196 4254 2.
1214 4202 1315 4250 sonim

160 4267 219 4320 isto
244 4265 308 4334 ipso
330 4263 556 4336 philosophorum
582 4269 798 4323 disserentsums
828 4276 858 4322 et
884 4271 927 4323 sie
947 4268 1022 4323 Edd.
1041 4271 1125 4325 Grut.
1146 4269 1236 4323 Gron.
1255 4267 1314 4320 Alt.

160 4338 231 4391 lirn·
264 4335 320 4392 Sed
339 4335 568 4408 philosophorum
590 4346 690 4393 contro
717 4341 774 4393 isto
798 4338 863 4408 ipso
888 4340 1087 4394 disserentium
1113 4347 1158 4392 est
1181 4340 1213 4392 iu
1237 4336 1314 4393 ΕΜ.

159 4411 229 4465 Ven.
253 4408 319 4464 Asc.
341 4412 366 4465 1.
391 4410 456 4467 car.
482 4409 582 4481 steph.
612 4411 642 4469 P.
662 4413 700 4463 A.
719 4411 751 4463 B.
775 4411 804 4468 S.
830 4411 865 4463 E.
885 4413 920 4465 tt.
949 4412 981 4465 la.
1005 4412 1086 4468 Boul.
1112 4410 1223 4467 Sturm.
1249 4408 1313 4464 Ald.
