2828 5070
514 309 645 375 Ltttut
664 309 692 392 l,
711 310 763 380 ld.
1007 336 1013 367 ἱ
1162 313 1225 379 tot

45 479 138 542 nise
157 478 281 552 enims,
315 476 388 539 sive
415 475 504 561 ignis
522 478 569 539 sit
588 479 745 556 enimus,·
762 494 840 541 cnm
868 479 1017 543 iurarem
1038 498 1110 543 esse
1140 477 1225 544 divi·

44 579 156 623 mmn.
201 558 289 624 Quid
311 557 421 621 enimi
442 559 583 622 obsecro
605 567 649 637 te,
670 569 808 624 terrane
829 561 905 638 tibi,
928 561 991 624 hoc
1006 563 1170 626 nebuloso
1188 560 1307 626 stt-¹⁶¹·

55 644 252 729 caliginoso
284 644 386 718 coeto,
418 650 477 703 aut
504 649 576 704 sets
603 652 663 705 aut
690 654 847 707 concreto
879 642 1017 707 videtur
1050 653 1145 709 unta
1161 649 1227 710 ris
1253 631 1278 667 '¹’

55 722 265 788 memoriae!
308 725 354 796 si,
375 723 456 807 qnid
477 726 522 785 sit
543 725 618 802 hoc,
640 747 707 788 non
722 723 834 798 videre
856 734 903 804 et,
925 726 1022 808 quale
1035 729 1090 805 sit,
1112 727 1225 792 sides:

57 812 89 871 si
113 827 158 871 ne
179 807 215 869 id
236 806 387 890 quidem3
408 815 454 884 at,
476 815 635 890 qnantum
656 812 712 885 sit,
734 812 885 891 proiecto
900 807 1005 872 vides.
1050 811 1138 874 Quid
1158 813 1224 900 igi·
1241 810 1277 864 ⁶1

60 890 143 953 turi
176 898 291 953 atram
320 891 537 971 capacitatem
567 891 709 972 aliquam
742 895 777 951 ia
806 893 923 954 'naimo
953 899 1108 974 putamus
1143 915 1227 973 osse,

60 1039 201 1165 lielmnstsp
221 1057 257 1095 ex
275 1038 443 1094 coniectura
461 1046 610 1094 annotasse
628 1040 670 1095 nit
687 1039 787 1096 iurare
804 1059 848 1096 me
866 1058 927 1097 esse
945 1043 1067 1099 dimitam
1085 1060 1141 1099 aaa
1158 1059 1228 1113 apae

62 1118 114 1166 eet.
192 1128 216 1166 r.

137 1181 214 1238 Quid
231 1180 328 1235 enim?
354 1183 467 1253 odseero
487 1189 522 1248 te,
548 1183 616 1250 etc]
661 1183 706 1236 lta
733 1184 791 1238 inm
818 1183 955 1239 distinxit
978 1186 1075 1240 Lemb.
1105 1193 1134 1241 et
1181 1192 1228 1240 ost

62 1271 132 1308 enm
161 1253 302 1316 llWolt'.;
339 1254 486 1307 minorem
509 1261 590 1308 certe
618 1253 838 1309 distinctionem
890 1265 1032 1311 osaernnt
1052 1256 1072 1310 S
1093 1257 1132 1311 lb.
1196 1257 1226 1317 d.

62 1323 130 1378 Gar.
150 1321 250 1392 steph.
280 1322 362 1376 Brut·
382 1324 464 1376 Bonl.
484 1326 546 1394 Bip.
568 1324 644 1378 oliv.
681 1325 737 1380 sed
759 1326 842 1380 Grat.
890 1345 936 1379 rn.
962 1344 1028 1380 cam
1055 1276 1123 1383 ediis
1149 1327 1225 1384 Edd-

59 1403 138 1450 vett.
158 1392 237 1446 nihil
254 1392 361 1448 habent
380 1394 588 1460 distinctionis,
608 1412 694 1464 qnam
713 1397 801 1450 ctiam
819 1399 891 1468 poni
910 1398 996 1451 iussit
1004 1398 1098 1454 Beier.
1118 1398 1226 1455 sdGic.

62 1465 142 1519 lael.
169 1469 198 1519 o.
223 1467 266 1518 30.
315 1467 385 1520 ,so
423 1467 489 1519 Post
515 1467 629 1520 sorem
653 1469 726 1520 Mon.
748 1471 773 1522 l.
801 1484 866 1521 cam
891 1466 965 1522 Gud
985 1471 1011 1526 2.
1042 1471 1154 1523 omittit
1182 1476 1224 1527 ter

62 1545 167 1590 contra
184 1533 259 1588 Edd.
308 1535 406 1591 .Ven.
426 1536 521 1590 Alteri
538 1546 606 1607 post
624 1543 652 1589 ts
670 1537 779 1591 nddnnt
818 1539 921 1593 losssm'
940 1557 969 1593 e:
989 1541 1039 1594 cai
1056 1543 1225 1612 respondet,

62 1605 142 1679 qnod
161 1606 255 1658 estin
275 1622 333 1659 ano
353 1605 402 1658 Ox.
423 1623 467 1660 ex
484 1605 536 1660 dac
554 1607 683 1661 nebuloso
702 1616 757 1661 etc.
795 1557 855 1663 dir.

136 1685 249 1729 terreae
268 1675 333 1741 stoi]
370 1677 516 1743 „Quidam
540 1677 603 1753 legi
633 1679 740 1731 volant
767 1679 976 1734 Ter-renone
1001 1681 1056 1735 titi
1080 1691 1135 1736 etc.
1169 1701 1185 1737 e

62 1748 142 1802 nihil
155 1747 278 1817 ,mutof‘
303 1745 466 1800 Lambinus.
502 1749 550 1801 Ex
573 1749 682 1802 nostris
709 1749 827 1818 quidem
852 1750 937 1803 libris
961 1752 1063 1804 nullus
1087 1761 1224 1807 assentite

61 1818 456 1942 pepuppeppoesppob'quinppp
475 1822 536 1872 sint
560 1819 618 1884 illi,
643 1821 697 1888 qai
721 1821 762 1873 ito
781 1820 843 1897 legi
869 1821 1027 1875 voluerint.
1063 1821 1147 1876 Unus
1171 1823 1223 1876 01.

85 1907 137 1943 ne
288 1904 299 1938 s
330 1904 373 1941 ae.
447 1906 473 1941 r.

136 1959 198 2010 Hoc
220 1959 362 2025 sedeloco]
406 1959 464 2011 Vul
528 1965 578 2011 aat
601 1956 660 2012 lsoc.
696 1958 735 2013 At
760 1961 886 2032 primam
910 1978 1011 2017 vocem
1038 1963 1226 2035 praetermit·
1269 2012 1279 2033 ,

62 2037 134 2082 tunt
152 2028 219 2106 Regi
240 2028 354 2099 Gryph.
375 2036 405 2082 et
423 2030 494 2084 Me.
531 2031 568 2083 D.

136 2095 186 2153 dcc
203 2101 333 2153 aedaloso
351 2107 379 2152 et
396 2100 555 2167 caliginoso
573 2099 661 2167 caelo]
679 2101 785 2156 Vocem
804 2107 856 2156 atet
874 2105 1123 2160 omittuncesism
1134 2105 1223 2161 Oodd.

61 2172 158 2224 nostri
176 2169 252 2223 Gnd.
272 2176 297 2225 l.
317 2172 343 2227 2.
364 2169 409 2221 An
433 2210 439 2222 .
461 2168 574 2241 Gryph.
595 2171 671 2224 Mon.
691 2165 716 2227 2
737 2174 824 2226 Mnrb.
845 2173 934 2229 llehd.
956 2174 1030 2232 Gnd.
1046 2177 1146 2231 Duisb.
1168 2175 1223 2230 nd.

61 2243 109 2305 tl,
136 2258 227 2311 quere
255 2258 322 2294 cnm
341 2189 473 2296 Bentdeio
501 2250 531 2295 et
547 2240 665 2295 Davisio
690 2242 797 2296 abieci:
825 2261 1001 2314 quemquem
1024 2249 1169 2300 rationem
1189 2247 1224 2300 sb

61 2313 116 2366 illo
135 2312 256 2365 allatam
274 2327 334 2364 non
351 2313 458 2382 probo:
493 2328 587 2381 neque
615 2311 764 2382 displicet,
832 2315 932 2368 adest
952 2317 983 2367 in
1002 2315 1071 2369 Cod.
1098 2320 1174 2371 Mon.
1196 2322 1223 2372 l.

61 2391 93 2438 et
109 2382 165 2435 Ed.
186 2383 214 2434 P.
237 2388 272 2434 et
290 2379 343 2435 doe
360 2385 432 2448 neh,
460 2384 603 2435 nimirum
628 2391 662 2434 at
680 2390 707 2435 et
731 2384 770 2435 sit
808 2384 1008 2449 isianctivum‚
1024 2392 1071 2437 at
1097 2387 1224 2454 saepias.

61 2450 155 2507 Verba
178 2453 309 2506 samaro
333 2457 360 2506 et
378 2455 481 2507 absunt
499 2472 515 2507 e
534 2451 603 2507 Cod.
623 2451 738 2524 Gryph.
764 2460 799 2505 ut
817 2454 910 2508 refert
929 2454 1046 2509 Brutos.
1084 2455 1225 2509 Ceterum

61 2532 166 2578 noster
182 2523 212 2578 h.
234 2524 256 2575 l.
275 2527 372 2577 n'e'rem
390 2541 518 2577 crassum
536 2523 734 2593 faeculentum
777 2541 804 2587 e,
831 2527 920 2578 terris
937 2526 1106 2596 proximum
1134 2527 1157 2579 s'
1181 2526 1226 2579 ni-

61 2596 143 2662 ficat,
162 2601 301 2649 monente
320 2594 469 2650 Beroaldo.
488 2595 589 2648 Duisb·
608 2596 721 2647 omittit
775 2611 805 2659 ος
825 2594 899 2648 Gud
919 2594 1007 2648 hahet
1024 2596 1131 2650 oebalo.
1197 2614 1223 2650 r.

135 2672 186 2718 aat
205 2670 268 2718 sata
285 2672 336 2719 aat
354 2672 486 2719 concreta
502 2665 626 2730 videtur]
663 2665 762 2719 Daisb.
791 2674 921 2720 concreta
945 2682 1034 2720 esee.
1072 2667 1153 2720 Unus
1173 2668 1224 2721 01.

62 2737 221 2791 rideatur
244 2754 311 2791 cam
330 2738 413 2789 Vind.
435 2741 459 2802 l.
498 2737 532 2788 ln
551 2753 629 2806 seqq.
650 2737 726 2790 Mon.
748 2741 772 2792 1.
797 2737 825 2789 εἰ
849 2739 988 2805 quidem
1011 2737 1039 2791 si
1062 2737 1120 2792 doe·
1158 2740 1226 2793 Post

63 2810 144 2862 eides
161 2817 291 2883 pergunt
309 2809 383 2860 Mon.
404 2812 429 2862 1.
450 2807 538 2860 Msrh.
558 2806 656 2859 Daisb.
676 2811 741 2859 ont
759 2807 855 2876 qaalcr
883 2809 939 2862 duo
958 2809 1028 2861 (lxx.
1049 2817 1099 2862 oat
1118 2825 1226 2880 quast

63 2881 140 2955 Aug.
159 2881 273 2932 omittit
291 2886 331 2941 at,
362 2878 442 2948 paolo
469 2879 518 2940 eit,
546 2879 636 2942 vides,
663 2878 838 2951 pergitque:
872 2879 947 2932 siae
972 2879 1005 2932 id
1028 2879 1142 2949 quidem
1166 2885 1227 2934 aut

64 2957 195 3021 quantun
213 2951 254 3003 eit
271 2950 351 3003 vides
367 2950 503 3017 profecto.
523 2946 598 3002 Gud.
616 2952 643 3004 Ἰ.
663 2955 768 3016 atque
786 2950 876 3019 paalez
903 2947 979 3005 Gnd.
1007 2952 1119 3005 omittit
1138 2952 1228 3005 verbs
1299 3010 1301 3015 ,

65 3027 96 3074 at
124 3021 207 3091 quale
228 3023 404 3088 —profecto
432 3021 518 3072 vides.
554 3019 639 3072 vind.
666 3020 778 3081 omittit
803 3020 832 3072 si
855 3036 889 3072 ae
915 3020 949 3072 s'd
974 3051 1007 3062 -
1029 3023 1106 3089 prof.
1135 3022 1226 3075 vides.

64 3093 147 3146 Unus
166 3092 216 3144 01.
235 3091 340 3144 hebet:
369 3091 397 3142 si
415 3107 448 3142 ne
466 3092 499 3144 id
517 3090 606 3160 qaod
624 3097 694 3142 aut.
723 3092 798 3143 Mon.
819 3094 843 3145 1.
870 3090 980 3158 quidem
1005 3092 1227 3163 addat-qaan-

64 3169 131 3216 rum.
170 3162 253 3216 Alias
272 3163 323 3214 01.
342 3176 436 3215 saue
454 3163 487 3214 id
505 3161 622 3230 quidem,
642 3167 681 3217 at.
701 3159 790 3214 Mari).
810 3166 873 3211 out
892 3167 1027 3230 pacatam.
1047 3159 1123 3214 Gad.
1140 3165 1166 3217 2.
1186 3177 1228 3214 ac

104 3240 211 3285 antam.
247 3232 410 3286 Admodum
428 3235 567 3301 frequens
586 3239 630 3285 est
646 3239 747 3284 nostro
767 3248 834 3283 usas
852 3232 1004 3301 participii
1031 3238 1174 3284 concretus
1194 3233 1227 3284 in

64 3251 234 3358 dislibrisr
253 3305 362 3373 dequo
381 3307 456 3355 coni.
476 3301 561 3356 modo
580 3319 647 3355 mox
666 3304 743 3370 §.al
763 3300 848 3357 cm.
868 3301 891 3365 d.
903 3305 947 3358 oo.
969 3301 1054 3357 (Ἀθ.
1068 3302 1142 3367 §.ll
1163 3303 1225 3355 Mr.

139 3375 214 3430 Quid
231 3375 345 3444 igitar?
364 3381 454 3426 atram
471 3375 657 3442 capacitatem
675 3370 742 3439 etc]
779 3374 886 3424 Vocem
906 3379 993 3424 atram
1018 3374 1131 3426 omittit
1156 3373 1225 3427 (lod

67 3445 143 3501 Gad.
164 3446 361 3514 Capacitatem
387 3462 457 3498 cave
484 3445 634 3519 intelligas
659 3459 692 3497 eo
718 3460 815 3505 sensa,
838 3459 895 3512 qno
913 3443 1004 3519 vulgo
1028 3444 1147 3498 barbare
1170 3443 1228 3497 hoc

66 3517 210 3571 vocabalo
233 3526 366 3570 utuntur.
405 3515 485 3569 Alibi
512 3532 545 3569 eo
569 3514 710 3568 vocabolo
734 3515 838 3568 Cicero
866 3530 925 3568 non
950 3524 994 3567 est
1020 3534 1102 3580 usus,
1131 3530 1227 3586 nequo

65 3590 242 3658 trequentes
264 3588 325 3643 elii.
364 3587 485 3656 Semper
510 3587 655 3661 significat
679 3587 805 3655 spatium
832 3584 881 3638 vel
906 3584 1130 3655 amplitudinem
1157 3585 1227 3653 loci,

67 3661 119 3727 qni
139 3676 243 3730 capere
262 3659 373 3729 aliquid
393 3666 422 3710 et
440 3660 591 3711 continere
631 3665 712 3711 otest.
750 3655 815 3710 Vid.
835 3656 962 3711 Plexieci
980 3659 1110 3712 Lexicon
1128 3657 1229 3711 Philo-

67 3730 232 3854 ffiwm'
251 3729 320 3867 (qup
339 3738 400 3855 Ἣ
418 3728 570 3783 Ciceronis
587 3729 608 3780 P
632 3727 775 3798 'losophin
794 3729 971 3795 continetur)
989 3746 1018 3799 p.
1039 3731 1099 3786 19⁵.
1119 3729 1228 3806 (Hagno

143 3844 149 3857 .
170 3806 248 3858 1716.
269 3805 318 3856 4..
392 3818 417 3853 r.

141 3873 172 3926 ἐκ
190 3874 280 3925 animo
298 3879 427 3940 patanae
444 3870 515 3937 esse]
535 3869 685 3936 „Animum
705 3868 860 3923 Lambinus
878 3869 980 3936 edidit,
1002 3869 1064 3922 sine
1104 3868 1229 3924 articula

68 3943 108 3997 in.
146 3945 186 3998 Ut
204 3960 256 3997 nos
277 3943 429 4008 edidimus,
448 3944 479 3996 s'a
497 3942 604 4008 animo,
623 3949 740 4012 praeter
758 3957 878 3995 excusos
896 3941 980 4004 alios,
1000 3887 1131 4011 Grypdii
1151 3941 1230 3996 liber

68 4014 185 4072 hebet.“
217 4017 336 4068 Bratas.
381 4015 436 4068 Est
461 4014 514 4066 illa
538 4014 602 4068 sine
628 4013 714 4066 dubio
739 4010 872 4065 Lambini
896 4013 1075 4078 coniectura,
1111 4019 1229 4084 recepta

69 4090 160 4141 etiem
184 4106 200 4141 a
223 4088 272 4139 Fr.
292 4087 437 4151 Fabricio,
462 4087 513 4156 qai
539 4100 610 4138 vera
638 4100 723 4137 snum
747 4084 883 4138 codicem
906 4100 966 4136 non
991 4084 1158 4139 consentire
1176 4085 1228 4137 ait.

68 4159 170 4224 Neque
190 4160 336 4215 consentit
353 4158 444 4223 slias3
464 4173 639 4226 quamquam
655 4154 782 4227 plurimi
800 4154 835 4208 sd
854 4172 972 4208 menam
992 4164 1067 4209 sant.
1101 4156 1230 4241 Per-gant

69 4229 157 4284 Oodd.
176 4231 263 4283 vind.
285 4235 309 4286 l.
340 4229 413 4306 Aug.
439 4244 499 4282 esse
522 4235 672 4296 putamur
694 4226 795 4279 minas
819 4226 902 4293 bene,
926 4227 995 4296 quis
1013 4226 1115 4282 Cicero
1133 4234 1231 4280 vitant

68 4301 180 4356 solebat
198 4301 333 4372 rythmos
351 4300 512 4386 dactylicos
530 4301 562 4353 in
581 4300 713 4353 oratione
730 4297 868 4369 pedestri.
905 4295 982 4351 'lhnn
1000 4316 1075 4353 anas
1085 4299 1136 4351 01,
1152 4296 1231 4422 pond

90 4389 125 4426 ro
143 4391 213 4445 qna.-
232 4373 309 4428 idem
327 4373 441 4426 omittit
458 4372 501 4426 ia.
539 4371 575 4426 Se
617 4372 678 4424 itur
701 4369 877 4439 oscitano
902 4385 987 4423 osee
1013 4370 1045 4423 in
1063 4369 1133 4424 Cod.
1177 4384 1219 4445 ng

68 4390 144 4499 ΒΑΔ,
168 4445 288 4500 Venetis
312 4444 422 4500 dubus
445 4442 570 4510 nstitit,
593 4441 665 4499 uod
683 4447 711 4500 Ι.
729 4445 758 4500 d·
781 4439 917 4496 dont-A.
936 4439 970 4494 Β.
987 4438 1016 4495 8.
1043 4440 1079 4494 tt.
1099 4439 1133 4494 0.
1156 4441 1228 4496 Ven.
