2812 5064
210 274 273 345 tet
353 310 356 315 -
409 248 1180 393 c1orn0msrusomnnmsrur'sr.

377 444 476 515 Οιιοοι
497 441 574 507 ae'ra
594 442 722 508 adesam
743 441 864 528 torta'ta
884 459 1066 510 renovatam
1088 443 1143 509 e'at
1167 445 1279 522 iecur,

378 524 455 590 Tam
478 525 600 591 rairstao
623 539 752 591 taetros·
767 529 866 592 avida
886 549 921 593 ee
941 530 986 592 ad
1002 526 1121 611 pastris
1144 525 1274 607 refert.

209 729 282 781 rem,
302 724 340 778 et,
359 715 383 767 si
399 714 455 768 hoo
472 715 575 770 fuisset
592 718 712 780 tectum,
730 725 811 770 certe
829 717 866 770 de
880 733 923 782 eo,
940 725 976 769 ut
992 717 1137 781 cmuciatu,
1158 731 1226 768 nan
1245 715 1376 784 potuisset

209 787 350 856 conqueri
369 788 563 841 Prometheus.
580 805 583 810 ·
600 789 730 853 Accedit,
750 789 826 858 quod
844 805 880 842 ne
898 789 965 842 fleri
981 789 1102 858 quidem
1121 787 1155 840 id
1173 787 1291 909 potuit,
1311 797 1376 856 past·

209 874 297 926 quem
314 859 411 928 aquila
429 860 534 930 praedi
554 860 654 914 satiata
677 860 711 913 ab
730 877 763 912 eo
782 858 910 912 discessit
934 859 1091 913 avolatura.
1129 859 1172 910 Vi
1195 866 1267 910 etur
1293 857 1374 930 igitur

207 925 260 981 hic
277 947 377 983 versus
395 946 444 982 suo
462 930 526 984 loco
538 940 641 996 motus,
660 931 840 1001 reponendus
848 939 912 1001 post
928 929 1129 985 duodecimum
1151 928 1249 997 [lavia
1268 929 1373 983 metas

208 1000 297 1068 etc];
327 1017 381 1071 pro
405 1001 497 1054 cauda
521 1018 590 1055 vero
616 1002 771 1076 legendum
794 1001 884 1055 arada
912 1001 931 1053 i.
952 1017 977 1055 e.
1002 1001 1143 1066 crudelis,
1178 999 1372 1054 inexorabilis

207 1070 284 1124 Tum
302 1071 421 1141 quidem
439 1072 557 1143 [puncto
575 1082 639 1143 post
655 1074 718 1139 fero
736 1072 844 1138 deleto]
867 1072 982 1140 pinnata
999 1073 1153 1126 referetur
1172 1069 1212 1123 ad
1236 1069 1317 1124 loeta
1332 1087 1371 1123 as·

207 1142 296 1210 telles,
315 1143 399 1213 plane
418 1153 451 1196 ut
470 1153 510 1197 est
529 1144 604 1215 apud
622 1144 791 1198 Ciceronem
810 1145 842 1196 in
860 1144 960 1209 Mario,
985 1142 1020 1197 de
1043 1143 1148 1197 Divin.
1170 1142 1197 1195 1.
1217 1144 1265 1197 47.
1303 1142 1369 1218 laege

207 1213 313 1290 igitur:
332 1215 410 1269 Iovia
426 1217 541 1269 eatettes
558 1221 642 1284 pasta
661 1216 783 1269 dilaniat
807 1217 869 1281 tero

216 1330 220 1337 .
372 1287 508 1352 Peoaata,
533 1287 644 1339 cruda
668 1293 702 1340 et
721 1292 848 1339 nostram
867 1286 965 1340 adulat
983 1282 1191 1354 sangatnmf‘

204 1355 249 1409 Ad
275 1356 403 1411 Turnebi
425 1360 487 1411 fere
514 1358 685 1411 sententiam
708 1358 806 1410 locum
830 1357 862 1411 in
886 1357 991 1410 scholis
1017 1356 1151 1427 explicat
1179 1354 1366 1410 sswolms:

205 1427 294 1482 cruos
311 1430 392 1497 quasi
410 1428 563 1482 demulcet.
600 1428 826 1482 Billerbeckius:
855 1427 993 1493 „caudam
1020 1443 1102 1480 more
1128 1443 1244 1479 canum
1262 1427 1367 1479 eduinu-

204 1499 281 1553 tium
298 1499 478 1570 aliarumque
496 1501 624 1559 terarum
643 1500 774 1552 iactando
791 1499 891 1569 prodit
907 1499 1097 1569 voluptatem,
1124 1515 1218 1567 quam
1245 1514 1282 1550 cx
1304 1499 1367 1551 desi·

204 1569 286 1623 derio
310 1570 417 1640 sitique
443 1571 600 1645 sanguinis⁴
615 1570 729 1640 expleta
756 1569 839 1622 modo
864 1569 968 1623 hausit.
1013 1567 1193 1623 Kiihnerus:
1227 1569 1365 1633 „Verbum

84 1691 89 1703 ,
178 1639 324 1695 'adulare
341 1641 370 1697 h.
391 1643 411 1694 l.
438 1643 564 1712 primam
582 1650 611 1695 et
629 1641 859 1710 antiquissimam
882 1641 1060 1694 notationem
1078 1639 1180 1704 habet,
1207 1649 1244 1691 ut
1263 1639 1301 1692 sit
1317 1647 1365 1694 ter·

202 1728 281 1781 gere,
308 1714 450 1780 stringere
477 1715 624 1779 (nostrum
650 1711 882 1778 streicheln).
919 1711 1042 1765 Avolsns
1061 1709 1164 1780 equile
1183 1709 1295 1765 caudae
1330 1713 1336 1724 '

114 1814 117 1819 -
202 1791 286 1836 natae
304 1792 385 1836 motu
404 1785 573 1859 sangurinern
591 1784 673 1836 deter
694 1791 732 1835 et.
769 1782 846 1834 iiinc
873 1798 979 1841 nomen
996 1780 1141 1837 adulandi
1160 1781 1289 1852 proprie
1323 1784 1353 1796 ”

201 1860 253 1907 tur
271 1853 305 1908 de
323 1855 432 1920 bestiis,
461 1856 591 1926 apprime
616 1871 679 1907 cant
699 1872 741 1918 us,
767 1853 826 1976 1spui
849 1853 953 1906 caudae
981 1862 1061 1906 motu
1082 1852 1194 1928 gaudia
1213 1851 1363 1918 ct,blsndi·

201 1933 300 1979 menta
319 1925 483 1995 exprimere
501 1924 647 1978 student.“
666 1925 746 1977 Ooni.
793 1923 948 1977 oedcrlein.
973 1924 1045 1978 Lat.
1067 1923 1205 1994 Synon.
1233 1942 1265 1975 u.
1285 1925 1362 1994 Ety-

201 1996 280 2049 mol.
306 1997 343 2050 11.
393 2034 399 2046 ·
422 1998 585 2052 lat-178.
622 1997 662 2048 Et
679 1995 761 2048 nobis
800 1994 897 2048 uidem
915 1994 1054 2047 satisfacit
1070 1994 1148 2047 haec
1169 1994 1308 2048 Ktihneri
1324 2013 1362 2048 ex·

200 2067 330 2137 plicatio.
367 2015 476 2119 Kddam
501 2076 607 2131 temen,
636 2083 672 2119 ne
697 2066 765 2135 quid
811 2065 859 2117 uic
884 2065 1072 2136 disputationi
1095 2064 1198 2118 deesse
1226 2065 1360 2127 videntur,

201 2137 408 2203 coniecturam,
428 2155 513 2207 quam
532 2139 605 2190 tecit
621 2136 952 2210 Beumgarten-Crusius
976 2135 1011 2188 ad
1028 2136 1151 2190 Sueten.
1172 2137 1277 2189 Octcv.
1302 2154 1323 2188 ο.
1339 2140 1359 2191 9.

199 2207 354 2284 legendum
377 2225 436 2262 csse
460 2209 605 2278 suspicans
629 2207 741 2260 etittat:
768 2207 835 2272 „Ex
853 2213 888 2272 et,
917 2208 967 2271 eit,
994 2208 1104 2261 fectum
1131 2207 1181 2273 ad,
1211 2224 1252 2261 ex
1270 2207 1306 2260 ta
1320 2209 1359 2273 att,

199 2279 344 2334 levissima
361 2279 552 2334 mutetione.“
587 2277 644 2332 Sed
661 2279 713 2330 vix
730 2277 904 2331 crediderim
922 2277 997 2331 hanc
1015 2279 1187 2343 lectionem,
1219 2287 1283 2331 tam
1301 2279 1360 2331 tici-

198 2350 261 2406 lem
279 2351 442 2418 intellectu,
470 2351 495 2403 si
512 2369 528 2403 e
547 2350 686 2404 Cicerone
710 2350 842 2418 protecta
867 2358 939 2401 esset
979 2351 1112 2402 futurum
1140 2350 1236 2402 tuisse
1265 2351 1315 2419 qui
1336 2351 1360 2402 in

197 2423 287 2477 eliam
305 2431 440 2489 mutaret,
464 2421 612 2476 insolitam
629 2420 715 2490 plene
735 2428 764 2472 et
783 2419 823 2496 its
841 2386 1001 2487 ditficiiein,
1029 2429 1064 2474 nt
1080 2420 1171 2473 homo
1191 2419 1360 2475 Grammsti-

199 2511 259 2560 cus,
278 2495 400 2559 Nonius,
428 2510 491 2546 eam
508 2493 540 2545 in
559 2491 691 2562 exernplo
717 2490 837 2543 rarioris
860 2490 998 2545 dictionis
1019 2500 1154 2563 poneret
1192 2491 1276 2545 Nun
1293 2492 1358 2562 quod

199 2575 243 2620 cst
260 2566 377 2618 Lucret.
402 2566 434 2616 V.
457 2567 542 2620 1069:

364 2635 460 2703 Lange
478 2636 536 2689 atto
553 2642 636 2704 pacta
654 2635 774 2703 gannitu
791 2637 870 2691 vocis
888 2635 1003 2689 adulant
1022 2667 1055 2679 -

196 2706 229 2760 id
247 2706 339 2759 multo
358 2707 473 2759 facilius
492 2716 550 2761 est:
570 2708 619 2761 scd
636 2709 801 2775 sanguinem
819 2707 942 2761 odeviae
960 2708 1078 2761 adatare
1097 2708 1153 2777 qui
1171 2707 1297 2771 dixerit,
1320 2724 1357 2760 re·

196 2787 297 2850 pertus
321 2787 374 2843 est,
406 2779 518 2848 opinor,
549 2796 641 2833 nemo.
689 2781 729 2833 Et
755 2789 850 2832 tamen
882 2779 953 2832 haec
988 2789 1120 2833 constans
1149 2788 1194 2831 cst
1222 2779 1358 2831 librarum

196 2850 332 2918 scriptio:
367 2849 499 2919 ideoque,
527 2866 592 2903 cum
613 2850 753 2919 explicari
771 2860 868 2903 tamen
886 2852 985 2920 possit,
1016 2850 1181 2905 retinende.
1220 2850 1357 2905 Convenit

196 2921 376 2990 aliquantum
395 2922 459 2974 Ruti
478 2921 556 2974 Festi
580 2921 686 2983 Avieni
704 2921 801 2975 Descr.
828 2922 893 2976 0rb.
920 2922 1002 2975 Terr.
1022 2939 1051 2975 v.
1071 2924 1125 2977 337
1144 2939 1187 2992 sq.
1207 2953 1242 2965 —
1279 2928 1357 2991 utque

196 2991 303 3063 Syenen
331 2991 449 3059 [Nilus]

364 3064 503 3118 Gaetulae
520 3065 653 3119 accedens
671 3064 726 3130 diti
742 3065 821 3118 loca
838 3065 949 3128 flamine
968 3064 1105 3118 adulat.

195 3135 231 3189 in
248 3152 322 3189 noua
344 3135 397 3190 Ed.
418 3136 580 3188 Forcellini
607 3137 678 3190 bene
703 3136 919 3189 commendatur
943 3155 963 3189 s.
982 3156 1011 3188 v.
1031 3137 1117 3190 adala
1137 3135 1225 3190 lectio
1242 3137 1355 3189 aootam

194 3207 300 3259 minus'
315 3207 389 3261 bene
408 3208 440 3260 F.
460 3208 558 3261 adulat
582 3207 746 3274 savigniaem
764 3208 903 3278 explicat:
935 3208 1062 3260 laetatur
1089 3218 1191 3262 nostro
1210 3209 1353 3283 sanguine.

194 3278 256 3332 Iam
272 3297 300 3331 v.
322 3280 409 3332 etiam
428 3277 600 3331 Arusianum
618 3281 740 3332 Messum
769 3279 799 3329 in
827 3279 1018 3332 Lindemanni
1037 3279 1123 3350 Corp.
1145 3280 1276 3333 Gramm.
1296 3279 1352 3331 lat.

193 3349 217 3405 l·
236 3369 265 3420 p·
284 3353 351 3407 216:
385 3350 434 3403 ubi
453 3359 511 3403 est:
545 3350 626 3414 „Cic
652 3350 682 3402 in
705 3350 835 3402 Pisonem
861 3350 927 3417 [tt]
952 3351 1111 3404 adulantem
1136 3366 1243 3404 omnes.
1280 3349 1354 3403 Idem

193 3420 279 3474 Tusc.
299 3423 489 3475 linearum
509 3422 605 3474 adatat
626 3420 821 3488 sanguinem.“
848 3423 891 3474 Jo.
912 3421 1007 3475 Nicol.
1036 3423 1154 3475 boensis
1172 3421 1351 3475 Miscellsnn.

192 3493 377 3564 Epiphyllid.
400 3493 485 3616 qull.
518 3495 544 3548 6.
579 3493 609 3544 in
640 3492 761 3547 Gruteri
794 3493 926 3564 Lampad.
963 3493 1035 3547 erit.
1072 3493 1105 3546 Τ.
1134 3492 1167 3544 V.
1205 3491 1350 3564 Supplem.

214 3602 221 3615 .
241 3566 294 3620 586
321 3583 332 3616 s
355 3603 361 3615 .
436 3579 460 3613 r.
600 3607 606 3615 .

192 3581 213 3635 P
265 3583 353 3690 (tang
370 3650 436 3688 vera
455 3633 570 3688 adesam
589 3633 689 3699 inflata
708 3641 869 3689 renovatam
887 3642 928 3691 est
945 3635 1034 3703 iecur]
1068 3635 1157 3688 Itiarb.
1176 3634 1269 3689 habet
1288 3641 1350 3688 tana

111 3712 114 3719 '
192 3703 259 3759 eod.
281 3705 355 3759 Gud.
376 3705 486 3758 omittit
512 3723 585 3759 vera.
606 3706 672 3761 Cod.
692 3707 779 3759 Maro.
798 3707 884 3760 habet
902 3710 940 3762 ad
958 3724 1052 3773 esum,
1078 3709 1152 3761 Mon.
1172 3709 1201 3763 2.
1233 3706 1286 3759 Ed.
1306 3707 1350 3758 Pr.

191 3776 276 3830 Febr.
297 3777 335 3830 ad
352 3793 448 3830 accam
476 3784 504 3828 ct
529 3778 570 3829 sic
597 3776 683 3830 etiam
706 3778 763 3832 MS.
793 3778 824 3829 in
844 3796 933 3856 rnarg.
955 3779 1017 3831 Asc.
1037 3781 1066 3834 2.
1100 3779 1136 3839 ln
1155 3777 1267 3831 duobus
1286 3778 1349 3831 011.

191 3848 269 3902 deest
288 3850 402 3912 inflatum
421 3848 476 3900 duo
494 3846 600 3901 habent
618 3847 753 3914 inflatam,
772 3850 856 3902 Vind.
879 3855 901 3904 l.
918 3852 1004 3914 tiata,
1023 3850 1094 3910 Edd.
1114 3851 1179 3903 Asc.
1204 3854 1230 3906 l.
1251 3851 1277 3905 2.
1297 3848 1352 3913 (sed

190 3918 249 3973 MS.
271 3919 301 3971 in
320 3938 410 3993 marg.
430 3918 538 3984 inflata)
558 3920 627 3972 Ven.
649 3927 737 3972 nostr.
759 3922 839 3973 Junt.
860 3923 1028 3975 Reiskianae
1047 3916 1117 3974 Ven.
1142 3926 1164 3977 1.
1185 3923 1215 3976 2.
1237 3920 1309 3972 stet.
1328 3924 1349 3975 l.

189 3992 215 4046 2.
235 3992 341 4043 Vocem
359 3991 460 4053 inflatu
487 4000 566 4043 recte
585 3991 711 4059 explicat
729 3991 899 4045 Kiihnerus:
928 4009 1009 4061 qaam
1028 3993 1153 4058 inflatur,
1182 3991 1349 4057 intumescit,

190 4060 252 4115 add.
272 4062 369 4126 denua,
389 4063 407 4112 i.
429 4078 453 4113 e.
474 4063 552 4130 quasi
573 4062 719 4114 inflatione
738 4073 902 4131 renovatur.
929 4064 1081 4118 Commode
1100 4063 1186 4116 affert
1206 4066 1256 4119 Or.
1269 4063 1348 4115 Dion.

190 4131 337 4204 chrysost.
368 4133 444 4186 Orat.
465 4134 544 4185 v111.
574 4133 617 4186 cd.
640 4133 758 4208 Baguet.
784 4153 812 4205 p.
833 4137 863 4190 9:
893 4134 1038 4198 οἰδοῦντος
1062 4136 1136 4201 αὐτῷ
1155 4137 1203 4188 καὶ
1222 4137 1349 4196 αὔξοντος

189 4208 240 4260 τοῦ
258 4197 367 4270 ἥπατος.
388 4203 436 4255 ubi
455 4203 511 4255 vid.
530 4205 765 4279 Baguctp.‹128.
802 4205 856 4258 Est
877 4207 1015 4259 omittunt
1035 4208 1089 4260 duo
1108 4206 1178 4258 ΟΠ.
1221 4206 1281 4260 Mr.

265 4293 335 4346 Tam
360 4308 474 4345 rursum
502 4294 573 4360 etc]
613 4294 683 4346 Tam
710 4294 820 4346 omittit
846 4313 920 4346 unus
944 4295 1011 4358 012,
1045 4312 1145 4349 rursus
1168 4296 1281 4350 habent
1302 4313 1347 4349 sex

190 4365 260 4418 Oxx.
280 4363 365 4418 vind.
385 4367 410 4420 2.
430 4364 518 4417 Rehd.
539 4365 612 4419 Gud.
637 4365 734 4418 Duisb.
761 4363 835 4418 Gud.
855 4368 881 4421 2.
907 4366 978 4419 Edd.
998 4369 1026 4419 P.
1046 4369 1080 4419 A.
1100 4369 1131 4420 B.
1152 4368 1183 4422 C.
1205 4371 1240 4421 V.
1260 4371 1297 4422 nt.
1316 4369 1345 4420 1..

189 4436 259 4490 Ven.
280 4445 369 4491 nostr.
382 4437 446 4491 Asc.
460 4439 484 4491 1.
496 4438 522 4492 2.
542 4436 602 4502 (scd
613 4453 705 4512 marg.
717 4435 775 4492 MS.
794 4437 922 4505 rursum)
939 4439 1020 4492 Junt.
1040 4448 1071 4492 et
1088 4439 1222 4510 reliqrue
1241 4455 1346 4504 omnes,
