2828 5070
558 292 689 387 mem
710 322 754 403 11,
778 325 846 414 u.;
946 356 949 361 -
1218 324 1282 394 ses

123 497 240 552 noster
266 495 300 550 et
333 488 511 572 proprium
543 507 721 550 numerum
749 497 785 551 et
816 489 903 550 lecta
936 497 1098 572 poemata,
1137 498 1171 552 et
1205 491 1280 555 loco

123 645 210 697 binus.
232 642 279 695 Cf.
298 641 383 696 eund.
409 641 445 693 ad
464 640 524 695 cic.
551 641 587 695 de
610 643 659 695 Os.
679 643 717 697 11.
737 645 763 697 9·
782 658 811 710 p.
831 642 876 696 4⁴2·
903 640 939 694 ad
956 639 1032 712 Epp.
1051 643 1161 696 Famm.
1180 644 1228 696 xl.
1249 649 1275 700 3.

121 733 150 786 p.
170 718 231 771 368.
252 715 295 767 ed.
315 713 411 766 Klein.
440 712 574 777 „Dilecta
587 712 717 784 Gryphii
735 712 821 777 liber,
841 721 874 763 ut
893 728 1007 780 semper
1025 713 1122 768 [iasub.
1144 733 1179 766 ex
1195 715 1280 770 Festi

123 786 327 839 auctoritate.“
347 785 466 837 Brutus.
504 785 568 835 Vid·
590 786 707 838 Festum
726 802 755 854 p.
777 784 807 834 L.
829 784 873 838 ed.
894 780 969 835 Scali
993 821 999 833 .
1020 784 1277 844 (Santandr.159³.
1338 774 1346 789 .

120 860 164 919 8.)
184 864 213 910 et
232 856 267 909 ad
286 855 314 907 h.
334 854 353 908 l.
378 855 485 908 Anton.
506 855 700 931 Augustiuum
724 873 751 924 p.
772 854 843 906 xlv.
866 882 897 892 -
936 802 1075 920 „lillectu
1101 873 1167 907 cum
1196 857 1280 911 ham·

121 928 190 981 bino
209 927 280 979 Pall.
301 934 441 1007 putem.
469 935 562 996 quart.
578 929 676 979 -Vatin
705 925 760 977 Vul
826 925 964 978 delectu.“
991 924 1127 980 Gebhard.
1166 926 1280 999 Scripsi

122 1015 176 1126 :t
171 996 443 1122 ittttt‘ttlztt
452 997 735 1122 ⁰.⁰¹t.t?.3¹.'.¹‘.lttz
755 1012 815 1121 ,15⁰
808 996 993 1138 tahal?
1012 997 1149 1138 {⁰le
1150 998 1279 1124 {tlt

126 1142 159 1195 ll.
182 1144 224 1195 12.
251 1157 279 1210 p.
299 1142 361 1195 tat.
390 1141 427 1192 cl.
454 1157 507 1193 uos
531 1141 566 1193 ad
592 1139 651 1195 cic.
678 1140 714 1192 de
737 1138 803 1190 Div.
824 1139 846 1191 l.
874 1140 917 1193 45.
944 1156 971 1209 p·
991 1142 1054 1195 2⁴23.
1100 1137 1280 1194 Sententiam

123 1212 196 1266 bene
214 1209 341 1281 explicat
360 1209 529 1263 Kiihnerus;
563 1227 638 1276 „nec
656 1214 823 1280 poematum
843 1209 988 1262 delectum
1010 1209 1175 1277 [dilectum]
1193 1209 1280 1266 habe·

121 1282 171 1337 bat
196 1280 226 1333 h.
248 1299 271 1336 e.
297 1291 429 1351 poemata
456 1291 522 1351 apta
550 1283 597 1334 ine
619 1283 657 1333 tis
687 1280 834 1345 miscebat,
864 1281 1072 1350 nec‘denique
1090 1300 1192 1335 versus
1211 1298 1279 1336 cum

121 1353 266 1428 elegantia
292 1351 321 1405 h.
342 1369 365 1404 e.
399 1361 466 1421 apto
489 1352 553 1406 loco
578 1300 782 1426 adiungebatf‘
820 1351 855 1402 ln
882 1349 951 1404 Cod.
975 1351 1009 1403 D.
1037 1352 1176 1406 scribitur
1200 1353 1281 1408 nullo

123 1425 276 1491 elegantia,
300 1422 377 1475 usello
402 1424 516 1477 delecta.
556 1424 614 1475 Me.

193 1493 273 1548 Pbs'lo
292 1500 387 1547 noster
406 1494 472 1559 etc]
506 1494 573 1549 God.
596 1492 681 1547 Μηνὶ).
703 1491 783 1547 Plils
800 1491 947 1563 proprium
965 1498 1066 1549 noster.
1089 1494 1163 1549 Gud.
1183 1500 1208 1551 l.
1229 1493 1279 1553 Pe.

122 1573 150 1621 et
166 1567 315 1634 proprium
336 1565 382 1618 u'rt
400 1572 425 1619 et
445 1566 525 1619 lectu.
547 1565 613 1618 Gud
630 1569 656 1620 2·
676 1563 724 1617 Pa.
746 1573 772 1618 et
788 1564 919 1632 proprius
938 1580 979 1616 nr.
1001 1565 1126 1628 ellectu,
1146 1566 1187 1620 lle
1210 1564 1279 1619 .Pt.

122 1645 149 1692 et
166 1638 311 1707 proprium
329 1643 424 1690 noster
442 1643 468 1690 et
488 1637 568 1691 tecto.
597 1637 670 1711 Aug.
699 1634 745 1691 Pb.
774 1644 800 1688 et
822 1635 959 1706 proprius
982 1644 1106 1690 nostram
1132 1643 1157 1689 et
1182 1585 1279 1691 eiecta.

110 1708 212 1778 llehd.
234 1718 264 1762 et
282 1710 355 1763 Gud.
377 1707 425 1761 m.
446 1725 472 1761 a.
494 1713 521 1761 et
537 1709 658 1777 propria
676 1715 703 1759 et
721 1707 814 1760 electe.
835 1708 909 1758 Mon.
922 1708 948 1759 l.
968 1704 1017 1760 m.
1039 1714 1135 1761 noster
1154 1715 1181 1762 et
1199 1710 1279 1762 lecta.

120 1783 197 1836 Mon.
220 1785 243 1835 1.
272 1788 305 1831 ut
324 1779 412 1834 Rehd.
435 1787 464 1833 et
483 1780 558 1833 Gud.
592 1780 673 1831 Unus
694 1778 744 1830 0x.
769 1783 794 1828 et
817 1778 937 1846 proprio
963 1793 1106 1831 numeram
1129 1785 1156 1831 et
1181 1780 1279 1833 electo.
1312 1840 1320 1848 .

122 1853 250 1918 Quatuor
267 1859 301 1902 ut
322 1854 395 1904 Mon.
415 1854 441 1907 2.
461 1868 528 1904 cum
541 1849 624 1903 Vind.
638 1855 660 1903 l.
672 1852 714 1911 a,
733 1868 807 1901 unus
827 1857 861 1901 ut
878 1847 961 1922 fleg,
980 1865 1055 1901 uuus
1073 1848 1160 1903 habet
1178 1849 1281 1903 lectum

121 1924 229 1976 omisso
247 1932 386 1988 poemata.
409 1955 440 1965 -
478 1922 581 1975 Noster
605 1921 747 1974 omittunt
765 1919 837 1972 Edd.
863 1926 935 1971 vett.
962 1933 1062 1972 omnes
1086 1928 1204 1989 praeter
1229 1936 1282 1975 no·

124 2001 214 2046 stram
240 1994 310 2047 Veu.
337 2011 457 2064 eamque
490 2009 591 2046 vocem
624 1993 694 2046 Ven·
723 1989 818 2051 Alteri
846 1990 877 2042 in
903 2007 993 2066 marg.
1017 1989 1113 2044 habet.
1159 1990 1282 2062 Recepit

121 2062 226 2117 deinde
243 2063 341 2120 hamb.
362 2083 398 2118 ex
411 2072 466 2117 vet.
488 2064 548 2117 cod.
571 2071 682 2133 etpost
701 2078 768 2115 euin
780 2060 869 2115 Gebh.
890 2077 926 2112 ex
945 2061 1015 2117 Pall.
1030 2079 1075 2145 pn
1097 2064 1191 2133 quint.
1212 2062 1280 2116 Fab.

121 2132 156 2188 ln
176 2134 234 2187 Pal.
254 2141 322 2189 tert.
345 2144 386 2189 cat
405 2143 437 2187 ut
457 2134 487 2186 in
507 2135 546 2187 lle
570 2173 587 2195 .,
607 2136 638 2187 in
658 2151 711 2189 sec.
733 2131 814 2185 Pttto
832 2132 917 2184 etiam
934 2148 1070 2201 proprsus
1088 2141 1193 2189 noster.
1221 2130 1281 2188 MS.

120 2206 350 2332 saeui·
364 2210 388 2329 t·
410 2152 1084 2329 sue-tmamenum
1104 2213 1136 2326 t
1152 2203 1281 2328 stt
1341 2226 1353 2246 ·

120 2317 208 2401 multi
227 2295 331 2410 niistei,
349 2296 429 2403 hild,
448 2296 539 2401 §.elle
560 2349 641 2400 Brut.
660 2316 707 2400 lte
726 2343 755 2396 h.
777 2361 854 2413 seqq.
893 2344 952 2400 Mr.
994 2313 1002 2341 ’
1076 2293 1115 2346 n)
1139 2312 1145 2326 ι
1223 2311 1231 2328 .

192 2419 228 2470 Et
253 2419 399 2486 propriam
428 2420 589 2483 numerum]
634 2416 759 2470 Uncinis
793 2414 940 2467 cinximus
965 2414 1052 2470 hasce
1078 2432 1174 2481 voces,
1210 2432 1281 2486 quas

121 2490 240 2542 omnino
267 2490 401 2541 nesciunt
421 2489 492 2542 Med.
514 2497 542 2542 et
561 2488 630 2542 Bak.
650 2486 783 2540 Tus-bant
809 2487 897 2538 etiam
916 2485 969 2538 alii
988 2486 1120 2553 Codices,
1149 2488 1203 2557 qui
1217 2490 1281 2541 fers

121 2559 202 2624 daut,
221 2557 302 2612 Philo
319 2563 345 2611 et
362 2559 512 2627 propriam
532 2566 629 2612 noster
646 2566 673 2612 st
691 2558 765 2610 lecta
781 2560 910 2624 poemate
930 2564 985 2613 eto.
1022 2558 1059 2611 D.

194 2636 220 2682 et
237 2630 385 2697 proprium
404 2632 558 2696 sumerum]
578 2631 678 2696 „llaec
691 2628 830 2681 vocabula
847 2645 951 2696 parum
966 2628 1041 2682 mihi
1060 2627 1166 2683 habere
1179 2628 1281 2683 viden·

121 2710 173 2753 tur
191 2698 362 2776 elegantiae,
381 2719 475 2771 neque
498 2703 687 2771 reperiuntur
711 2699 743 2751 in
762 2698 848 2752 Codd.
870 2697 947 2751 held.
969 2707 998 2753 et
1015 2700 1068 2753 Ed.
1090 2719 1154 2755 mea
1172 2700 1278 2754 veteri.
1312 2706 1319 2722 ⁶

123 2771 216 2839 Quane
236 2789 290 2825 nec
314 2773 425 2825 suflicit
451 2773 567 2825 uncinis
586 2790 619 2826 ea
638 2771 803 2833 includens,
832 2768 908 2839 quod
926 2771 999 2823 fecit
1015 2770 1106 2825 Dama
1140 2772 1281 2825 radicitus

122 2851 190 2894 sunt
210 2844 403 2914 exstirpanda.
442 2845 523 2896 Unus
541 2842 609 2896 cod.
631 2843 708 2896 boia.
734 2840 819 2895 habet
845 2839 968 2893 electa.“
992 2841 1174 2898 Bouhiers'us.
1202 2841 1280 2907 „llas

121 2928 206 2967 voces
223 2914 295 2969 Dav.
314 2916 431 2968 uncinis
455 2916 559 2979 cinxit,
588 2914 680 2968 veluti
700 2915 812 2983 spurias
832 2919 860 2964 et
879 2914 1075 2982 amputandas.
1111 2914 1165 2966 Est
1184 2921 1281 2967 tamen
1386 2968 1401 2979 ,

123 2986 186 3039 sine
205 2987 267 3040 illis
285 3005 385 3039 manca
405 2994 433 3041 et
451 3005 555 3058 parum
575 2987 717 3039 concinna
736 2984 837 3037 oratio.
875 2979 907 3047 Si
932 2985 1002 3052 quid
1022 2983 1108 3038 habet
1133 2984 1280 3067 caliginis,

121 3058 246 3109 conabor
274 3058 427 3127 depellere.
478 3058 556 3110 Duos
593 3057 696 3111 Cicero
723 3052 922 3125 philosophos,
947 3054 1122 3122 Dionysium
1149 3055 1281 3109 Stoicum

123 3134 152 3180 et
170 3126 323 3180 Philonem
342 3129 555 3187 Academicum,
575 3144 645 3197 quos
666 3125 788 3178 Athenis
807 3124 969 3185 audiverat,
991 3141 1148 3195 eorumque
1168 3124 1280 3194 stylum

123 3203 153 3248 et
171 3198 358 3265 explicandae
384 3200 511 3269 publicis
535 3198 709 3251 dictionibus
737 3194 941 3265 philosophiae
961 3197 1101 3252 rationem
1121 3201 1279 3318 comparat.

120 3266 252 3335 Uterque
279 3268 455 3321 admiscebat
483 3287 584 3322 versus
608 3267 749 3322 orationi:
780 3265 838 3318 sm
863 3265 890 3316 s'e
909 3268 989 3332 quasi
1008 3267 1125 3319 dictatu.
1164 3268 1184 3317 P
1207 3266 1279 3318 rasis

120 3353 175 3408 pen
193 3337 312 3406 ellipsin
331 3339 445 3401 mutila,
465 3341 515 3392 sed
530 3356 615 3409 quam
634 3338 722 3391 facile
740 3336 865 3405 supplet,
885 3337 935 3405 qui
949 3340 1014 3402 scit,
1034 3356 1089 3407 qua
1109 3339 1144 3392 de
1161 3356 1195 3391 re
1214 3354 1282 3410 aga·

122 3415 180 3460 tur.
219 3408 340 3461 Dictuto
357 3409 413 3462 hoc
432 3411 497 3464 loco
521 3411 564 3462 sic
583 3408 715 3483 intelligi
733 3407 826 3470 decet,
852 3410 1095 3475 quemadmodum
1115 3411 1146 3461 in
1166 3409 1229 3461 istis
1245 3405 1282 3462 de

120 3479 208 3532 Finn.
230 3479 253 3531 l.
273 3484 304 3536 l:
333 3479 436 3533 iisdem
455 3483 488 3534 de
506 3483 594 3534 rebus·
605 3496 714 3548 seraper
734 3477 817 3548 quasi
836 3478 942 3531 dictate
959 3481 1118 3533 decantare.
1152 3479 1195 3533 De
1212 3479 1279 3532 Nat.

120 3550 224 3604 Deosr.
245 3551 267 3603 l.
287 3555 335 3608 26:
363 3553 426 3604 latu
452 3559 546 3606 tomes
570 3567 588 3602 a
613 3553 690 3604 vobis
715 3556 851 3617 tunquam
877 3550 984 3603 dictam
1011 3553 1174 3605 redduntur.
1218 3551 1281 3603 lion

121 3623 220 3692 itaque
238 3623 311 3676 dicit
330 3622 452 3677 Cicero:
481 3623 649 3692 Dionysius,
675 3630 708 3673 ut
731 3622 855 3684 Stoicus,
890 3621 1005 3673 nullum
1030 3641 1152 3694 sequens
1177 3623 1281 3677 flerem

121 3696 271 3761 orationis,
301 3695 341 3746 ita
361 3694 481 3755 dicebat,
514 3694 598 3763 quasi
621 3693 730 3745 dietata
755 3691 903 3755 redderem
928 3694 1043 3745 nullum
1063 3695 1213 3748 adhibebat
1231 3693 1282 3746 de-

120 3763 240 3830 lectum,
270 3765 381 3817 nullam
409 3767 582 3842 elegantiam
605 3762 782 3838 aspergebat.
820 3761 903 3831 Philo
933 3765 1105 3850 adiungebat
1129 3764 1226 3818 verbis
1251 3770 1282 3816 et

120 3835 252 3888 versibus
275 3837 423 3904 proprium
449 3852 610 3898 sensnum,
629 3834 772 3909 seligebat
792 3840 935 3900 poemata,
955 3852 971 3887 e
989 3836 1091 3905 quibus
1109 3853 1212 3888 versus
1231 3851 1281 3886 ex-

121 3914 265 3974 cerperet,
294 3915 324 3959 et
342 3917 497 3977 excerptos
523 3904 685 3964 collocabat
709 3905 859 3981 eleganter
881 3903 940 3957 lucc
968 3906 1078 3963 idoneo.
1120 3905 1280 4027 Dionpsius

120 3992 179 4029 non
199 3974 370 4052 adiungebat
388 3978 536 4046 proprium
554 3991 708 4037 numerum,
731 3975 868 4045 quoniam
888 3975 969 4041 suasi
987 3976 1094 4029 dictum
1113 3979 1199 4032 redde
1219 3976 1280 4028 at.‘.‘

120 4049 281 4116 Anonymus
300 4065 344 4117 ap.
366 4049 522 4103 olivetum.
544 4075 576 4086 -
615 4045 766 4113 Proprium
791 4061 932 4099 numerum
958 4048 1030 4116 quid
1048 4051 1096 4112 sit,
1130 4064 1214 4103 nemo
1233 4049 1281 4100 in·

119 4119 246 4241 telligat,
267 4136 320 4171 nec
339 4121 494 4190 quisquam
514 4118 680 4188 explicavit.
700 4118 779 4168 abest
797 4125 894 4169 autem
913 4135 928 4169 a
947 4136 1013 4170 mss.
1042 4121 1199 4191 plerisque.
1221 4118 1278 4174 MS.

121 4191 185 4243 Gue
202 4193 220 4242 t.
243 4198 270 4243 st
282 4191 399 4259 propius
412 4197 522 4243 nostra.
537 4189 680 4241 assentior
695 4188 768 4240 visis
781 4187 885 4249 doctis,
905 4190 956 4259 qui
965 4188 1118 4244 delendum
1131 4198 1235 4262 pu'taut
1244 4208 1251 4252 ;
1260 4189 1286 4243 “.

121 4261 267 4312 Ernestus.
307 4262 361 4327 „ln
382 4263 447 4314 istis
466 4260 564 4315 verbis
583 4259 725 4329 quidquid
743 4258 875 4323 lateat,e
933 4277 990 4314 non
1010 4262 1178 4315 deleverim.
1206 4263 1281 4312 Nam

123 4331 363 4400 quemadmodum
392 4333 468 4387 lecta
502 4340 635 4402 poemata
656 4332 705 4397 iis,
740 4347 812 4399 quae
837 4349 875 4382 nu
892 4330 920 4384 lo
945 4332 1060 4385 dilectu
1088 4335 1285 4402 proteruntur

121 4400 205 4465 item,
233 4418 306 4471 quae
330 4403 395 4458 loco
414 4402 624 4480 adiunguntur,
656 4402 704 4467 iis,
732 4418 806 4472 quas
831 4402 913 4456 nulls
937 4403 1080 4480 elegantia
1106 4403 1280 4467 funduntur,

122 4471 255 4541 opposita
280 4480 364 4538 sunt,
397 4475 442 4528 sio
468 4475 576 4529 dictata
602 4473 863 4545 quaquaestum
890 4483 1084 4547 opponantur,
1112 4473 1280 4544 requirunt,
