2828 5070
123 283 186 348 oto
331 278 564 345 CICERONIS
587 275 1102 344 rasennammsettrer.

122 446 295 536 piendum,
332 446 437 509 vides.
483 446 575 509 Haeo
611 448 682 508 iere
708 445 772 507 hoc
798 453 952 526 tempore
981 446 1123 527 putavi
1161 442 1285 509 aare

123 532 238 594 cenda.
283 530 349 591 Sed
371 538 408 591 tu
430 534 571 592 fortasse
592 529 628 591 in
651 530 817 590 sententia
844 547 1044 609 permanea.
1094 529 1142 593 A.
1168 528 1285 591 teratu

123 634 224 676 vero:
255 633 372 694 meque
395 612 497 674 biduo
526 612 668 674 duarum
690 631 817 688 rerum,
847 630 929 692 quas
951 614 1117 674 maxime
1143 613 1285 683 timebat

122 717 222 779 spero
254 698 432 758 liberatum
456 705 557 759 metu.
599 695 646 758 M.
676 694 757 757 Cras
790 713 871 780 ergo
899 691 942 753 ad
971 695 1231 778 clepsydram:
1257 697 1286 755 ait

133 823 269 831 ..---.-·⁴‹
283 826 294 831 .-
310 824 400 831 -”,..,.
416 822 689 831 -ῌ---ᾞ

122 865 188 918 bino
208 867 327 930 faciunt,
347 852 430 917 vind
452 870 476 920 1.
496 865 525 918 ei
543 870 644 917 tanto
663 865 719 917 rint
737 869 768 916 et
787 860 899 928 ferendi
918 876 987 915 aaa
1012 866 1095 931 citet,
1125 865 1207 943 Aug.
1225 863 1286 919 Bell

122 955 202 1009 apr.
225 956 264 989 m.
284 941 311 991 ai
330 941 399 990 tanti
419 952 473 989 aaa
497 943 582 988 erent.
620 936 680 988 Mr.

195 1012 252 1065 an
271 1009 310 1062 ait
330 1008 553 1074 confugiendum,
578 1006 667 1073 uides]
704 1007 745 1059 Ile
768 1045 773 1055 .
798 1013 828 1058 et
852 1003 1005 1058 Pithoean.
1035 1012 1073 1059 set
1100 1008 1201 1062 videa.
1236 1010 1287 1081 laga

124 1085 152 1132 la
172 1081 260 1147 sides,
280 1089 312 1130 ut
330 1081 435 1132 habent
455 1080 526 1131 ltled.
548 1088 576 1130 ct
595 1085 707 1130 veteres
727 1024 806 1129 editi.
844 1076 880 1129 D.

196 1168 248 1221 quo
267 1151 306 1203 eil
325 1150 551 1217 confugiendum,
570 1148 672 1215 videa]
709 1150 788 1202 Unus
806 1149 857 1200 Ox.
879 1147 960 1214 quod.
979 1147 1069 1200 Gud.
1093 1154 1122 1206 2
1146 1167 1204 1220 pao
1221 1149 1288 1207 eiet5

125 1223 155 1272 in
175 1224 248 1289 Gud.
272 1228 294 1278 l.
316 1225 456 1294 scriptum
476 1232 517 1273 ost
537 1230 569 1273 ut
588 1222 686 1296 legere
704 1221 793 1290 possis
809 1238 837 1270 v.
858 1221 915 1271 rint
935 1236 963 1269 v.
984 1219 1106 1288 eima13
1130 1224 1222 1275 atara
1234 1221 1288 1275 Osi·

123 1294 208 1347 Vind.
231 1300 253 1350 l.
275 1295 330 1346 dno
350 1297 418 1348 Oxx.
437 1294 614 1360 fugiendum,
634 1292 708 1345 Gud.
728 1296 754 1346 2.
776 1305 873 1361 qaam
891 1290 1090 1356 fugiendam
1126 1293 1210 1348 idem
1227 1293 1288 1345 hta

124 1371 154 1416 at
173 1374 204 1418 at
223 1367 318 1428 mdes,-
337 1383 402 1417 cum
421 1367 490 1440 Reg.
511 1365 596 1417 hebet
615 1370 649 1416 al
668 1364 747 1416 eides
765 1362 840 1416 Gud.
863 1367 893 1421 13
939 1362 996 1413 uod
1018 1363 1100 1417 inde
1126 1365 1289 1440 corrigiae

77 1502 79 1507 ,
123 1434 201 1489 lebat
220 1443 254 1490 itt
274 1437 353 1489 videt
373 1445 414 1488 est
435 1437 465 1487 in
484 1437 550 1489 cod.
571 1437 656 1487 Viud.
676 1437 702 1488 2.
724 1451 814 1508 marg.
835 1433 891 1487 MS.
957 1450 983 1484 c.
1003 1434 1035 1486 ².
1060 1435 1142 1489 ΕΔΜ.
1173 1438 1207 1488 Α.
1226 1435 1288 1489 st.

124 1509 193 1559 Ven.
216 1519 305 1560 nostr.
328 1508 389 1560 Asc.
412 1512 434 1560 l.
472 1508 607 1578 Explicat
627 1507 714 1559 Em:
743 1523 781 1558 sc.
801 1505 835 1556 ad
854 1513 990 1568 mortem,
1012 1507 1164 1559 luteribus
1190 1508 1242 1559 sibi
1260 1508 1289 1557 ia»

124 1579 259 1631 serendis.
298 1579 331 1630 ln
351 1596 429 1648 seqq.
450 1578 517 1632 cod.
538 1577 612 1631 Gud.
631 1577 664 1630 ia
681 1574 820 1630 sententia
838 1577 969 1642 tartaree.
1007 1575 1060 1628 Ea
1081 1578 1230 1631 videlicet
1245 1585 1289 1629 ent

124 1650 275 1714 sententia,
295 1668 381 1719 quam
400 1650 494 1719 posuit
514 1649 637 1701 Auditor
656 1649 692 1701 11.
718 1652 742 1704 ὅ.
766 1649 813 1702 14:
841 1647 967 1700 dolorem
987 1648 1139 1702 existimo
1159 1650 1290 1702 maaian

124 1722 262 1773 maloram
281 1722 409 1774 omnium.
448 1719 755 1773 praetereuntem.
777 1719 850 1793 Aug.
875 1718 1032 1771 liberatam
1060 1721 1168 1784 [ores
1196 1722 1289 1774 scilieet

124 1810 270 1863 speramus
290 1793 443 1866 (cogitabat
462 1792 622 1853 librarius),
642 1808 715 1860 qnae
734 1792 832 1842 lutura
852 1798 926 1841 sunt.
964 1789 1028 1841 Mr.

196 1866 244 1916 Ad
261 1863 445 1933 clepsydram]
473 1863 516 1913 Ad
535 1863 755 1914 exercitationes
773 1861 956 1914 Rhetoricae:
979 1877 1051 1912 nam
1075 1864 1241 1934 clepsydra
1256 1879 1290 1911 va

125 1945 185 1987 erat
205 1954 275 2004 aqua
295 1936 424 2005 plenum,
444 1935 478 1985 ad
497 1935 577 1985 cuius
597 1951 758 1984 mensuram
779 1935 910 1984 Oratores
930 1929 970 1994 [et
986 1930 1147 1987 Rhetores
1167 1953 1235 1987 cum
1249 1934 1291 1984 dis·

125 2005 706 2130 etitRutili.alatreta·
719 2001 1289 2132 nii‘iigii‘liilild‘lss‘if'plffl'³'

245 2116 250 2126 .
306 2116 311 2126 .
387 2115 392 2126 .
580 2114 585 2125 .
1144 2098 1158 2129 s

126 2155 172 2215 σίᾳ
198 2148 282 2203 dixit.
306 2144 343 2207 ὡς
366 2147 395 2199 oi
419 2147 473 2219 μὲν
491 2148 567 2198 dllot
585 2146 692 2197 11P0⁴2
708 2141 815 2194 “Yatlr
834 2144 1011 2207 aemma,
1035 2147 1094 2197 τὸν
1120 2093 1291 2217 ἑημοσρθῖζ

126 2217 157 2271 di
176 2221 245 2289 apic
262 2215 338 2287 ὕδωρ
356 2220 483 2288 γράφειν.
503 2220 605 2269 Exstat
624 2217 697 2286 apud
712 2217 869 2267 [lucianum
889 2216 920 2266 in
928 2215 1010 2266 Ilem.
1022 2216 1161 2274 Eucom.
1174 2223 1254 2275 Tem.
1263 2220 1290 2271 11.

147 2309 191 2364 ag.
211 2292 271 2345 691.
311 2292 382 2342 Eius
401 2307 482 2359 saepe
502 2288 635 2341 meminit
655 2287 764 2337 Plinius
784 2287 814 2338 in
833 2287 985 2357 Epistolis;
1015 2287 1052 2339 ad
1075 2306 1149 2343 eam
1169 2292 1292 2345 adludunt

125 2308 264 2431 iyncsius
283 2362 366 2413 Dion.
386 2381 442 2436 pag
466 2400 471 2410 .
492 2363 536 2416 54.
558 2363 600 2414 55.
637 2358 816 2410 Themistius
836 2360 912 2410 Orat.
933 2357 1035 2409 xxv1.
1056 2377 1134 2436 pag.
1159 2368 1222 2420 314.
1242 2362 1292 2415 alii·

127 2450 196 2501 quo3
218 2450 278 2484 eam
298 2433 423 2501 denique
442 2379 593 2500 iesca-ipsit
613 2428 749 2498 Apuleius
769 2431 882 2480 Metam
904 2430 954 2481 ΙΙΙ.
975 2446 1042 2502 pag.
1066 2435 1117 2487 73,
1162 2436 1199 2488 D,

199 2505 270 2556 Cras
295 2520 365 2570 ergo
392 2505 430 2555 ad
456 2501 648 2570 clepsydram]
686 2500 775 2552 Relid.
802 2500 913 2551 omittit
939 2515 1028 2566 ergo,·
1052 2501 1120 2555 duo
1143 2507 1218 2559 On.
1245 2506 1293 2558 eim

127 2575 190 2627 loco
208 2576 313 2626 habent
333 2591 406 2626 cero.
445 2573 566 2625 lnGud.
607 2573 687 2633 lassa,
715 2588 749 2623 ex
768 2587 885 2640 persona
904 2570 1055 2634 auditoris,
1081 2580 1220 2630 extrusit
1238 2577 1294 2628 scri·

125 2646 218 2716 ptoris
243 2663 372 2696 inanum:
400 2655 441 2696 est
469 2644 544 2696 enim
574 2592 631 2694 iii:
662 2658 728 2693 crat
752 2659 821 2708 ergo
841 2641 930 2694 adde
956 2642 1136 2697 residua.
1178 2648 1293 2718 Respicit

126 2719 237 2769 Marcus
256 2717 288 2766 ad
308 2718 345 2767 ll.
365 2718 390 2769 3.
411 2720 442 2778 9;
464 2714 610 2787 intellige:
632 2714 852 2765 exercitationes
871 2711 1031 2764 rhetoricas
1049 2725 1127 2770 ante
1150 2721 1295 2772 meridiem

63 2794 71 2807 ⁸
126 2787 365 2838 continuabimus.
404 2787 464 2838 Mr.

198 2859 240 2909 aie
259 2859 330 2908 enim
350 2857 519 2923 dicimur]
557 2856 685 2918 „Veneti
702 2855 841 2918 decimae,
861 2864 893 2906 ut
913 2853 1156 2932 intelligendum
1183 2866 1222 2915 sit
1246 2864 1296 2915 dit·

125 2931 278 2999 putandum
300 2944 367 2980 esee.
407 2928 460 2980 Sed
479 2929 606 2999 priorem
626 2928 779 2979 lectionem
799 2944 856 2978 non
873 2935 944 2996 puto
963 2926 1233 3046 improbandamfl
1250 2935 1296 2987 Oe·

126 3001 276 3053 merarius.
299 3000 389 3051 Gebh.
411 3000 499 3050 edidit
519 2999 660 3062 darimm,
680 2997 846 3049 addensPal.
867 3006 960 3066 quart.
973 2997 1011 3048 Fa
1032 3015 1058 3048 r.
1072 3002 1179 3056 vatic.
1201 3007 1296 3058 habere

127 3073 260 3126 diximus.
300 3070 474 3135 ‚‚Daxinuts‚
500 3071 539 3121 ait
566 3070 670 3131 Bouh.,
696 3068 780 3120 habet
800 3068 866 3121 Cod.
886 3069 973 3141 Reg.:
998 3069 1167 3126 Leidenses
1194 3089 1224 3130 et
1243 3094 1296 3127 inea

126 3145 178 3196 Ed.
209 3153 266 3195 vet.
295 3142 427 3195 diritatis.
466 3143 539 3192 Vera
562 3141 649 3191 lectio
671 3140 873 3202 videturesse,
902 3155 974 3207 quae
1003 3136 1046 3191 ist
1073 3142 1107 3194 in
1138 3147 1217 3200 Edd,
1238 3148 1295 3199 ΑΜ.

126 3215 193 3269 liob.
215 3214 314 3284 Steph.
335 3214 408 3276 aliis,
428 3213 557 3264 dicimur.
579 3212 608 3263 C.
630 3214 655 3265 3.
677 3211 763 3262 dixit:
790 3225 851 3262 cam
869 3216 933 3262 ante
951 3209 1105 3265 meridiem
1131 3218 1297 3273 dictioni

127 3301 241 3354 operam
260 3286 443 3346 dedissemus,
460 3290 523 3351 post
543 3283 691 3335 meridiem
709 3281 740 3333 ia
759 3280 942 3333 Academiam
966 3280 1184 3342 descendimus.
1225 3290 1296 3342 luvi-

126 3366 168 3410 tat
189 3360 196 3407 i
220 3359 280 3408 itur
302 3356 475 3425 discipulum
495 3356 525 3404 in
544 3362 689 3424 posterum
708 3353 784 3404 ‹liem
803 3352 837 3404 ad
864 3351 990 3404 scholam
1009 3351 1203 3413 rhetoricam
1227 3363 1295 3425 (erat

126 3430 165 3481 ad
183 3376 385 3495 ciepspdram)‚
405 3426 508 3477 addens
528 3425 566 3476 ita
586 3426 663 3476 enim
681 3424 815 3488 solemus,
841 3423 882 3475 ita
906 3423 986 3474 uobis
1006 3439 1067 3476 mos
1098 3436 1130 3479 et
1159 3434 1240 3486 ratio
1257 3440 1295 3485 est

126 3499 240 3552 dicendi
258 3500 317 3561 (eie
335 3497 409 3549 caim
429 3496 630 3558 dictrnnrtf‘
667 3495 727 3547 Mr.

198 3568 248 3621 Sic
266 3569 338 3619 enim
358 3566 494 3631 diximus]
530 3565 586 3616 Vul
609 3565 783 3618 oderimus.
810 3565 847 3618 At
865 3565 923 3618 Pal.
944 3574 1037 3634 quart.
1059 3567 1184 3624 Fabric.
1206 3576 1292 3627 Vatia.

123 3639 234 3693 Elicna.
255 3647 322 3691 tert.
348 3640 472 3689 Petrens.
498 3645 527 3687 et
546 3584 613 3687 Bali.
634 3637 801 3700 lectionem,
829 3655 916 3706 quam
939 3637 1115 3706 recepimus,
1142 3645 1292 3699 exhibent.

124 3710 227 3766 Merito
247 3710 382 3781 quidem,
413 3726 477 3760 nam
495 3708 564 3760 huic
587 3708 675 3761 verbo
694 3708 888 3761 constituendi
911 3716 1034 3777 potestas
1060 3718 1107 3763 est
1124 3715 1291 3778 tribuenda.

123 3783 196 3834 Vide
215 3783 342 3835 Nonium
362 3782 392 3831 in
412 3781 513 3833 dicere.
553 3779 588 3832 D.
1147 3776 1151 3781 ’

195 3854 239 3906 aie
264 3852 339 3906 eaim
362 3849 502 3915 deerimus]
539 3851 609 3914 „lta
631 3851 787 3920 primariae
812 3859 934 3920 quatuor
957 3849 1028 3904 Edd.
1056 3862 1180 3909 nostrae
1206 3857 1291 3924 [Vici.

124 3927 197 3977 illan.
218 3925 314 3977 hamb.
337 3924 434 3990 Grut]
472 3921 526 3974 Sed
545 3920 615 3972 Buh.
638 3918 775 3983 dirimam·
802 3939 895 3990 neque
925 3922 955 3975 id
973 3922 1128 3989 recusabit,
1159 3931 1217 3998 qni
1237 3946 1292 3982 me-

124 3997 254 4059 minerit,
284 3995 360 4064 quod
385 4011 468 4064 supra
496 3993 570 4044 dixit
597 3992 722 4056 Tullius,
750 4010 789 4056 se,
815 3993 952 4061 quamdiu
973 3992 1005 4043 iu
1027 3994 1201 4052 Tusculano
1228 4018 1291 4054 cum

123 4066 223 4118 amicis
242 4067 310 4128 fuit,
330 4072 394 4118 ante
412 4063 559 4118 meridiem
578 4062 755 4128 dictioni,
775 4064 876 4132 utique
896 4062 930 4115 ad
947 4063 1143 4134 clepsydram,
1175 4087 1291 4140 epm
1343 4083 1345 4095 ·

126 4138 246 4192 dedisse.
285 4136 341 4188 Hic
361 4138 370 4187 i
394 4137 454 4188 itur
472 4134 646 4203 discipulum
666 4133 696 4184 in
715 4134 873 4186 crastinum
898 4132 932 4186 ad
956 4134 1071 4187 dicendi
1099 4143 1291 4195 exercitatio-

123 4226 191 4262 nem
211 4207 324 4259 invitat.
363 4155 438 4260 grae
457 4207 496 4259 od
514 4205 690 4275 clepsydram
707 4205 835 4257 dicemus
854 4221 933 4258 more
952 4214 1066 4272 nostro;
1085 4208 1132 4261 eie
1150 4211 1231 4265 enim
1248 4213 1292 4267 di·

124 4279 235 4334 cimae.-
266 4279 338 4332 haec
363 4287 461 4330 nostra
487 4278 560 4329 ratio
585 4285 635 4328 est.
679 4275 810 4327 Davisius
834 4292 904 4329 vero
931 4276 1065 4344 diximus,
1099 4298 1186 4334 sensu
1208 4285 1291 4337 valde

124 4351 281 4406 commodo.
317 4348 367 4403 Sic
391 4349 464 4401 enim
490 4348 613 4401 dirimat
640 4347 766 4399 facturos
789 4364 847 4399 esse
872 4363 932 4412 uos,
956 4357 985 4400 et
1011 4349 1088 4402 diem
1115 4355 1289 4422 pertituros.

125 4422 218 4476 Nemo
237 4431 366 4494 quaeret,
394 4420 507 4491 opinor,
529 4418 708 4488 quandonam
727 4417 758 4470 id
777 4417 880 4473 Cicero
898 4419 1042 4489 amicique
1060 4420 1204 4478 dixerint.
1243 4427 1291 4481 Sa·
