2828 5070
422 297 431 321 ’
544 304 673 369 mono
693 303 721 386 l,
741 304 792 372 24.
1186 306 1248 375 m

68 484 197 552 nuper
216 466 430 550 chartusiae,
458 479 594 554 muts,
621 471 678 556 qui
699 467 799 534 modo
828 470 906 551 tuit,
937 468 1092 554 §aptius
1114 468 1247 537 Metro

62 657 202 710 dicitur.
241 656 312 710 Vide
331 657 374 712 cl.
395 657 567 714 Sallustium
584 660 688 714 Exere.
708 660 782 714 Plio.
809 676 874 780 paq.
894 661 938 715 49.
968 656 1007 783 [ξ.
1026 662 1071 715 dd.
1101 659 1144 714 ed.
1163 658 1243 728 Trai.

72 731 162 784 1689.
184 730 205 781 f.
225 728 276 794 m]
315 729 386 781 Eius
404 730 574 785 memoriam
600 731 681 785 hisce
705 730 803 784 verbis
827 748 860 785 oe
875 730 954 783 ebrat
1000 746 1087 784 eneca
1105 731 1256 790 Contror·.

64 801 213 852 Prooem.
242 799 344 854 cineus
364 826 398 838 -
417 802 522 855 missus
542 818 560 855 u
577 800 688 872 Pyrr-llo
706 801 818 870 tegatur
837 800 876 854 od
894 800 1039 868 Ronanus,
1060 811 1176 870 postero
1194 801 1244 857 dir

68 884 171 924 musta
188 868 268 925 bomo
286 870 465 925 essenorum
483 877 511 927 et
530 890 636 928 omum
653 873 789 927 urbanam
807 872 1005 940 circumfusum
1029 872 1135 941 plebeus
1158 873 1244 927 κοιί-

73 940 463 1068 πξὸαεΜςνὶσΙῖιηιᾳὶυΙῗΪυῦ.
500 942 612 1068 Adii*
625 953 661 1069 Bt
679 945 807 999 Plinium
825 945 860 996 H.
880 944 917 998 N.
936 944 1002 1011 Vll,
1020 946 1065 999 tt.
1093 961 1126 999 ao
1145 943 1245 999 llisto·

69 1029 143 1065 rese
191 1029 307 1068 nscese
340 1034 377 1065 ι.
429 1033 520 1067 .e.
582 1055 661 1068 ..

156 1082 270 1149 cineus]
312 1085 433 1138 Pravam
454 1032 653 1157 Pieiiptionem
681 1087 791 1158 cyneus
816 1094 1006 1140 servaverunt
1036 1095 1143 1152 temen,

75 1152 196 1207 Davisii
214 1155 437 1222 correctionem,
463 1158 535 1210 Ern.
554 1158 617 1230 Bip.
638 1159 728 1211 Nobb.
748 1174 867 1227 esmque
886 1156 1072 1211 exhibentes
1093 1166 1154 1210 tem
1172 1092 1245 1209 ὅς.

78 1224 172 1278 blarb.
201 1228 276 1279 blon.
296 1228 322 1280 2.
348 1235 378 1280 et
400 1227 473 1280 Edd.
500 1236 572 1281 vett.
603 1245 695 1299 usque
720 1228 755 1282 ad
778 1228 863 1281 Grut.
900 1228 1018 1280 Probum
1040 1228 1078 1281 he
1114 1235 1148 1280 nt
1171 1228 1243 1305 Ηος.

81 1294 159 1381 Gud.
181 1300 206 1351 1.
226 1299 261 1382 2..
272 1296 316 1381 (bi
334 1298 476 1382 scriptum
493 1296 599 1352 babent
618 1300 750 1366 (leirena,
762 1308 803 1384 ‘ut
820 1316 850 1384 se
869 1298 901 1351 in
919 1299 1122 1384 entiquissimo
1139 1297 1246 1385 Codice

79 1366 1244 1563 lu..ttee:elegoarrunte:enituerunt:

82 1508 252 1650 millioli}
270 1510 452 1665 illidii
467 1513 524 1636 ..¹1¹3
544 1511 855 1637 didoffiaffi‘dc'is
866 1529 899 1634 T
906 1511 1194 1637 oiiitliiffnlffl
1209 1580 1246 1637 t·

81 1650 270 1734 Plutarchum
293 1670 324 1703 sn
349 1652 463 1723 Pyrrho
487 1670 512 1706 o.
532 1655 591 1706 XV.
612 1672 674 1725 sqq.
707 1661 859 1725 praeterea
884 1653 1090 1707 Hoffmannum
1117 1655 1149 1706 in
1172 1655 1246 1708 laer.

81 1721 265 1847 Umdtlunld
291 1722 381 1860 einiger
407 1792 582 1847 Charmadas
603 1825 635 1838 -
654 1792 785 1863 Scepsius¹
811 1793 1007 1862 Metrodorus]
1051 1800 1088 1851 ln
1114 1793 1244 1916 vulfino

83 1867 130 1917 est
147 1862 313 1929 Comedus,
342 1863 435 1917 acite
453 1880 567 1934 quoque
584 1864 737 1920 Turnebus
764 1864 884 1922 Advers.
903 1864 938 1929 X,
960 1868 1001 1920 ld.
1020 1880 1049 1936 p.
1070 1865 1132 1920 320.
1194 1880 1245 1918 um

82 1948 156 2018 vero
174 1933 293 1988 Graecis
311 1934 474 2019 liuppoldus,
498 1936 738 2021 nonoliuppddo‘c,
757 1935 890 1997 dicatum
914 1935 1076 2021 prpborum
1101 1933 1245 2021 (lodicum

82 2003 761 2149 limittitdilituit?
775 2003 1243 2147 inillss’lmoltlilt

83 2146 249 2200 Carneaden
267 2154 498 2216 repraesentant,
526 2148 574 2201 sed
600 2149 639 2202 iis
663 2148 740 2201 ratio
754 2154 924 2217 temporum
996 2156 1099 2225 ugnat,
1130 2156 1165 2200 ut
1182 2150 1245 2201 fuss

82 2214 167 2270 docet
198 2218 276 2272 loan.
305 2215 422 2270 lonsius
447 2217 525 2270 Hist.
550 2217 626 2271 Phil.
656 2219 706 2272 lib.
731 2217 769 2270 ll.
805 2235 867 2289 esp.
893 2164 1018 2274 14.Ἓί
1052 2235 1119 2272 sans
1146 2218 1246 2288 placet

83 2286 256 2354 Gboetnt'des,
276 2285 352 2360 qood
371 2287 472 2341 eodem
491 2289 578 2341 redit.
617 2288 834 2356 Quinctilianus
857 2296 956 2341 temen
974 2288 1073 2341 instit.
1093 2289 1171 2339 Orat.
1191 2286 1243 2339 lib.

81 2358 129 2411 xt.
150 2375 213 2429 cap.
234 2361 259 2415 2.
297 2359 388 2415 Quare
405 2365 433 2412 et
452 2359 623 2426 Carneades,
642 2366 670 2414 et
688 2359 830 2427 Scepsius,
849 2359 883 2410 dc
902 2374 957 2427 quo
973 2358 1056 2410 modo
1074 2357 1149 2419 diri,
1179 2357 1245 2409 Me·

83 2431 226 2492 teodertus,
254 2445 321 2498 quos
347 2429 451 2483 Cicero
476 2429 548 2483 dicit
572 2445 639 2482 usos
661 2427 712 2482 boc
739 2428 944 2482 exercitatione
969 2425 1032 2494 (lib.
1053 2426 1089 2479 ll.
1110 2427 1146 2479 de
1165 2426 1243 2479 Orat.

82 2502 171 2564 extr.)
196 2500 255 2552 sits·
280 2497 399 2552 tautane
425 2515 485 2554 suo.
528 2500 699 2578 legendum
724 2497 897 2573 cbormodos
920 2497 970 2551 vel
992 2495 1172 2562 otcrmtoes,
1197 2497 1245 2549 iu·

81 2570 170 2624 bente
187 2568 394 2647 chronologia.
432 2570 468 2624 D.

153 2666 258 2726 quomo
284 2677 373 2730 nuper
398 2658 583 2728 coarmatus]
619 2656 704 2712 Nihil
732 2659 840 2714 certius
866 2655 923 2712 hac
948 2657 1118 2730 scriptione,
1155 2674 1245 2728 qoam

83 2725 223 2785 exhibent
240 2729 310 2783 libri
329 2731 513 2802 paucissimi;
531 2749 566 2785 ex
585 2732 694 2785 nostris
713 2731 830 2785 nonnisi
850 2728 925 2784 Gud.
945 2732 971 2785 2.
999 2738 1037 2794 et,
1062 2738 1097 2781 ut
1116 2727 1245 2798 videtur,

83 2801 156 2877 Reg.
177 2802 305 2872 itemque
325 2811 450 2871 quatuor
468 2800 671 2855 Gebhardiani.
709 2802 844 2855 Proxime
869 2800 1010 2854 accedunt
1029 2799 1062 2865 ii,
1088 2800 1119 2852 in
1159 2802 1245 2855 uibus

84 2872 313 2937 ostermarus,
333 2872 408 2926 Gud.
429 2873 451 2925 l.
473 2881 503 2925 et
521 2888 593 2942 quos
612 2873 742 2943 inspexit
759 2870 921 2925 Turnebus.
960 2869 1139 2926 otameatee
1179 2873 1246 2926 abet

83 2942 168 2996 Viod.
187 2945 214 2998 2.
235 2941 309 2996 unde
327 2943 447 2996 transiit
471 2944 599 2997 nominis
626 2944 747 3013 scriptio
774 2944 806 2996 io
825 2943 1044 3013 corruptionem
1069 2942 1244 3008 Carneades,

106 3031 159 3068 ose
178 3022 301 3083 occupet
319 3015 450 3084 reliquos
470 3014 559 3069 Codd.
579 3013 636 3066 nisi
656 3015 732 3084 quod
751 3015 782 3066 in
800 3028 859 3066 uno
878 3013 928 3068 01.
951 3013 1168 3076 estCordanos,
1187 3010 1243 3065 m

84 3032 114 3138 d.
134 3083 222 3137 babet
243 3084 416 3151 Cornedeos‚
444 3101 517 3156 quae
540 3093 636 3138 tamen
664 3086 786 3154 scriptio
811 3085 868 3136 iem
895 3082 1065 3152 displicebat
1091 3082 1244 3149 beroaldo,

124 3157 135 3207 i
162 3155 269 3208 dudum
295 3164 363 3209 ante
387 3158 519 3209 Jonsium
544 3156 585 3218 (v.
611 3152 681 3208 Dav.
712 3154 822 3220 annot.)
854 3151 980 3206 malebat
1012 3152 1175 3206 Charmides
1208 3166 1245 3206 st

84 3173 159 3278 glis).
181 3225 228 3291 [Η.
246 3207 368 3299 N.⁶Vll.
388 3226 444 3292 it]
471 3226 521 3279 ubi
539 3227 597 3279 iam
616 3226 683 3278 inde
701 3224 735 3278 ab
754 3224 903 3278 Harduino
922 3222 1034 3298 legitur
1052 3222 1246 3277 coarmatus

83 3298 169 3350 cuius
195 3295 253 3348 vid.
280 3296 348 3350 edit.
373 3315 401 3369 p.
422 3300 483 3352 387.
511 3305 541 3350 et
567 3305 665 3349 annot.
692 3297 758 3349 orit.
778 3296 904 3350 LXXIX.
928 3311 957 3363 p.
977 3296 1038 3350 425.
1059 3311 1102 3357 a.,
1128 3294 1160 3347 in
1187 3311 1245 3365 qua

84 3366 251 3420 llarduinus
275 3383 389 3438 quoque
408 3367 545 3422 Ciceroni
570 3385 669 3421 veram
687 3367 746 3420 sori
769 3367 880 3419 tionem
901 3364 1043 3433 vindicet,
1069 3364 1146 3436 quod
1170 3365 1245 3419 item

82 3440 156 3493 tecit
175 3436 367 3491 Hoffmannus
387 3439 419 3491 io
438 3438 507 3491 Lex.
527 3437 607 3490 univ.
629 3457 651 3494 s.
673 3439 747 3490 uc
784 3437 907 3490 medus.
944 3437 1049 3513 „Lege
1068 3441 1175 3506 quanto
1193 3450 1246 3503 net·

81 3527 133 3579 per
153 3506 358 3563 clarnodus.“
376 3508 532 3562 Lambinus.
570 3507 642 3561 Adi.
660 3509 696 3560 ll.
715 3508 825 3563 valesii
847 3507 1014 3564 Emendatt.
1033 3507 1057 3560 l.
1077 3509 1121 3562 22.
1171 3508 1245 3565 Ab.

84 3581 127 3634 ed.
157 3581 314 3636 Burmann.
340 3580 455 3633 Lambb.
484 3587 513 3633 et
540 3577 632 3635 Gebh.
657 3579 802 3634 dederunt
836 3578 1000 3633 comodat.
1039 3578 1101 3632 lam
1134 3524 1245 3633 dltdum

83 3654 173 3706 etiam
193 3648 372 3705 cbormudue
391 3668 497 3705 nomen
516 3651 686 3704 restitutum
703 3657 748 3705 est
765 3652 797 3703 in
815 3649 890 3703 locis
905 3649 1056 3704 Ciceronis
1074 3649 1152 3717 eliis,
1171 3664 1245 3721 quos

83 3720 183 3776 laudet
210 3721 329 3778 debite.
358 3725 390 3776 in
417 3723 485 3776 Lex.
512 3721 574 3775 Cio.
600 3739 621 3774 s.
641 3739 670 3777 v.
696 3739 733 3774 ex
759 3721 864 3791 quibus
892 3717 951 3774 buc
973 3721 1100 3775 maxime
1118 3721 1191 3773 facit
1208 3718 1245 3775 ds

84 3792 132 3846 0r.
153 3794 191 3846 ll.
212 3796 256 3848 88.
276 3796 337 3849 360.
358 3792 472 3859 (Schtz.
492 3809 648 3863 perperam
667 3792 765 3846 laudat
784 3808 845 3862 osp.
866 3791 939 3858 to),
959 3791 1009 3844 ubi
1027 3793 1115 3846 etiam
1133 3788 1246 3861 Secpst‘i

84 3864 248 3919 Metrodori
265 3865 301 3916 dt
318 3867 437 3918 mentio.
476 3865 512 3918 ln
530 3864 704 3934 posterioris
723 3870 820 3917 autem
839 3863 898 3916 riri
917 3862 1036 3916 nomine
1060 3879 1120 3916 non
1146 3863 1245 3916 minus

82 3937 210 4006 peccari,
229 3953 316 3990 nemo
335 3935 499 3989 mirabitur.
539 3934 620 4000 Quod
642 3933 792 4004 praecedit
812 3933 869 4000 fuit
894 3934 973 3988 obest
998 3951 1014 3986 a
1037 3931 1146 3988 duobus
1170 3933 1244 3987 Oxr.

83 4015 112 4061 et
136 4007 210 4062 Gud·
231 4011 274 4073 23
299 4008 371 4083 Reg.
395 4005 471 4062 Gud.
491 4012 515 4063 1.
547 4005 688 4073 Serpsius‚
714 4005 758 4058 Au
780 4042 787 4056 .
815 4005 945 4072 Saepius,
975 4001 1030 4058 duo
1059 4004 1131 4060 Oxx.
1155 4002 1244 4060 blsrb.

82 4077 172 4134 liehd.
193 4078 370 4146 pseusippus,
390 4096 463 4131 unus
482 4077 533 4131 01.
553 4085 583 4131 et
601 4079 675 4130 Mon.
695 4079 722 4132 2.
786 4077 815 4133 io
833 4091 903 4132 vero
920 4077 1039 4146 punctis
1058 4075 1244 4146 subscriptis)

82 4150 267 4219 Speusippus,
287 4150 362 4206 Gud.
382 4153 408 4205 2
427 4148 526 4205 Duisb.
547 4157 577 4202 et
595 4166 669 4200 unus
689 4147 739 4200 Ox.
760 4149 877 4216 seprius,
896 4147 1031 4203 aliusOx.
1047 4148 1150 4216 sepius,
1170 4162 1245 4201 unus

82 4219 208 4290 sepba‘us,
227 4221 299 4275 Edd.
320 4220 355 4278 ll.
376 4219 408 4273 C.
427 4223 460 4276 V.
482 4221 517 4272 Μ.
538 4217 679 4288 Scepiiun
704 4218 756 4271 Ed.
776 4220 804 4271 P.
825 4217 956 4288 Scepbus,
980 4218 1034 4271 Ed.
1054 4220 1087 4272 Α.
1107 4218 1244 4286 Seipss'ss,

81 4293 136 4346 Ed.
158 4294 228 4346 Ven.
249 4300 340 4346 nostr.
361 4292 496 4359 scepsuis,
516 4290 577 4346 Asc.
597 4293 623 4346 2.
644 4290 776 4358 sceptiua.
795 4288 879 4342 vind.
902 4294 925 4344 1.
951 4287 1074 4357 Septius.
1113 4290 1148 4342 ln
1173 4286 1245 4341 reli·

104 4365 152 4417 uis
169 4381 240 4419 vera
259 4372 303 4417 est
321 4364 453 4434 scriptio.
491 4362 533 4416 De
552 4361 667 4431 Scepsio
684 4361 853 4415 Metrodoro
869 4360 942 4426 vid„
990 4378 1057 4415 uem
1076 4378 1107 4414 su
1131 4375 1162 4411 rs
1180 4357 1245 4410 lau»

119 4436 228 4502 rimus,
247 4435 377 4491 Plinium
396 4435 416 4488 l.
437 4450 462 4494 ο.
482 4433 553 4507 ibiq.
572 4432 661 4488 llard
681 4441 711 4488 et
728 4432 865 4489 universe
883 4448 956 4504 quos
969 4379 1074 4487 laudat
1117 4428 1243 4491 icerooia
