2828 5070
584 294 713 361 LIBER
733 293 762 370 1,
782 295 836 364 to.
1216 296 1278 367 ttt

204 461 258 531 lte
278 465 368 531 enim
390 463 557 546 censebat,
577 466 690 552 itique
704 464 876 533 disseruit:
898 462 980 533 dues
994 485 1065 534 esso
1084 467 1155 533 viss
1171 465 1321 552 dupli-3⁰

103 563 242 634 nosque
263 571 381 615 cursus
406 553 597 613 animorum
618 572 637 614 e
658 571 802 634 corpore
829 550 1069 615 excedentium.
1112 551 1199 614 Nem
1221 553 1321 635 quitt

103 653 151 697 ιο
175 635 334 697 humenis
354 635 448 697 vitiis
478 636 807 713 contaminavissent,
841 643 876 696 et
903 653 939 698 se
967 640 1055 694 totos
1082 631 1280 698 libidinibus

192 821 276 873 Duos
290 837 355 887 fase
373 821 447 888 vias]
472 822 545 877 Vide
569 822 697 875 Platonis
715 820 896 876 Phaedonem
923 837 988 896 pag.
1007 820 1070 876 386·
1090 837 1149 890 seq.
1168 828 1197 873 st
1215 822 1277 876 318.

103 907 204 962 seqq.
240 891 283 944 Ea
300 892 399 945 laudat
415 891 551 946 Stobeeus
569 893 642 946 Eclo
666 930 672 944 .
692 892 778 962 Phys.
796 909 832 963 pa
876 930 880 942 .
906 894 1073 947 135-141.
1110 889 1161 945 De.
1172 890 1280 945 duabus

103 971 221 1016 nutem
247 961 306 1015 viis
324 962 417 1016 multa
441 964 609 1017 Lactantius
663 910 1129 1032 iv.1nst.1iiit¹1.cspp.3‚l.
1151 959 1279 1031 etEpit.

103 1049 183 1104 up.
204 1034 250 1087 ⁵9.
287 1032 377 1087 Adeas
397 1036 484 1088 etiam
503 1034 686 1088 Clementina
703 1034 787 1088 Hom.
807 1032 872 1084 v11.
894 1048 956 1102 cup.
976 1036 1001 1101 1.
1039 1031 1076 1087 D.

108 1107 112 1111 ’
193 1102 276 1156 Duos
294 1119 355 1157 ecre
373 1105 449 1172 vioe]
474 1105 556 1158 Unus
575 1105 624 1158 Ox.
646 1104 691 1172 (ψ)
711 1102 946 1172 duplicesque
965 1102 1035 1155 vioe.
1068 1104 1143 1154 Mon.
1164 1102 1188 1155 1.
1210 1102 1281 1155 deor

103 1171 237 1228 etiam
264 1174 333 1231 vioe.
362 1176 437 1230 Mon.
458 1179 482 1231 2.
512 1172 602 1229 liehd.
632 1175 704 1228 duos
728 1172 792 1226 olor
817 1189 886 1226 erce.
923 1170 999 1225 Tum
1026 1190 1102 1224 uuus
1129 1170 1180 1223 Ox.
1200 1171 1280 1238 (Ed.)

103 1242 304 1313 duplicesque
329 1245 425 1307 oium
452 1244 528 1297 Tum
555 1245 614 1299 scri
636 1246 660 1298 si
684 1261 699 1298 e
721 1260 837 1312 corpore
864 1260 931 1297 cum
955 1241 1026 1296 Dar.
1055 1240 1199 1297 FAWoli.
1229 1241 1279 1296 Or.

103 1313 206 1369 Solus.
229 1313 310 1370 lioel.
335 1333 372 1370 ex
398 1315 486 1369 eodo.
511 1316 580 1391 lieg.
638 1313 684 1367 ud.
705 1318 730 1369 1.
751 1317 776 1369 2.
803 1316 879 1367 Mon.
899 1316 924 1369 2.
950 1311 1041 1367 Rehd.
1069 1310 1169 1364 Duisb.
1190 1313 1279 1367 Merb.

103 1385 148 1439 ln
169 1384 265 1470 ,vind
287 1389 311 1440 1.
338 1394 390 1470 est·
408 1402 442 1470 ex
465 1387 639 1455 corporibus,
670 1387 701 1438 in
719 1385 804 1438 ‘idom
826 1389 850 1439 l.
877 1400 892 1436 e
915 1399 1033 1468 cos-pose
1056 1389 1091 1435 et
1115 1399 1172 1435 exc.
1202 1382 1278 1440 cut

103 1463 596 1594 ffiiidbniriabidblttiodmcldrpcdlr?
606 1451 1196 1592 hbtbdeautssiloluffutlviddlblifflliddpllin
1205 1461 1278 1580 11111

103 1604 156 1663 et,
184 1593 266 1647 bunc
292 1614 406 1668 qnoque
430 1595 606 1651 Ernestiane
630 1611 759 1650 errorem
784 1603 902 1719 typogr.
921 1611 1095 1670 propagans,
1119 1593 1278 1648 Nobbianu.

103 1668 151 1721 lu
186 1664 277 1790 Vinpi
295 1673 319 1723 1.
352 1668 464 1744 legitur
494 1666 729 1722 discedentiums
756 1665 789 1719 iu
839 1684 888 1742 ug.
915 1681 956 1719 ee
978 1681 1095 1734 corpore
1120 1664 1279 1720 disceden-

103 1738 200 1793 riam.
274 1755 300 1791 r.

189 1806 267 1860 Nom
285 1809 335 1879 qui
348 1828 378 1864 re
405 1810 569 1867 iomanis
591 1814 625 1868 oi
632 1813 701 1867 tiis
720 1806 1037 1879 contaminavissent]
1064 1807 1191 1864 Bentleii
1209 1825 1278 1864 con·

103 1881 264 1935 §ceturam
284 1881 342 1933 vid.
363 1883 395 1935 iu
414 1885 449 1949 ej.
470 1892 567 1938 unnot.
606 1885 685 1952 Quod
702 1902 773 1939 vero
791 1885 841 1938 vir
863 1885 916 1939 ille
934 1883 1134 1957 sagacissimus
1153 1895 1207 1949 pro
1226 1877 1278 1932 bat-

103 1951 216 2004 msu’s
234 1952 364 2005 correxit
382 1951 562 2020 immunibus,
591 1957 623 2008 in
647 1973 680 2010 eo
706 1955 816 2010 dudum
840 1954 867 2009 ei
885 1955 1014 2026 praeivit
1031 1951 1198 2015 thollius,
1267 1950 1278 2003 i

103 2021 148 2074 in
170 2036 234 2143 Ἣ
244 2026 454 2148 commentapio
470 2026 682 2150 Ι,Ἀναῗααίὸαα
706 2026 757 2091 ait,
785 2027 852 2102 lego
872 2043 908 2078 ex
928 1967 1278 2151 {oniicm'bii'fb'sffii

103 2162 215 2287 ii³‘³¹¹'
232 2109 1276 2241 tt“stittttmtlttttulit?cittii?elisisti,

140 2233 305 2308 eliogabali
324 2238 512 2307 omniumque
535 2246 730 2308 tyrannorum
756 2255 789 2290 ec
814 2245 1021 2308 protervorum
1046 2243 1076 2290 et
1094 2235 1276 2288 nefariorum

103 2302 304 2361 homiuusn.“
331 2307 392 2363 Mr.
429 2309 491 2361 Vid.
514 2309 548 2361 de
566 2313 698 2377 καθάρσει
717 2307 819 2363 Gedik.
842 2308 877 2360 ad
895 2307 966 2360 Plat.
987 2307 1100 2360 Menon.
1119 2321 1148 2374 p·
1167 2306 1211 2360 2⁹.
1231 2303 1275 2357 etl.

103 2376 226 2431 nutem.
247 2374 415 2430 Stallbnnm.
435 2379 570 2504 Prolegp.
589 2381 625 2433 ed
642 2379 753 2432 Phileb.
772 2397 801 2449 p.
821 2376 942 2434 XXIX.“
966 2373 1082 2430 Scbucb.

188 2446 332 2500 Humanis
350 2448 450 2515 vitiis]
482 2453 525 2508 Ἐξ
558 2454 667 2511 ναπαίας
689 2448 809 2502 bumana
826 2448 898 2501 αἰσία
915 2447 1099 2515 Deorumque
1116 2445 1205 2497 ritum
1223 2459 1276 2513 po-

103 2518 169 2573 nit.
208 2518 280 2571 Vult
295 2526 394 2573 antem
414 2537 456 2584 es,
484 2522 589 2591 quibus
607 2520 723 2572 obnoxii
748 2536 856 2584 sumus,
884 2517 1022 2588 quamdin
1041 2515 1212 2585 corporibus
1229 2516 1277 2567 in·

104 2586 276 2642 eludimur.
314 2589 363 2642 Sic
381 2587 543 2658 ἀνθρώπινα
562 2597 717 2653 πταίσματα
736 2590 812 2643 dixit
830 2590 940 2644 Aeneas
954 2587 1081 2640 Gnaeus
1102 2583 1273 2657 inTbeopb.

131 2677 149 2712 a
176 2696 183 2708 ·
211 2661 273 2714 3811.
300 2658 335 2713 D.
369 2658 535 2729 ἀνθρώπινα
560 2669 768 2730 παραπτώματα
799 2659 931 2714 clemens
964 2660 1048 2712 Hom.
1073 2657 1136 2714 Vll.
1164 2673 1196 2710 ce
1219 2695 1227 2711 .
1247 2659 1273 2714 7.

172 2731 283 2799 poium
307 2727 490 2802 ἁμαρτήματα
517 2733 657 2808 Origenes
682 2736 744 2798 περὶ
763 2727 845 2798 εὐχῆς
867 2729 888 2795 5.
909 2733 953 2785 2³.
985 2731 1030 2782 Au
1072 2730 1167 2781 stiuus
1210 2727 1272 2782 .D.

107 2800 167 2854 lib.
189 2800 228 2854 11.
253 2817 314 2870 cap.
334 2802 359 2853 t.
398 2803 509 2856 Mirum
534 2803 665 2866 nimium,
690 2802 718 2854 si
741 2803 815 2854 ultus
837 2801 879 2854 s'os‘
903 2804 966 2854 erat
986 2816 1023 2869 pu
1043 2816 1075 2852 or
1098 2799 1273 2866 mortalium,

109 2887 171 2941 quo
189 2869 315 2924 humane
333 2873 445 2949 flagitia
463 2891 516 2926 non
539 2874 627 2926 libere
645 2871 771 2926 buettner
789 2872 994 2924 committerent
1018 2886 1088 2941 quoe
1106 2872 1181 2938 opud
1197 2871 1273 2924 Deos

111 2941 207 2995 etiam
226 2942 363 3010 religiose
381 2944 529 2998 discerent.
568 2945 648 2997 ldem
666 2935 760 3013 Epist.
779 2942 854 2996 xlx.
874 2962 940 3029 peg-
961 2945 1006 3000 2⁹·
1042 2941 1138 2994 Facile
1165 2942 1199 2993 de
1226 2940 1274 2994 bo-

104 3012 192 3072 yms'ne
215 3009 342 3068 bumana
369 3015 441 3068 vitia
468 3015 618 3084 suspicari.
654 3015 727 3068 Vide
752 3019 781 3067 et
798 3008 971 3068 Terentium
996 3010 1120 3082 Adelph.
1139 3012 1204 3064 Act.
1224 3011 1272 3064 lv.

110 3080 160 3137 ὅσ.
181 3084 218 3148 V,
237 3086 280 3138 53.
307 3100 339 3136 ec
359 3083 498 3139 Senecam
516 3087 550 3140 do
568 3084 720 3154 Tranquil.
741 3101 803 3155 cap.
824 3087 865 3140 15.
897 3084 933 3140 D.

184 3169 350 3226 iomanis
367 3173 459 3240 vitiis]
479 3174 558 3228 Addo
577 3174 612 3228 ud
620 3172 690 3226 Dav.
712 3191 778 3225 unu.
799 3190 840 3238 ea,
859 3189 931 3242 quae
949 3169 1121 3225 bouhierius
1139 3170 1175 3223 ad
1185 3168 1273 3223 Bent-

110 3240 243 3297 leiunam
261 3242 489 3298 emendationem
507 3245 635 3298 monuit:
670 3245 829 3318 „Agnosco
849 3261 925 3309 sene,
957 3241 1034 3314 quod
1051 3243 1092 3295 eit
1111 3237 1271 3306 bentlejus,

112 3312 145 3367 iu
166 3329 225 3363 usu
244 3324 303 3367 esre
322 3321 352 3367 et
370 3316 517 3368 communi
537 3325 566 3370 et
585 3315 745 3377 Ciceronis,
773 3322 805 3366 ut
823 3310 944 3366 Murena
961 3309 1033 3366 vitio
1056 3312 1192 3365 dicantur
1210 3329 1273 3365 me·

112 3382 228 3437 liseria
256 3389 285 3435 et
309 3387 493 3442 excusabilia.
538 3387 576 3439 At
606 3387 685 3439 euim
712 3384 883 3455 philosophi
912 3399 1066 3454 personam
1093 3381 1144 3436 hic
1174 3380 1272 3436 induit

112 3452 230 3515 Cicero,
253 3461 339 3524 utque
358 3454 524 3510 bominibus
543 3475 558 3509 e
577 3455 660 3510 turba
678 3473 711 3508 ec
729 3457 810 3509 faece
828 3455 997 3510 mortalium
1017 3454 1139 3525 opponit
1157 3454 1272 3526 snpien-

112 3532 174 3581 tem
193 3523 251 3580 diis
269 3525 490 3580 admovendum.
518 3529 647 3580 Humana
665 3545 737 3599 quae
755 3526 828 3580 dicit
846 3526 931 3594 vitia,
949 3524 1002 3579 illu
1020 3526 1031 3578 i
1054 3544 1083 3579 sa
1101 3534 1178 3586 suut,
1198 3544 1271 3596 quoe

113 3596 196 3649 l’lato
219 3599 290 3649 κακὰ
314 3595 474 3666 ἀνθρώπεια
499 3598 641 3653 Phaedon.
670 3616 699 3668 p.
719 3601 763 3654 81.
792 3592 890 3668 Steph.
917 3615 1003 3668 quem
1027 3545 1125 3651 idem
1153 3598 1272 3652 ridetur

114 3664 220 3720 Cicero
240 3670 411 3736 respexisse.
449 3668 524 3723 Tum
551 3672 637 3723 etium
660 3669 777 3722 infinita
796 3676 873 3734 eunt,
902 3666 1040 3739 aquibus
1059 3685 1110 3722 nos
1128 3670 1272 3723 absterret

113 3736 224 3812 religio
242 3744 378 3808 tanquam
403 3741 488 3793 malis
512 3758 544 3792 ac
562 3740 693 3817 flagitiis,
725 3757 798 3809 quae
821 3736 1064 3811 philosophorum
1084 3742 1198 3810 sapiens
1218 3740 1272 3792 ille

111 3808 333 3933 §diiii
352 3810 1272 3952 tildtillttttul⁰tiilitt't‘ltbistillulis

112 3947 145 4002 in
163 3947 212 4001 his
229 3949 390 4020 quidquam
416 3950 500 4008 video
524 3953 694 4006 mutandum
720 3958 747 4004 et
772 3968 802 4004 ee
830 3957 905 4006 totos
929 3951 1098 4006 libidinibus
1117 3952 1271 4019 dedissent,

112 4033 180 4072 cum
200 4019 287 4074 libido
305 4039 399 4096 genus
418 4041 502 4077 omne
521 4027 670 4078 contineat
696 4022 871 4076 illicitarum
896 4023 1098 4093 cupiditatum.
1136 4025 1217 4090 Vide,
1246 4026 1271 4079 si

112 4098 207 4155 71011,
226 4090 313 4144 Tusc·
333 4094 381 4145 lV-
402 4093 451 4150 o.“
479 4095 664 4149 Eiobstadius
693 4095 725 4146 in
753 4092 783 4147 C.
804 4093 838 4148 D.
857 4093 959 4148 Beckii
985 4094 1050 4147 Aet.
1078 4092 1141 4165 Soc.
1162 4094 1269 4150 Philol.

111 4159 192 4232 lsips.
213 4162 253 4215 11.
273 4181 302 4233 p.
323 4167 384 4220 230.
405 4162 526 4220 laudatis
545 4166 619 4219 locis
639 4162 795 4218 Platonicis
815 4164 954 4221 anedon.
974 4184 1002 4235 p.
1023 4167 1066 4221 67.
1086 4185 1110 4219 e.
1129 4186 1158 4240 p.
1178 4171 1220 4224 81.
1241 4168 1268 4220 b.

113 4226 180 4298 [trs
198 4237 237 4298 roi
255 4240 362 4301 σώματι
381 4234 424 4288 cisi
447 4235 587 4301 συνοῦσα]
614 4237 739 4301 conjecit
763 4234 893 4289 lamonia
920 4238 1154 4306 corporibus,
1183 4256 1270 4308 quem

111 4304 202 4356 nimis
221 4306 336 4374 cupide,
355 4311 389 4358 ut
407 4308 535 4371 ridetur,
561 4309 653 4361 secuti
671 4314 739 4360 sunt
757 4302 842 4363 Sche.
863 4314 893 4361 et
910 4305 991 4371 Bill,
1021 4324 1196 4381 quamquem
1217 4308 1271 4362 iile

110 4381 263 4428 auctorem
288 4377 497 4431 emendationis
525 4395 584 4432 nou
612 4379 782 4432 nominarit.
825 4377 935 4431 lsaudat
959 4377 1064 4436 chsn.
1090 4381 1165 4434 Eclo
1210 4421 1215 4431 .
1240 4395 1269 4450 p.

109 4446 172 4501 28⁹.
191 4443 228 4498 ad
246 4446 418 4501 firmandam
436 4449 596 4504 lectionem
614 4449 764 4526 vulgatam
791 4450 852 4516 (cui
871 4451 970 4504 favent
988 4451 1060 4506 item
1078 4399 1270 4515 unwiinus,

137 4575 222 4620 cicero
237 4577 302 4624 Tute.
315 4581 383 4637 θὴρ.
397 4583 433 4624 ed.
452 4581 536 4626 Moser.
553 4580 578 4625 T.
592 4583 613 4628 1.
983 4560 1022 4625 16
