2828 5070
521 326 651 390 nmnn
671 327 698 406 1,
718 328 770 394 so.
1157 332 1220 399 aar

71 493 202 568 tlemus,
236 510 336 574 quum
364 490 518 577 legimns3
553 501 664 556 tauma
691 514 758 556 non
779 493 1014 556 miserabiliter
1032 493 1090 557 vir
1110 494 1221 558 eleros

72 577 249 636 emoritur.
294 574 358 638 Qui
380 593 490 656 quum,
519 577 688 637 coniectus
704 578 751 637 in
772 595 941 639 carcerem
967 578 1107 662 triginta
1129 579 1222 641 iussn

71 665 307 736 tyrannorum,
343 674 506 717 venenum
528 666 566 719 nt
586 661 703 720 sitiens
724 658 925 736 obduxisset,
946 660 1112 740 reliquum
1133 661 1182 721 sio
1202 679 1222 722 e

63 739 191 818 poculo
213 739 324 815 eiecit,
345 747 384 799 nt
404 737 439 799 id
460 749 649 802 resonarets
683 759 748 823 quo
769 744 881 804 sonitu
901 740 1035 802 reddito
1056 741 1221 819 arridens,

70 818 228 900 Propino,
250 823 370 903 inquit,
393 820 454 883 boc
472 821 606 902 pulchra
630 822 766 895 Critiae,
793 826 848 906 qui
870 824 905 884 in
927 842 1001 885 enm
1021 826 1133 885 inerat
1152 831 1223 885 tae-

71 987 136 1041 Aso.
156 998 249 1043 nostr.
268 991 294 1045 2.
316 989 347 1041 in
369 988 442 1046 Edd.
462 989 495 1043 Α.
514 991 546 1044 Β.
567 989 594 1044 S.
614 990 648 1043 E.
668 990 738 1044 Van.
758 995 851 1043 nostr.
887 987 942 1043 Pro
966 987 1041 1044 enim
1060 997 1105 1043 est
1121 985 1169 1043 bie
1189 991 1222 1044 in

70 1059 141 1115 Cod.
161 1076 219 1113 uno
238 1059 307 1125 Ox.;
335 1059 412 1113 idem
431 1062 541 1114 omittit
560 1077 643 1132 quum
660 1070 726 1116 anto
745 1062 884 1114 coniectat
902 1076 969 1114 oum
987 1060 1055 1116 Gotl.
1074 1059 1148 1137 Aug.
1186 1061 1221 1114 In

70 1129 146 1183 Gud.
166 1133 192 1185 2.
222 1139 265 1184 est
288 1129 401 1183 eiectus.
432 1129 499 1184 cod.
528 1132 602 1186 Gud.
623 1131 655 1184 iu
681 1147 838 1186 earcere.
875 1130 921 1182 Ex
938 1150 966 1183 v.
986 1130 1124 1185 emoritur
1140 1130 1222 1186 vides

71 1217 253 1323 οτττιι·(ῗ.οοε,ἲ
280 1201 603 1328 (Ξὶιιὲἳίοατοττειὶιθὴῗοιο
621 1203 709 1326 vffibo
728 1201 878 1255 infinitivo
905 1209 1018 1255 tantum
1036 1202 1120 1256 modo
1139 1219 1221 1256 usum

73 1286 135 1325 esse
173 1287 238 1322 mun
272 1289 286 1324 s
349 1289 386 1323 a.
411 1289 478 1335 mal.
535 1315 541 1328 .
598 1309 605 1324 .
677 1289 705 1337 r.¹
951 1326 955 1333 ,

143 1339 328 1406 obduxisset]
363 1342 506 1396 Nonnulli
526 1341 644 1396 Codices
670 1340 829 1403 abdidisset,
857 1340 1118 1408 retentantes
1137 1341 1223 1396 Glos-

71 1419 188 1464 semate.
230 1413 334 1465 Verum
357 1410 512 1466 lectionem
536 1415 651 1483 primus
676 1412 807 1482 reposuit
830 1412 889 1465 Pet.
913 1412 1071 1466 Victorius.
1113 1411 1221 1466 Seneca

70 1481 106 1534 de
124 1483 207 1535 Prov.
227 1498 287 1564 cap.
308 1482 361 1535 111.
397 1482 477 1536 Male
494 1489 649 1536 tractatum
667 1482 813 1537 Socratem
830 1481 956 1547 iadicem
983 1474 1058 1551 quod
1073 1481 1154 1534 illam
1169 1498 1221 1555 ρῳ

69 1552 175 1604 tionem
190 1553 300 1618 publice
317 1551 443 1615 mistam,
468 1569 520 1606 uon
538 1554 624 1608 aliter
641 1570 724 1622 quam
747 1551 977 1606 medicamentum
995 1551 1221 1606 immortalitatis

68 1622 239 1746 §mesthi
275 1622 325 1676 sio
343 1623 428 1676 mulsi
441 1624 599 1693 pultarium
621 1624 795 1679 adducere
817 1622 893 1676 dixit
910 1623 1061 1678 Petronius
1079 1621 1138 1679 Sat.
1158 1638 1220 1696 cap.

141 1778 271 1816 serenum
294 1771 325 1818 at
349 1763 451 1818 es'ts'em
475 1763 702 1831 obduxisset]
739 1763 815 1831 Quae
833 1763 868 1818 de
884 1759 914 1819 lu.
934 1760 954 1814 l.
976 1768 1006 1817 et
1023 1758 1101 1815 diets
1119 1770 1221 1817 sunta

67 1834 218 1904 prioribus
244 1835 306 1889 inte
343 1837 464 1900 retibus,
497 1844 527 1890 et
551 1833 634 1889 nobis
657 1834 785 1889 addenda
809 1834 872 1887 else
897 1840 973 1896 sunt,
1001 1832 1032 1885 in
1055 1832 1221 1886 Exeursum

70 1904 256 1957 coniecimus.
295 1904 320 1957 A
355 1917 384 1959 v.
403 1907 545 1976 reliquum
562 1905 604 1958 tio
621 1923 637 1960 e
654 1906 754 1975 poculo
772 1902 862 1970 eiecit,
880 1909 912 1956 ut
930 1904 964 1956 td
980 1906 1123 1957 umores
1142 1902 1222 1958 Hen-

69 1975 150 2026 rious
170 1965 331 2043 Stephanus
350 1976 382 2029 in
400 1977 532 2033 ciceron.
552 1977 619 2030 hex.
638 1991 668 2048 p.
689 1979 747 2032 m.
769 1970 812 2028 etl.
826 1975 915 2027 Paris.
935 1972 1091 2040 ‚‚0bserve,
1110 1974 1221 2045 iuquit,

68 2051 142 2114 quot
160 2043 256 2097 serbis
275 2045 385 2100 Latinis
408 2062 479 2118 opus
501 2047 593 2101 fuerit
611 2046 748 2101 Ciceroni
772 2044 808 2099 ad
832 2045 1055 2114 exprimendum
1075 2043 1221 2099 Grseeum

66 2130 158 2167 uuum
178 2114 465 2185 ἀποκοπαβτααντα.“
499 2118 632 2172 Valerius
655 2120 729 2170 Nax.
748 2115 815 2169 loco
837 2117 869 2168 in
886 2116 1021 2187 proxime
1039 2110 1152 2169 Davisii
1169 2132 1221 2168 en·

67 2184 128 2238 not.
149 2184 264 2240 lsadsto
280 2187 398 2257 plenius
418 2189 539 2245 reddere
557 2188 668 2241 studuit
686 2186 763 2241 illud
778 2184 914 2240 rorbums
932 2187 1013 2242 Quod
1029 2187 1220 2252 mperfoerat,

67 2255 174 2308 illisum
198 2253 279 2310 burso
306 2260 413 2312 tiorum
439 2261 520 2313 edere
542 2272 639 2312 eorum
656 2263 706 2311 cot
727 2257 761 2310 t't.
789 2256 853 2309 Vitl·
873 2257 949 2310 Just.
969 2256 1101 2325 [lipsium
1119 2255 1189 2309 Anti
1212 2294 1219 2307 .

67 2327 160 2379 Leett
179 2322 233 2378 lll.
251 2336 282 2398 p.
302 2330 364 2394 385.
400 2329 455 2383 Pro
474 2330 558 2383 eiecit
577 2329 650 2384 oud.
670 2330 696 2384 2.
738 2328 801 2379 abet
818 2325 895 2380 t'ett‘t.
933 2325 977 2378 Ad
994 2340 1068 2390 rem,
1089 2343 1128 2379 sc.
1148 2327 1200 2397 qui

67 2397 106 2448 sit
125 2399 262 2463 κότταβος,
287 2398 407 2466 sufficit,
432 2400 508 2470 quod
525 2398 633 2452 babent
649 2391 843 2451 Sbbneitlerus
866 2403 896 2450 et
913 2395 1064 2450 Passus-ius
1082 2397 1114 2448 in
1132 2395 1221 2451 Lexi-

68 2467 110 2519 ois
129 2466 181 2520 Gr.
202 2485 229 2518 v.
249 2469 386 2535 κότταβος,
404 2470 508 2542 quibus
526 2469 607 2533 adde,
628 2470 653 2522 ei
670 2469 727 2535 vit,
754 2465 881 2522 Jsoobdi
899 2474 997 2521 notem
1015 2466 1049 2518 in
1066 2464 1220 2523 Wielsndi

68 2539 166 2590 Museo
185 2536 281 2590 Attico
305 2538 359 2591 lll.
384 2543 409 2596 3.
452 2542 545 2605 .486.,
576 2541 637 2594 Mr.

139 2622 191 2677 quo
209 2609 304 2661 eons'tu
321 2609 436 2663 ‘reddito
483 2610 548 2673 „lte
567 2609 724 2672 Victorius,
745 2607 787 2661 ita
805 2605 881 2660 Pith.
901 2605 971 2660 Pell.
990 2606 1017 2662 2.
1036 2608 1062 2663 t.
1081 2607 1107 2663 5.
1144 2604 1220 2661 blihi

69 2679 160 2798 sultagis
178 2677 309 2763 placeret
326 2679 416 2764 lectio
434 2681 517 2734 tertii
535 2679 606 2733 Pell.
626 2679 715 2762 quoti
728 2677 826 2801 ἑστία
844 2678 958 2761 reddito
977 2675 1127 2763 αττίἀττττξ
1161 2690 1220 2749 quo

67 2748 177 2872 tili.
191 2750 1027 2903 ittb.t.”2‘.'”;.lt⁰tattlt.'itt'ttzfittlgt
1046 2755 1100 2887 tl.
1116 2755 1221 2872 itt:

67 2889 130 2940 red
136 2889 155 2939 tl
161 2889 173 2940 τ’
179 2894 212 2941 tn
228 2890 356 2949 rideas.“
377 2890 513 2946 Gedbord.
543 2890 699 2944 Neminem
711 2887 881 2943 Gebbardus
895 2895 1099 2943 assentientem
1117 2896 1221 2943 nactus

67 2966 118 3013 est.
167 2958 300 3015 Ceterum
329 2961 467 3017 exhibent
493 2962 566 3032 quod
583 2958 672 3016 codd.
700 2960 815 3031 optimi,
842 2958 911 3033 lieg.
931 2967 966 3013 et
979 2958 1053 3011 Gud.
1076 2963 1099 3012 1.
1137 2960 1220 3014 Unus

67 3027 117 3081 Ox.
137 3027 223 3082 babet
242 3035 343 3099 sonito,
361 3035 465 3087 reditu.
505 3033 561 3086 Pro
586 3030 716 3084 arrideas
735 3038 777 3082 est
793 3029 892 3082 ridens
917 3030 948 3081 in
965 3028 1040 3084 Edd.
1059 3030 1095 3080 Μ.
1116 3027 1148 3080 [ι.
1168 3028 1219 3084 Fr.

66 3100 152 3152 Febr.
171 3101 251 3152 Brut.
272 3102 352 3156 Boul.
374 3103 437 3159 Asc.
459 3106 484 3155 1.
509 3121 574 3157 mar
595 3141 601 3153 .
622 3101 678 3155 MS.
699 3100 764 3153 Asc.
790 3099 940 3164 secundae,
966 3097 1088 3153 HWslr.
1109 3098 1218 3152 Sturm.

65 3169 131 3221 Ald.
151 3167 231 3237 sylb.
252 3173 336 3224 Leod.
357 3172 479 3227 HWolt.
501 3172 566 3228 Gar.
605 3170 684 3243 tepla.
723 3169 780 3224 Sed
806 3169 938 3222 assidens
963 3175 1041 3221 amat
1065 3166 1168 3221 Cicero
1188 3168 1221 3220 in

66 3237 120 3291 tali
138 3237 285 3293 locutione
311 3241 345 3295 de
362 3242 401 3293 N.
420 3242 454 3293 D.
475 3242 501 3298 1.
520 3246 545 3297 t.
566 3245 617 3298 17:
642 3236 722 3294 umbo
740 3240 823 3304 enias,
848 3239 939 3306 inquit
957 3238 1104 3305 arrideas,
1126 3270 1157 3280 -
1176 3237 1221 3291 di-

66 3308 190 3361 dicistis.
211 3308 263 3362 111.
283 3315 309 3365 l.
327 3327 390 3380 pro.
411 3317 470 3364 tam
488 3312 622 3366 arridere
641 3312 732 3377 (lutto,
751 3311 831 3374 Sero,
850 3309 951 3379 iuquit,
969 3305 1041 3361 mibi
1057 3340 1089 3351 -
1106 3307 1221 3377 praeci·

64 3379 127 3448 pis:
157 3379 193 3431 de
211 3376 258 3431 Or.
278 3380 300 3434 1.
320 3385 365 3436 30.
380 3382 451 3436 lot:
484 3381 552 3434 Tam
569 3383 696 3436 crassus
719 3380 864 3444 arrideas,
891 3379 966 3434 Quid
981 3393 1086 3442 cemes,
1111 3377 1220 3449 ioquits

65 3452 100 3503 de
118 3450 191 3520 Rep.
211 3451 259 3502 Vl.
281 3454 329 3506 12:
350 3451 453 3504 leniter
469 3451 603 3519 arrideas
620 3452 726 3522 Scipio,
746 3453 861 3515 Quaeso,
879 3449 967 3517 iuquit
986 3456 1042 3503 ete.
1079 3449 1139 3505 Mr.

136 3519 261 3587 Propino
281 3555 314 3564 -
333 3519 384 3574 boo
397 3520 511 3591 putctro
529 3523 650 3590 critiae]
677 3521 836 3593 Xenophon
853 3521 917 3574 bio.
931 3519 967 3573 11.
980 3520 1086 3587 Ἕλλην,
1106 3523 1132 3573 8.
1152 3537 1219 3596 pag.

66 3593 126 3646 tto.
166 3595 204 3642 Tb
229 3595 392 3660 λειπόμενον
418 3591 527 3664 ἔφασαν
549 3591 805 3663 ἀποκοτταβίσαντα
829 3591 918 3646 εἰπεῖν
935 3592 1031 3655 αὐτόν,
1051 3588 1221 3656 (Therame-

66 3661 153 3722 nem)
179 3667 274 3733 Κριτίᾳ
299 3660 369 3718 τοῦτ’
398 3665 468 3717 ἵστα
494 3669 533 3731 rei
555 3669 635 3732 salet
672 3664 834 3717 Historiam
856 3664 949 3717 refert
973 3662 1062 3714 etiem
1085 3661 1219 3714 Valerius

66 3732 207 3785 Maximus
235 3733 286 3786 lib.
306 3735 363 3787 111.
391 3751 451 3805 oep.
477 3736 517 3800 ll,
544 3739 570 3792 6,
596 3743 654 3790 ext.
699 3733 771 3787 Vide
797 3741 827 3788 et
850 3730 1040 3786 Plutarchum
1070 3731 1156 3784 cons.
1184 3729 1221 3783 ad
1288 3766 1295 3784 .

67 3801 162 3871 Apoll.
184 3820 248 3886 pag.
270 3808 331 3860 loo.
350 3804 381 3856 B.
402 3814 431 3858 et
449 3805 567 3859 suidam
585 3808 617 3859 in
636 3803 809 3876 Θηραμένης.
845 3803 882 3857 D.
1168 3869 1174 3881 ⁹

136 3870 259 3939 Propero
279 3903 316 3912 --
330 3873 381 3928 boc
401 3875 516 3943 pulchro
537 3875 665 3942 Critiae]
703 3876 738 3929 ln
762 3874 817 3927 Ed.
836 3875 872 3926 lt.
892 3880 937 3927 est
955 3871 1060 3940 iuquit,
1086 3868 1217 3938 Propero.

66 3942 147 3995 Unus
166 3943 215 3995 ox.
234 3943 320 3999 habet
335 3946 501 4018 propinquo,
519 3946 594 4001 alius
612 3948 722 4000 omittit
740 3944 840 4015 inquit.
878 3944 932 3994 Pro
948 3939 1063 4008 pulchro
1082 3941 1114 3993 in
1130 3941 1219 3996 Godtl.

64 4013 252 4066 duobusOxx.
274 4016 396 4086 irrepsit
411 4017 550 4083 poculum,
568 4015 646 4087 quod
662 4016 748 4069 babet
766 4014 854 4068 etiam
862 4016 931 4067 ven.
947 4010 1043 4066 Alteri
1062 4011 1094 4064 in
1111 4028 1221 4088 merge

65 4083 140 4138 Gud.
160 4088 185 4140 2.
206 4083 323 4138 exbibet
340 4086 481 4155 sepulchra
498 4087 602 4140 arietes
621 4087 771 4157 inpriore
789 4084 929 4138 vocabulo
948 4081 1035 4137 babes
1053 4082 1218 4157 elegantem
1312 4120 1317 4127 -

65 4155 308 4221 emendationem,
340 4157 371 4208 in
393 4159 557 4226 posteriore
582 4173 688 4211 nomen
706 4157 850 4210 Graecum
869 4156 961 4209 latino
981 4151 1067 4208 modo
1084 4153 1217 4206 enuafiu·

65 4226 162 4277 tum.“
181 4229 255 4280 Mon.
277 4233 300 4282 l.
328 4224 415 4280 babet
433 4228 527 4282 Orias.
565 4229 646 4282 Unus
665 4228 717 4284 Ox.
736 4227 856 4280 Eritiae.
875 4227 935 4280 Mr-
956 4256 989 4268 -
1024 4224 1090 4290 „De
1107 4222 1217 4277 There·

65 4295 159 4349 menis
178 4296 253 4352 elato
272 4297 369 4350 animo
387 4298 453 4374 lege
476 4300 564 4354 etiem
581 4299 742 4353 Diodorum
759 4297 832 4353 xlv,
852 4297 900 4353 5.“
936 4293 1051 4351 Seleuci.

136 4366 184 4432 qai
200 4367 310 4421 ineam
327 4371 422 4435 ramat
440 4370 630 4438 taeterrimus]
666 4369 747 4424 Unus
765 4369 817 4422 01.
843 4365 902 4422 bic
920 4367 978 4440 qui,
1004 4367 1080 4421 elius
1106 4363 1134 4418 r'r
1151 4366 1223 4428 erat,
1317 4367 1319 4372 '

66 4435 125 4506 qui,
143 4443 204 4490 tres
222 4437 293 4491 Oxx.
319 4439 409 4494 Rebd.
435 4440 535 4501 Duisb.
559 4442 635 4500 Mon.
654 4442 681 4499 2·
708 4439 793 4496 Vinti-
812 4441 839 4498 ².
868 4439 1059 4503 dormimus,
1082 4436 1223 4506 taqueu-
