2828 5070
201 309 263 376 tuo
409 306 645 374 CICERONIS
667 306 915 374 TUSCULAN.
939 304 1170 371 DISPU'I'AT.

200 483 346 539 externo.
390 474 486 546 Quod
505 485 608 537 autem
630 474 830 553 estoniensi,
856 473 895 538 id
916 481 1003 536 motu
1025 473 1128 535 cietur
1148 470 1304 534 interiore
1325 478 1360 531 et

199 577 268 622 aso.
309 559 390 622 Nau
411 557 490 620 baec
509 567 559 621 est
576 560 713 639 propria
733 567 853 620 nutura
874 559 1093 636 culmineque
1114 556 1173 618 vit.
1218 553 1307 622 Quae
1327 555 1359 615 sa‘

198 747 279 798 beet.
300 746 378 810 vul,
397 749 423 801 3.
462 745 506 798 lta
522 761 592 798 vero
607 744 750 815 loquitur,
769 744 847 814 quod
864 743 898 796 ab
916 743 985 814 ipsis
1003 740 1203 812 philosophiae
1227 741 1357 809 primor-

198 816 254 869 diis
272 816 400 868 animum
426 833 455 869 se
481 825 623 902 perpetuo
646 832 764 869 movere
789 823 960 868 statuerunt.
998 813 1169 865 Plutarchus
1192 811 1228 863 de
1252 811 1354 864 Placit.

198 885 249 939 lib.
269 887 317 939 tv,
337 904 398 958 cap.
418 889 444 942 2.
472 889 561 953 Θαλης
578 881 742 954 ἀπεφήνατο
766 891 876 955 πρῶτος
900 885 950 951 τήν
967 883 1072 952 ψυχήν,
1091 883 1176 954 φύσιν
1201 880 1357 949 ἀεικίνητον

196 955 422 1024 dedicabatur.
460 958 537 1011 llaec
563 958 680 1010 exhibet
703 958 793 1009 etiam
820 956 956 1010 Stobaeus
981 955 1082 1029 Eclog.
1111 953 1195 1022 Phys.
1223 970 1288 1027 pag.
1308 955 1354 1009 9³.

197 1027 230 1080 ld
248 1036 345 1081 tamen
363 1037 461 1098 postea
487 1029 605 1102 negavit
623 1027 802 1091 Aristoteles,
830 1027 911 1079 cuius
937 1026 1061 1078 rationes
1085 1022 1278 1094 suppeditabit
1296 1026 1357 1076 Ma·

196 1098 311 1222 cxrpbius
337 1099 369 1150 in
387 1098 483 1222 SomB.
509 1099 587 1170 scip.
616 1099 666 1151 lib.
687 1099 725 1151 11.
753 1115 815 1168 cap.
837 1100 878 1152 14.
915 1095 988 1148 Vide
1009 1094 1165 1165 Eusebium
1191 1096 1219 1145 P.
1239 1094 1274 1146 E.
1301 1092 1353 1145 lib.

249 1207 255 1221 .
283 1186 316 1221 ca
338 1207 344 1220 .
406 1207 412 1220 .
477 1206 484 1221 .

269 1187 340 1295 0⁸⁸1:
359 1171 412 1305 ἐξ,
440 1237 577 1308 quilleno
601 1245 726 1292 naturum
745 1237 846 1292 animis
865 1250 925 1289 esse
948 1234 1098 1301 tributam]
1126 1235 1197 1288 Edd.
1217 1232 1251 1285 A.
1271 1233 1302 1286 B.
1324 1234 1354 1288 S.

195 1309 231 1362 tt.
251 1310 322 1363 Ven.
343 1318 430 1362 nostr.
451 1319 480 1362 et
499 1328 562 1363 suar
583 1348 589 1360 .
610 1310 666 1362 MS.
686 1309 750 1362 Asc.
771 1317 883 1361 nostrae
903 1306 951 1375 qui
965 1307 1098 1374 propri
1104 1322 1152 1359 um
1170 1305 1249 1358 bunc.
1283 1307 1357 1357 Ver-

195 1378 264 1432 bum
289 1396 349 1433 esse
375 1381 487 1432 omittit
510 1381 577 1434 Co.
603 1379 692 1433 Rehd.
721 1383 756 1432 In
774 1379 847 1432 Gud.
868 1381 893 1432 2.
923 1386 952 1429 et
969 1377 1043 1450 Aug.
1065 1386 1107 1429 est
1131 1377 1265 1430 tributam
1282 1391 1354 1428 esse.

196 1451 287 1523 Μαι-ς.
308 1450 365 1502 MS.
385 1451 438 1502 Ed.
459 1460 548 1503 nostr.
568 1450 632 1503 Aac.
653 1453 678 1505 2.
698 1449 784 1502 babet
802 1450 976 1501 attributum.
1005 1448 1040 1500 ln
1057 1465 1116 1500 uno
1135 1448 1184 1500 Ox.
1205 1446 1356 1499 omittitur

196 1527 289 1587 neget,
314 1521 345 1571 in
371 1520 429 1572 alio
452 1522 591 1574 scribitur
615 1526 741 1586 negetur.
778 1520 840 1572 Duo
859 1521 928 1573 Oxx.
958 1521 1032 1570 Mon.
1053 1520 1079 1571 2.
1104 1518 1157 1570 Ed.
1177 1521 1205 1570 P.
1230 1517 1355 1570 inanime

217 1589 544 1654 minutissimum
560 1591 748 1660 Apuleiana.
786 1591 869 1643 Peius
895 1589 982 1641 etism
1001 1588 1056 1640 duo
1076 1589 1144 1641 Oxx.
1170 1588 1257 1640 Marb.
1277 1588 1353 1662 Aug.

196 1607 281 1714 gizid.
302 1663 328 1715 2.
353 1659 443 1714 Rebd.
463 1661 560 1714 Duisb.
616 1661 642 1713 d.
663 1662 698 1714 H.
723 1662 753 1714 ἐκ
771 1661 875 1722 animo,
900 1677 974 1711 unus
1002 1660 1050 1712 Ox.
1071 1658 1208 1713 inanima.
1245 1660 1355 1711 Vocem

195 1745 276 1784 omne
294 1731 435 1783 omittunt
453 1731 520 1785 eod.
540 1731 614 1806 Aug.
633 1750 708 1785 unns
727 1733 777 1784 Ox.
798 1741 826 1784 et
844 1730 897 1782 Ed.
923 1733 952 1782 P.
973 1728 1039 1781 Cod.
1058 1729 1133 1804 Aug.
1152 1730 1238 1782 babet
1261 1730 1355 1798 alieno

195 1816 249 1872 pro
268 1810 393 1866 externo,
412 1819 486 1855 unus
505 1803 555 1855 Ox.
581 1808 686 1867 eterno,
711 1804 784 1855 alius
807 1801 931 1876 glossam
954 1806 1116 1852 movetur
1138 1807 1262 1853 externo.
1290 1801 1353 1853 Mr.

268 1873 347 1928 Quod
370 1879 463 1926 autem
488 1879 531 1925 est
559 1873 686 1939 animal]
730 1873 863 1939 Quamvis
889 1871 1018 1924 desinere
1045 1871 1141 1924 iubeat
1168 1870 1286 1924 Beierus
1318 1871 1355 1924 ad

195 1940 256 1995 uic.
276 1943 312 1996 de
331 1942 384 1996 Off.
405 1944 428 1996 1.
448 1946 474 1998 8.
494 1962 522 2013 p.
542 1946 586 1999 58.
611 1944 875 2014 „superstitionem
902 1941 1035 1994 codicum
1058 1941 1232 2011 corruptelis
1260 1950 1355 1994 certas

195 2012 311 2086 regulas
330 2013 543 2072 labefactare:“
576 2021 681 2067 certam
699 2022 795 2067 autem
821 2012 874 2064 illo
900 2013 1032 2087 regulam
1050 2012 1180 2082 posuerit
1198 2012 1234 2063 ib.
1255 2030 1282 2083 p.
1303 2014 1353 2067 21:

194 2081 356 2148 prumiaco
375 2083 570 2136 coniunctione
587 2084 805 2154 monosyllabum
828 2082 941 2136 verbum
966 2099 1020 2136 uon
1041 2098 1124 2150 posse
1142 2081 1255 2134 tertium
1274 2098 1355 2135 eccae

192 2153 381 2219 persiccum,
402 2154 506 2207 niais‘u
522 2153 694 2222 parenthesi,
712 2154 864 2224 iubeatque
891 2152 955 2206 ideo
974 2169 1024 2206 nos
1043 2153 1168 2206 scribere
1186 2152 1216 2207 h.
1235 2154 1255 2205 1.
1281 2155 1356 2222 quod

195 2229 290 2276 autem
308 2223 444 2278 animat
460 2230 529 2290 est,
554 2233 589 2277 ut
606 2234 648 2278 est
666 2226 698 2277 iu
716 2224 812 2278 Somn.
833 2222 929 2294 Scip.;
957 2224 1039 2276 nolui
1057 2233 1155 2276 tamen
1174 2233 1274 2276 contra
1292 2240 1356 2277 om-

196 2295 280 2347 nium
298 2303 431 2349 veterum
458 2294 602 2348 librorum
619 2296 820 2349 auctoritatem
839 2293 971 2369 regulam
994 2295 1086 2363 sequi,
1113 2295 1162 2346 cui
1180 2295 1356 2349 observatio-

195 2381 246 2418 nes
265 2363 382 2434 quidem
400 2365 634 2449 multae-favent,
661 2366 736 2419 ratio
762 2375 859 2450 tamen
875 2364 977 2451 ⁸subest
1002 2364 1052 2417 vel
1071 2365 1116 2447 exi
1157 2366 1239 2418 uvel
1256 2365 1354 2420 nulla:

195 2452 383 2559 esttibi
397 2453 660 2578 stultius.
673 2434 1089 2572 tsutlslllllsllb
1111 2438 1356 2559 ‘smilis

195 2576 325 2646 pessime
344 2577 411 2630 Otto
429 2577 464 2630 ad
481 2577 542 2630 cic.
563 2579 624 2633 Cat.
651 2577 716 2642 maj.
740 2578 776 2631 ad
794 2586 902 2631 certam
919 2577 1047 2644 aliquam
1069 2592 1200 2629 normam
1219 2577 1355 2652 redigere

195 2655 283 2714 atque
302 2648 414 2699 referre
431 2647 612 2700 studuerunt.
650 2649 748 2701 Paruit
771 2647 873 2702 Beiero
897 2649 945 2703 Or.
967 2674 1001 2684 —
1037 2648 1072 2699 ln
1091 2647 1157 2700 cod.
1177 2648 1273 2700 Duisb.
1295 2657 1351 2701 est:

195 2716 272 2837 gwg
289 2721 330 2836 eg
349 2723 443 2839 {siffis
460 2717 582 2840 guirpuit:
615 2720 906 2842 νειΙὶφιιζῃοιιιιιοεῖυῑ,Ι
916 2735 966 2772 nos
984 2717 1149 2840 {edipnupid
1161 2719 1209 2840 selpl
1224 2719 1297 2843 gldg.
1312 2720 1353 2841 ἃ.

194 2853 304 2908 u...
326 2825 413 2910 a...
432 2825 522 2910 a...
537 2797 731 2912 lulli...
748 2794 840 2912 lad..
860 2798 1091 2912 ·...¹¹¹.}1.·.·..5.⁰..·.
1128 2806 1251 2910 uui:
1275 2809 1355 2912 sl...

196 2925 436 2994 quaesumus
456 2928 633 2982 animales
697 2930 743 2981 lus
761 2930 838 2983 cam.
858 2928 937 2983 dedit
962 2929 1161 2990 inanimatum
1186 2929 1262 2980 solus
1281 2931 1356 2982 item

195 2994 265 3049 Rob.
290 2997 390 3066 Stepb.
409 2997 517 3054 animal
533 3006 585 3065 est,
603 3007 637 3052 ut
654 2999 768 3054 volebat
784 2999 914 3053 Beierus:
934 3000 1075 3052 nimirum
1093 3014 1129 3049 cx
1137 2997 1254 3050 Somnio
1269 2998 1353 3068 scip.

196 3065 310 3120 Primus
330 3067 419 3122 Gebh.
440 3071 557 3140 scripsit
574 3069 690 3124 animal.
728 3069 813 3124 Verb.
841 3087 878 3123 ex
896 3069 939 3122 ed.
958 3069 1027 3122 Dav.
1047 3068 1143 3137 prima
1160 3066 1235 3120 banc
1254 3078 1352 3121 annot.

197 3154 264 3190 rece
285 3138 325 3191 it:
345 3139 441 3209 ‚quod
458 3147 548 3194 autem
567 3148 600 3194 et
618 3140 774 3224 [ermtyps]
793 3138 926 3204 animale]
944 3137 1044 3212 „Vng
1066 3136 1243 3190 musaeum.
1258 3137 1352 3192 Gobh.

197 3225 233 3261 ex
275 3208 338 3261 odd.
359 3210 478 3265 animal:
508 3222 537 3265 ct
554 3213 632 3266 sice
659 3219 764 3265 nostris
785 3212 862 3265 Petr.
886 3228 953 3263 nam
971 3209 1060 3264 Canta
1079 3207 1180 3270 „banc
1197 3209 1355 3264 verborum

169 3273 182 3299 '
197 3279 368 3354 quadrigam
385 3296 502 3351 prorsus
519 3283 639 3336 omittit.
672 3281 795 3337 Macrob.
823 3281 855 3334 in
878 3281 974 3335 Somn.
1003 3279 1080 3350 Scip.
1106 3280 1144 3332 11.
1172 3284 1195 3336 l.
1216 3283 1247 3336 ³:
1281 3284 1356 3350 quod

196 3355 287 3401 auten
306 3356 348 3403 est
368 3351 472 3405 asima.
491 3369 653 3423 perperam.
673 3352 730 3407 MS.
758 3360 855 3406 autem
873 3352 992 3405 Norvio.
1021 3350 1177 3405 lectionem
1194 3369 1223 3404 se
1245 3351 1354 3418 uimur,

112 3420 115 3424 '
197 3436 271 3489 quae
290 3420 416 3474 Platonis
441 3419 561 3490 ἐμψύχῳ
587 3432 653 3494 apte
681 3421 865 3493 respondet.“
902 3423 938 3477 1n
963 3421 1017 3477 Ed.
1044 3431 1139 3474 sutem
1157 3439 1213 3475 sec.
1258 3440 1300 3474 av.
1321 3423 1354 3475 in

197 3498 336 3543 contextu
356 3501 399 3544 est
416 3493 540 3545 animula
568 3492 713 3546 annotatio
740 3502 838 3547 nmen
855 3491 941 3546 baec:
974 3491 1069 3560 „quod
1095 3498 1188 3545 autem
1206 3499 1245 3545 est
1272 3493 1353 3546 uni·

197 3558 305 3625 male]
331 3560 365 3612 ln
382 3562 447 3614 eliis
466 3573 508 3615 est
526 3565 687 3617 auimatum.
707 3564 813 3638 Vulgg.
840 3563 959 3630 animal,
983 3572 1012 3616 et
1030 3564 1071 3615 ita
1089 3572 1148 3617 tres
1166 3563 1267 3615 nostri.
1296 3566 1355 3616 Ma·

198 3629 301 3682 crob.“
325 3639 380 3683 etc.
418 3631 490 3684 Cum
516 3642 615 3687 nostro
641 3634 706 3686 loco
728 3633 764 3687 ad
788 3634 875 3688 verba
893 3633 1031 3690 convenit
1054 3632 1159 3686 Acadd.
1179 3634 1217 3686 11.
1239 3636 1281 3689 12.
1301 3637 1352 3690 ³7:

198 3715 281 3770 quum
298 3698 375 3752 iuter
401 3701 593 3756 inanimum
616 3709 643 3757 et
666 3705 803 3758 animal
819 3701 871 3758 doc
887 3703 1009 3758 maxime
1020 3702 1144 3769 intersit,
1163 3703 1237 3772 quod
1249 3704 1357 3759 animal

198 3770 264 3839 agit
289 3770 401 3839 aliquid
426 3780 481 3826 etc.
518 3777 555 3826 Pe
632 3774 720 3828 tduo
738 3778 808 3830 Oxx.
829 3775 916 3829 Marb.
941 3775 975 3828 ἑά
990 3779 1066 3826 motu
1090 3773 1249 3841 citatum
1277 3775 1353 3828 Gud.

196 3843 224 3899 l·
244 3844 270 3897 2.
291 3842 375 3895 Vind.
395 3845 421 3898 2.
449 3844 560 3898 dietus.
616 3832 676 3898 'sb
704 3845 738 3900 s'd
753 3851 828 3898 motu
847 3843 987 3900 interiore
1003 3845 1134 3913 agitatur
1157 3850 1184 3898 et
1201 3862 1261 3898 auo.
1300 3847 1355 3898 Vo-

198 3928 263 3965 oem
281 3911 422 3968 interiore
440 3915 552 3969 omittit
579 3915 652 3970 Gud.
672 3918 698 3972 2.
736 3917 772 3971 ln
800 3934 891 3992 marg.
911 3916 969 3970 MS.
998 3915 1062 3968 Asc'.
1082 3924 1194 3970 nostrae
1213 3919 1239 3971 2.
1259 3923 1354 3968 estet

198 3981 333 4036 bstms'ore
350 3991 377 4038 et
394 4001 451 4038 suo.
479 3986 565 4039 Tum
583 3989 658 4040 Mon.
677 3989 704 4042 2.
731 3986 804 4042 Num
821 3993 876 4042 est
900 3984 992 4040 baec.
1013 3985 1103 4039 Rebd.
1123 4001 1187 4040 aum
1204 3984 1271 4039 laec
1288 3984 1354 4036 sst-

198 4050 241 4107 mt'
257 4060 363 4108 ndstra
382 4062 466 4126 atque
491 4055 536 4110 uia
558 4063 599 4111 est
620 4057 756 4127 proprius
782 4058 944 4134 elegantius
969 4056 1092 4110 scilicet.
1126 4057 1223 4124 prima
1249 4061 1353 4108 natm

198 4122 305 4176 babent
323 4126 398 4178 blon.
420 4131 444 4182 l.
463 4129 490 4182 2.
520 4144 556 4180 ex
582 4129 657 4182 mele
684 4127 761 4182 lecto
788 4126 956 4199 compendio
975 4132 1056 4197 pria.
1076 4142 1081 4160 *
1103 4129 1208 4180 Vocem
1230 4127 1353 4194 propria

198 4193 339 4249 omittunt
363 4196 436 4250 Edd.
465 4197 499 4250 A.
526 4198 557 4251 B.
586 4198 614 4253 S.
641 4200 676 4254 Ε.
705 4201 786 4254 Junt.
815 4201 885 4253 Vcn.
913 4205 1002 4251 nostr.
1028 4196 1092 4250 Asc.
1111 4199 1137 4250 2.
1181 4197 1235 4248 Pro
1261 4194 1354 4248 animi

198 4264 296 4320 lamb.
317 4273 346 4319 et
364 4267 413 4320 Fr.
432 4267 515 4323 Fabr.
543 4268 649 4325 babent
674 4269 788 4325 animae
816 4287 851 4324 cx
877 4267 974 4322 Somn.
999 4268 1078 4338 Scip.
1102 4266 1154 4318 ubi
1175 4267 1234 4319 vid.
1261 4276 1350 4321 nostr.

197 4352 265 4481 :pp
294 4340 417 4465 pitius:
443 4356 530 4410 quam
557 4357 608 4397 nos
634 4343 759 4398 formam
790 4340 878 4397 stiam
904 4337 934 4393 b.
959 4338 980 4393 l.
1010 4335 1198 4394 restituimus.
1224 4340 1257 4391 V.
1286 4356 1351 4393 ann.
