2828 5070
207 284 267 349 112
402 283 639 351 ΠΓΕΒΟΧΙΞ
658 287 904 355 TUSCUMN.
928 289 1159 356 DlSPUTA'l'.

204 447 269 509 bos
289 466 412 511 men
431 470 533 513 nnn
553 453 674 533 quibus
694 454 766 515 sita
786 455 1044 519 terminaretur!
1087 456 1197 519 Nemo
1222 477 1366 539 unqsmm

204 530 277 589 sine
308 550 431 617 tegna
462 553 524 615 spe
556 537 820 598 immortalitatis
846 556 883 599 ae
911 557 974 619 pro
1009 542 1119 620 patria
1153 542 1295 601 offerret
1322 539 1367 603 sd

165 613 362 675 §norim
407 614 521 676 licuit
547 637 621 681 esse
645 619 755 681 otioso
776 616 1014 693 Themistocli3
1046 622 1145 682 licuit
1165 623 1367 702 Epaminon-

205 692 289 755 aas:
322 695 432 773 licuit,
461 718 505 759 se
533 708 569 761 et
594 710 712 761 veura
738 709 773 762 et
800 709 939 762 externa
966 723 1134 783 quaeram,
1162 702 1262 764 milti:
1295 704 1366 765 sed.

206 778 323 839 orario
351 798 419 857 quo
445 778 557 857 modo,
586 780 743 845 inhaeret
773 784 809 843 in
842 784 1009 846 mentibus
1036 788 1129 866 quasi
1155 786 1366 847 saeculorum

207 857 374 939 quoddam
401 864 582 949 augurium
612 867 824 938 futurorum3
855 864 954 947 idque
983 869 1018 927 in
1046 869 1197 929 maximis
1224 870 1259 928 in
1283 870 1367 929 eniis

207 940 462 1027 sltimimisqne,
476 947 598 1007 animis
634 948 748 1007 existit
775 949 929 1023 maxime,
964 957 999 1009 ot
1026 958 1166 1030 apparet
1198 889 1365 1009 faciilime.

208 1022 285 1087 tino
306 1024 440 1109 quidem
463 1026 612 1108 dempto,
645 1029 720 1109 quis
747 1037 815 1090 tam
836 1038 922 1091 esset
942 1050 1066 1108 aureos,
1098 1033 1157 1112 qui
1178 1051 1310 1113 semper
1332 1035 1370 1093 in

208 1212 271 1265 t'st.
291 1215 316 1267 l.
335 1218 362 1270 9.
375 1218 424 1272 22.
443 1220 472 1266 te
491 1222 530 1268 stt
548 1215 608 1267 elta
626 1230 674 1268 res
690 1215 869 1282 frangat?
888 1222 918 1267 ttt
937 1221 974 1267 stt
990 1230 1112 1284 amquam
1129 1221 1157 1268 te
1172 1216 1366 1281 corrigas!

208 1284 279 1351 stin]
299 1286 372 1339 ttuii
389 1302 460 1340 vero
478 1294 511 1337 ut
529 1286 674 1340 Wollium
696 1303 805 1341 errasse
823 1285 1019 1340 certissimum
1036 1294 1089 1351 est,
1114 1285 1153 1337 ita
1172 1295 1270 1337 noster
1287 1288 1367 1339 loom

210 1357 402 1409 eonferendum
419 1356 516 1427 potius
540 1356 659 1409 videtur
683 1374 749 1408 eum
768 1357 853 1410 Germ
882 1358 956 1426 Nep.
975 1357 1008 1409 X.
1028 1359 1054 1411 9.
1073 1356 1105 1409 2ι
1139 1355 1314 1423 cogitasse
1334 1390 1366 1399 -

211 1434 250 1479 st
273 1424 439 1493 lateret,
462 1444 515 1495 qao
538 1428 651 1495 fugeret
668 1428 707 1479 ad
724 1427 859 1479 salutem.-
892 1428 912 1479 i.
932 1444 968 1490 e.‚
999 1435 1032 1477 ut
1050 1435 1130 1479 recte
1147 1426 1317 1481 Giintbems
1333 1428 1368 1479 sd

210 1514 279 1551 eum
296 1498 405 1563 locum,
421 1498 527 1551 collato
546 1497 601 1551 hoe
620 1499 682 1568 ipso
700 1506 808 1562 nostra,
834 1499 888 1551 sit:
916 1513 948 1550 eo
973 1496 1105 1562 coasilio,
1128 1504 1168 1549 stt.
1191 1526 1223 1534 -
1260 1500 1367 1551 Nostro

213 1568 220 1580 ⁴
244 1568 306 1621 itur
330 1568 395 1623 loco
417 1568 568 1636 cogitasse,
593 1573 625 1621 et
643 1600 677 1610 -
696 1568 832 1642 intelligo
857 1573 1005 1636 spectasse,
1024 1574 1056 1620 at
1069 1595 1111 1619 -.
1139 1568 1204 1620 tid.
1225 1570 1313 1623 etiem
1332 1570 1368 1622 B.

210 1638 357 1709 b'under.
376 1640 413 1693 ad
429 1640 491 1694 cte.
509 1654 563 1709 pro
581 1640 676 1693 Plane.
696 1640 764 1691 l’rol
800 1657 828 1724 g.
847 1656 876 1709 p.
896 1640 1010 1692 XXVll.
1030 1638 1080 1689 ubi
1098 1655 1253 1709 perperam
1270 1640 1368 1691 lauda·

211 1720 262 1763 tur
279 1709 304 1775 §-
322 1713 367 1767 22.
386 1726 441 1781 pro
458 1712 502 1765 32.
521 1709 602 1763 Gens.
621 1710 698 1781 hips.
719 1656 877 1763 edeiltihn.
898 1711 976 1765 18³1.
998 1712 1057 1765 199.
1077 1726 1105 1779 p·
1127 1712 1247 1779 lttttsq.
1286 1712 1369 1763 Cete-

212 1798 279 1905 {jum
297 1800 371 1866 eam,
389 1779 531 1907 ffletlrgo
546 1789 602 1905 gat,
620 1780 785 1908 ‘gimiafi
799 1779 1035 1917 {nunziatbionen}
1058 1787 1134 1862 unat
1153 1788 1264 1900 noster:
1288 1780 1369 1905 sipii-

237 1862 285 1905 ter
302 1871 382 1907 ennn
451 1872 461 1904 s
513 1868 528 1902 e
567 1869 613 1903 en.
675 1872 682 1903 ε
714 1866 741 1903 st
759 1866 798 1902 tte
818 1867 861 1903 em
902 1866 930 1902 at
950 1866 982 1903 tte
1033 1865 1124 1903 ortam
1141 1866 1184 1903 me
1204 1867 1229 1901 m
1287 1870 1316 1904 us
1336 1868 1369 1905 se

212 1923 312 1989 sitam,
330 1940 420 1979 essem
436 1922 650 1975 terminaturus.
686 1924 741 1975 Pro
759 1920 847 1975 Arch.
870 1926 918 1977 lt:
937 1920 976 1983 si,
995 1868 1094 1990 pastibus
1112 1869 1286 1987 regtmtiui
1294 1924 1369 1975 sitae

212 1996 338 2063 spatium
355 1993 597 2061 circumscriptum
615 1998 667 2057 est,
686 1991 790 2045 eisdem
802 2007 897 2045 omnes
907 1991 1095 2058 cagitationes
1109 1992 1275 2046 tersaisaret
1288 2010 1368 2050 suas.

214 2068 320 2117 l'ocern
338 2066 399 2117 rita
417 2063 529 2117 omittit
552 2063 627 2117 Gud.
647 2066 673 2118 2.
700 2062 763 2116 Mr.

285 2135 372 2189 Nemo
391 2150 429 2187 ur
466 2149 513 2186 am
531 2164 565 2175 -
584 2134 623 2187 ad
638 2131 767 2201 mortem]
804 2134 910 2199 Vocem
932 2150 1050 2203 anquam
1071 2136 1185 2190 omittit
1203 2136 1271 2190 God.
1292 2134 1367 2203 Gud.

214 2205 251 2257 ln
267 2205 357 2259 llehd.
377 2213 407 2257 et
423 2150 478 2257 lid.
497 2204 532 2256 tt.
552 2203 676 2259 estsine
694 2220 912 2273 spemagna.
950 2204 1026 2260 Tum
1037 2208 1111 2261 lton.
1128 2212 1152 2262 1.
1170 2206 1367 2260 mortalitatis.

214 2274 313 2329 lleisk
341 2275 403 2329 sine
427 2292 510 2329 causa
527 2274 653 2328 ooniecit
677 2276 787 2343 offeret,
810 2274 886 2344 quod
905 2282 947 2327 est
965 2277 997 2331 in
1015 2294 1072 2330 uno
1091 2276 1141 2331 Ox.
1178 2278 1272 2333 Verba
1289 2279 1368 2331 enim

214 2345 277 2399 sisse
295 2379 328 2391 -·
347 2363 397 2415 spe
415 2344 607 2420 intelligenda
624 2353 701 2413 sunt,
721 2344 803 2416 quasi
820 2344 962 2417 seriptum
980 2347 1017 2399 sit
1035 2345 1095 2401 nisi
1112 2377 1144 2387 -
1163 2340 1303 2418 speraret.
1322 2348 1367 2401 nx

214 2434 368 2489 perperam
386 2419 462 2471 lecto
482 2416 651 2487 compendio
665 2416 696 2469 in
707 2416 826 2487 unotlx.
849 2424 891 2469 est
909 2420 940 2469 te
955 2416 1142 2487 propriam
1161 2422 1286 2487 offert.
1305 2420 1368 2473 Mr.

285 2488 382 2543 Licuit
400 2505 461 2543 esse
478 2487 569 2543 otioso
590 2485 783 2555 ttemistocts‘]
809 2486 853 2541 Cf.
879 2486 976 2541 locum
1001 2488 1128 2543 similem
1145 2490 1220 2560 apud
1237 2500 1368 2543 nostrum

214 2559 249 2613 de
269 2562 338 2631 Rep.
359 2561 382 2613 1.
404 2566 428 2617 l·
447 2577 475 2630 p.
494 2563 512 2615 2
531 2578 572 2629 sq.
592 2561 675 2617 (lrzr.
695 2592 729 2602 —
763 2558 806 2613 Ile
825 2560 1043 2613 constructione
1064 2561 1122 2614 vid.
1150 2560 1273 2637 llr'dger.
1293 2580 1320 2613 v.
1340 2561 1367 2613 d.

215 2629 435 2684 Attraction
461 2648 489 2700 p.
510 2633 571 2685 ³7⁰.
600 2631 649 2683 vel
671 2631 768 2701 patius
816 2667 822 2680 ·
848 2632 1010 2687 att-3⁷2
1036 2630 1103 2684 Cod.
1128 2632 1212 2685 Vind.
1233 2636 1259 2687 1.
1282 2631 1369 2685 babet

213 2698 297 2753 tteutt
322 2700 422 2759 enim.
446 2699 534 2753 llebd.
556 2700 668 2757 omittit
686 2717 756 2766 esse,
775 2648 850 2753 aba.
872 2704 896 2755 l.
915 2698 1003 2765 habet
1025 2701 1105 2754 licuit
1124 2702 1245 2758 etiam.
1283 2701 1369 2755 Tales

214 2784 327 2823 errores
346 2770 523 2841 compendiis
540 2768 688 2823 debentur.
717 2772 783 2824 Mox
801 2770 886 2822 Vind.
908 2774 931 2825 l.
958 2770 1040 2823 licuit
1064 2772 1172 2825 etiam
1194 2789 1237 2825 rte
1259 2781 1367 2829 retera.

213 2838 251 2893 lit
270 2851 333 2912 post
351 2858 385 2895 ae
403 2842 543 2895 omittunt
560 2840 628 2895 (lod.
649 2840 723 2893 Gud.
742 2839 814 2893 Edd.
840 2840 913 2893 bled.
939 2840 1021 2893 Junt.
1041 2842 1069 2895 S.
1088 2844 1118 2895 Ρ.
1137 2842 1171 2896 A.
1190 2842 1221 2897 Β.
1241 2844 1277 2897 Ε.
1296 2845 1367 2897 Ven.

213 2920 302 2965 nostr.
322 2912 386 2965 Asc.
407 2917 432 2968 l.
451 2914 477 2966 2.
498 2912 576 2964 Cam.
613 2914 667 2964 Pro
687 2916 804 2964 externe
822 2909 889 2965 Cod.
908 2912 983 2964 Mon.
1006 2916 1030 2967 1.
1048 2912 1135 2966 babet
1153 2921 1266 2967 eterra:
1294 2932 1369 2967 unus

214 2982 264 3035 Ox.
286 2990 394 3036 extera.
431 2980 511 3048 Quod
534 2976 570 3035 ne
588 2982 637 3033 oui
662 2982 784 3052 placeat,
809 2976 898 3035 *serbo
916 2998 1028 3047 moneo,
1055 2982 1230 3037 adiectirum
1254 2989 1370 3039 eatenis

214 3053 349 3107 Ciceroni
368 3064 398 3108 ot
415 3053 560 3105 rarissime
578 3052 721 3123 usurpari,
742 3059 769 3106 et
788 3050 904 3103 nonnisi
926 3050 1114 3105 coniunctum
1132 3070 1200 3107 eum
1218 3055 1369 3107 substanti·

212 3125 257 3179 vis
273 3126 403 3195 populus,
420 3138 500 3193 gent,
518 3122 606 3187 stolio,
626 3120 724 3177 tastis.
759 3120 971 3175 Billerbeckius
987 3125 1121 3177 voculam
1147 3130 1174 3177 et
1190 3132 1256 3179 ante
1276 3133 1369 3179 sotera

212 3196 352 3249 sublatam
371 3205 400 3249 et
418 3203 484 3248 ante
502 3192 574 3247 milti
592 3194 749 3264 repositam
764 3192 886 3245 solebat.
907 3224 941 3235 -
976 3192 1057 3259 Quod
1080 3196 1115 3248 de
1138 3212 1168 3248 se
1193 3194 1255 3267 ipso
1272 3196 1370 3267 loqui·

212 3274 264 3320 tur
281 3266 392 3333 Cicero,
412 3265 558 3350 intelligit
580 3264 667 3317 illum
692 3263 854 3316 consulatus
877 3262 922 3315 sui
947 3281 1064 3331 annum,
1094 3283 1181 3336 quem
1203 3274 1264 3319 tam
1285 3285 1315 3319 ss
1352 3283 1369 3320 e

213 3338 370 3408 praedicat,
390 3352 447 3409 quo
465 3335 696 3401 conjurationem
706 3332 907 3387 Catiliusriam
926 3341 954 3385 et
973 3333 1083 3389 detexit
1101 3334 1286 3390 etrestinxit.
1341 3354 1367 3389 r.

283 3406 413 3462 inhaeret
438 3406 452 3459 i
458 3426 476 3461 a
497 3404 647 3471 meatibus]
677 3404 763 3459 Abest
787 3402 819 3457 iss
836 3420 852 3455 a
870 3403 955 3459 codd.
974 3404 1072 3459 Duisb.
1094 3406 1180 3459 vind.
1201 3411 1225 3461 1.
1245 3406 1320 3460 Gud.
1339 3408 1367 3462 2.

159 3482 163 3489 ’
214 3476 287 3561 Aug.
314 3480 395 3533 Unius
414 3478 463 3531 Ox.
488 3477 574 3529 babet
598 3474 725 3528 haeret
749 3474 782 3527 irs
798 3474 945 3527 mentibus.
965 3475 1051 3540 (Mon.
1073 3482 1097 3533 l.
1116 3476 1274 3541 mantiles).
1312 3477 1369 3531 Sed

213 3566 240 3598 v.
260 3550 337 3601 inira
355 3550 407 3602 111.
427 3551 453 3602 2.
472 3551 498 3603 3.
516 3552 601 3615 poita
619 3578 653 3587 -
676 3543 937 3598 inhaerescunt
980 3546 1075 3601 essitas
1099 3546 1136 3601 ir‘s
1152 3546 1301 3603 mentitus.
1333 3549 1369 3602 de

213 3617 260 3669 Or.
280 3614 318 3670 ll.
338 3620 381 3673 39.
404 3618 462 3672 tet.
482 3615 673 3670 inhaerent
698 3615 730 3668 ia
749 3615 794 3668 rei
812 3622 926 3669 natura.
991 3634 1016 3669 r.
1168 3638 1174 3645 ·

283 3684 910 3813 quiid'tmctulomddwddamddauamstm
933 3689 1128 3811 futtzommtlff
1139 3688 1212 3813 (dide
1230 3692 1324 3813 dltpp:
1340 3693 1367 3811 ἶ.

643 3776 650 3811 :
928 3773 944 3809 a
1250 3800 1256 3811 .
1328 3779 1367 3813 s.

212 3773 493 3884 iiidiedboiuninebl
507 3774 637 3883 ocitidib
654 3773 724 3879 vido
733 3772 875 3881 Gdbnrebi.
896 3774 931 3881 sil
944 3776 1063 3883 gaudi
1079 3778 1143 3903 lie}
1164 3776 1238 3884 All.
1260 3834 1302 3887 1⁰.
1316 3782 1367 3887 ι23.

212 3920 239 3973 p.
260 3904 321 3957 246.
343 3900 413 3970 ibiq.
434 3900 527 3953 laudd.
565 3897 609 3952 td
632 3916 715 3951 usum
742 3898 898 3952 locutionis
916 3898 1043 3971 Philipp.
1063 3901 1102 3954 ll.
1159 3903 1234 3959 .89:
1265 3900 1368 3954 osaea

212 3962 323 4037 {mitra
341 3988 449 4040 semper
475 3968 625 4023 verissima
651 3969 811 4038 augaria
834 3984 948 4022 reram
971 3972 1294 4037 suturarumldtr.

284 4062 343 4116 Ouo
367 4060 477 4128 quidem
501 4059 628 4127 derupta]
659 4059 808 4111 Nimirum
833 4056 1012 4111 saeculorum
1040 4061 1208 4115 futurorum
1233 4061 1366 4135 tugurio.

212 4129 278 4183 cod.
299 4132 369 4215 Reg.
389 4147 442 4203 pro
467 4147 519 4200 qao
542 4130 628 4183 babet
651 4131 734 4198 qaod.
772 4131 805 4181 ln
830 4146 908 4200 seqq.
928 4128 1074 4183 Wolfium
1099 4133 1130 4184 in
1147 4130 1253 4185 sobolis
1270 4131 1369 4185 adnuo-

210 4200 280 4254 dum
299 4201 354 4255 siba
371 4200 487 4273 probari
506 4200 610 4253 dixisse
634 4202 726 4254 refert
750 4200 883 4253 Kleinius
909 4200 1124 4255 distinctionem
1152 4202 1246 4261 Quid!
1267 4208 1368 4271 poi'tae

210 4289 300 4327 aoaae
319 4282 373 4327 eto.
395 4288 466 4343 qttae
486 4280 528 4325 est
547 4270 707 4325 Davisiana.
745 4270 801 4324 Sed
818 4279 943 4341 praestat
963 4289 1004 4336 aa,
1024 4291 1110 4343 quam
1130 4292 1180 4329 uos
1199 4272 1368 4337 exhibemus

210 4362 277 4399 cum
294 4343 460 4416 plerisque:
480 4342 521 4395 ita
540 4343 618 4394 enim
637 4342 741 4395 aurelius
759 4350 945 4412 opponuntur
962 4346 1061 4413 politae
1086 4345 1276 4416 principibus.
1313 4348 1368 4399 Pro

209 4415 257 4485 qui
282 4425 349 4470 ante
372 4430 479 4482 semper
506 4431 580 4469 unus
597 4413 649 4468 Ox.
668 4412 754 4485 babet
771 4413 894 4487 glossam
912 4419 952 4465 at.
974 4442 1005 4452 —
1044 4416 1098 4469 Pro
1117 4416 1193 4471 illud
1217 4416 1267 4483 (sc.
1287 4416 1369 4489 disti·
