2828 5070
123 1545 126 1551 ·
207 1536 302 1596 cgere,
321 1527 461 1578 nimirum
480 1527 574 1578 dedita
592 1543 678 1596 opere
696 1527 726 1578 in
745 1527 842 1598 sliqun
858 1543 891 1579 re
909 1531 1026 1579 versari.
1064 1531 1108 1580 lto
1126 1532 1157 1582 in

209 310 273 376 312
409 306 640 372 CICERONIS
661 308 905 376 Tuscum.
927 310 1157 377 DISPUTAT.

211 474 356 536 cessario
380 474 499 558 glorie,
523 475 622 537 etiem
642 475 672 536 si
692 484 730 536 tn
749 473 787 535 id
806 494 874 536 non
893 494 982 560 eges,
1012 485 1246 557 consequatur.
1288 479 1361 542 Ne-

209 563 289 616 turn
308 575 391 617 vero
411 574 447 616 se
468 558 517 616 sic
536 556 647 634 hebet,
674 564 724 633 ut,
753 577 818 638 quo
840 556 939 617 modo
959 558 1096 618 initium
1124 560 1218 621 nobis
1239 578 1360 624 rerum

210 637 359 698 omnium
386 647 482 703 ortus
507 646 621 698 noster
650 640 780 713 efferet,
809 639 858 699 sic
884 641 1009 699 exitum
1042 659 1143 702 mors.
1191 640 1236 702 Ut
1268 642 1360 704 nihil

209 719 375 800 pertinuit
394 718 436 779 ed
466 727 624 780 nocente
645 729 772 796 crtum,
804 721 853 780 sic
874 720 959 780 nihil
988 730 1227 800 postmortem
1248 726 1359 805 perti·

208 801 310 862 nebit.
352 799 390 861 ln
418 820 483 883 quo
512 798 592 882 quid
618 808 728 882 potest
756 821 828 862 esse
853 803 943 880 mali,
972 823 1073 883 quum
1105 822 1196 865 mors
1223 825 1286 867 nec
1315 805 1360 868 ed

207 969 366 1022 trocinstus
390 975 441 1020 est.
478 965 565 1019 Addit
592 966 695 1019 Oclcsn.
723 967 867 1021 Graecum
891 968 1014 1021 Platonis
1043 969 1141 1021 locum
1173 986 1209 1021 ex
1232 972 1358 1025 Menone

206 1058 235 1110 p.
255 1042 299 1095 97.
319 1056 348 1090 a:
368 1035 416 1091 οὒκ
435 1036 508 1091 ἔστιν
525 1037 616 1107 ὀρθῶς
634 1035 769 1105 ἡγεῖσθαι,
787 1037 838 1091 ἐὰν
854 1042 893 1104 μὴ
911 1043 1045 1110 φρόνιμος
1062 1035 1088 1110 ᾖ.
1119 1071 1151 1081 -
1188 1041 1241 1092 Pro
1261 1056 1359 1093 necee-

208 1109 286 1162 serr‘o
319 1126 392 1160 unus
419 1108 469 1160 01.
495 1107 581 1160 hebet
610 1108 787 1173 neeesrorin3
823 1108 936 1162 scilicet
959 1117 992 1160 ut
1016 1109 1171 1164 concordet
1196 1127 1263 1163 curn
1290 1111 1359 1178 glo·

206 1181 263 1234 ria.
301 1181 359 1234 Mr.

277 1244 394 1303 ettamen·
419 1253 450 1300 te
473 1245 507 1299 ir
527 1262 581 1300 non
603 1247 700 1315 agen]
734 1249 776 1302 De
803 1248 1016 1301 constructione
1041 1249 1099 1302 vid.
1118 1251 1210 1303 Beier.
1236 1251 1272 1303 ed
1290 1251 1355 1305 cic.

206 1321 284 1375 [ancl.
306 1324 348 1384 lt,
367 1320 410 1374 63.
431 1335 458 1388 p.
480 1320 539 1371 1⁰2
559 1316 625 1369 eod.
645 1318 733 1371 Rchd.
752 1318 838 1372 habet
855 1319 888 1372 id
904 1326 944 1371 tn.
961 1318 1045 1370 Vind.
1067 1325 1090 1373 l.
1118 1337 1171 1373 non
1195 1320 1250 1373 s'toe
1269 1337 1355 1388 agar.

206 1392 259 1445 Ed.
279 1392 315 1443 H.
335 1396 365 1444 tu
382 1387 415 1439 id
432 1388 471 1440 ol
489 1385 550 1441 icc
567 1403 620 1439 non
638 1402 719 1453 agne.
748 1387 821 1439 Duos
838 1390 1012 1460 posteriores
1030 1390 1169 1444 lectiones
1187 1391 1254 1444 inde
1273 1401 1355 1444 ortas

207 1479 267 1516 esse
285 1460 468 1512 menifestum
486 1465 537 1520 est,
564 1456 632 1527 quie
658 1457 832 1527 interpretes
857 1476 914 1511 nou
932 1460 1141 1534 intelligerent,
1170 1461 1242 1583 quiq
1262 1462 1359 1596 sitg

1199 1549 1229 1582 ra
1243 1547 1294 1583 ore

207 1602 271 1654 175:
300 1612 369 1664 quae
392 1612 442 1649 ena
465 1602 571 1664 sponte,
590 1596 701 1649 etiarnsi
718 1596 757 1649 s'tt
773 1613 827 1649 non
851 1611 954 1663 agae,
978 1598 1081 1649 cadunt
1106 1625 1152 1649 -.
1190 1599 1357 1669 Opponitur

205 1668 276 1721 huic
293 1666 434 1720 locutioni
451 1666 532 1719 uliud
549 1681 647 1735 egere,
666 1665 741 1719 aliae
758 1682 807 1719 res
823 1683 925 1734 agere:
960 1683 988 1718 v.
1008 1683 1032 1718 c.
1052 1669 1132 1720 Brut.
1152 1671 1195 1724 66.
1215 1672 1281 1724 233:
1317 1677 1355 1725 nt

205 1738 349 1793 mirarere
366 1743 425 1790 tem
442 1737 540 1790 altos
558 1752 616 1789 ree
634 1751 745 1805 egere
765 1738 907 1806 poputum,
930 1742 963 1788 ut
987 1745 1058 1790 eeset
1083 1738 1187 1791 insono
1214 1740 1290 1792 inter
1307 1740 1356 1792 ds‘-

205 1818 300 1864 sertor
317 1809 402 1862 toene.
439 1807 546 1860 Eadem
570 1808 712 1860 sententis
739 1807 803 1860 eliis
827 1807 921 1860 verbis
944 1808 1038 1860 utitur
1063 1810 1141 1861 beel.
1161 1812 1208 1864 tt:
1237 1809 1356 1863 etiarnsi

206 1888 237 1933 te
255 1897 316 1934 earn
331 1878 426 1932 onnes
451 1884 580 1945 sequutus
597 1877 648 1929 eie.
668 1908 702 1920 -
739 1877 875 1945 Conseqne'
892 1885 971 1930 recte
990 1887 1088 1931 monet
1110 1879 1262 1932 lltihnerus
1291 1897 1354 1933 esse

205 1967 261 2004 m
276 1955 522 2072 3055&ququ
539 1950 593 2069 iic
601 1950 703 2082 311thss
725 1948 1239 2072 qqsqqprqtiqnqqogqmnqqdim
1252 2018 1351 2072 ets‘une

205 2093 250 2142 Vn
318 2089 361 2140 ric
387 2102 433 2138 ee.-
463 2087 511 2138 sed
534 2101 565 2137 se
591 2088 634 2138 rie
658 2087 764 2139 habeut
783 2088 868 2141 Godd.
887 2088 927 2140 lie
950 2126 956 2138 .
976 2087 1050 2140 Gud.
1073 2093 1096 2143 1.
1124 2090 1206 2141 Vind.
1227 2092 1252 2143 2.
1273 2091 1350 2143 Gud.

204 2161 275 2213 Duis
295 2198 301 2210 .
322 2157 407 2211 eodo.
426 2156 551 2208 Bentleii
567 2157 639 2208 Edd.
658 2158 693 2208 H.
713 2158 747 2208 V.
766 2156 829 2210 All.
848 2158 915 2210 Rob.
928 2106 1036 2227 &sceptu
1053 2158 1121 2211 Dav.
1143 2161 1194 2228 qui
1211 2162 1353 2229 sequendi

203 2234 332 2285 fuemnt.
353 2254 387 2267 -
423 2227 457 2279 ln
474 2243 552 2296 seqq.
579 2244 653 2278 unus
671 2227 721 2280 01.
746 2229 896 2291 commodo,
930 2244 983 2298 pro
1010 2243 1064 2296 quo
1089 2232 1180 2294 modo,
1208 2247 1243 2282 ex
1261 2248 1353 2299 preve

204 2299 454 2373 prenuntietione3
473 2297 545 2349 elius
563 2298 673 2349 omittit
692 2298 782 2350 nobis.
820 2299 918 2379 Pergit
942 2299 1026 2363 vind.
1048 2304 1071 2353 1.
1098 2301 1221 2352 omnium
1243 2317 1351 2366 renem,

205 2390 271 2427 cum
290 2372 356 2426 cod.
382 2371 407 2422 A
449 2404 467 2432 .,
495 2368 545 2437 qui
568 2382 621 2435 pre
647 2375 743 2420 noster
763 2368 850 2421 hsbet
867 2367 923 2419 nri.
960 2370 1014 2421 Pro
1033 2371 1137 2422 exitum
1154 2389 1227 2422 unus
1246 2372 1298 2423 (lx.
1320 2380 1349 2424 et

207 2464 277 2491 unus
296 2441 373 2494 Leid.
398 2441 505 2492 beent
529 2437 654 2503 exitium,
685 2438 769 2507 quod,
792 2439 843 2490 six
869 2438 976 2503 credas,
1002 2440 1173 2492 Bouhierius
1199 2449 1350 2511 receptum

204 2511 331 2565 volebat:
352 2518 419 2572 „est
439 2508 515 2560 enim
530 2506 651 2560 'exitium
668 2518 798 2561 accurate
817 2509 979 2578 oppositum
997 2508 1084 2562 initio
1093 2510 1126 2560 !“
1163 2512 1222 2564 Mr.

276 2579 313 2632 Ut
333 2577 406 2631 nihil
420 2577 557 2645 pertinuit
585 2578 623 2629 ad
645 2595 695 2631 nos
721 2585 785 2631 ante
808 2579 909 2644 ortum]
946 2580 991 2631 lta
1007 2581 1111 2650 optimi
1135 2582 1204 2634 libri
1232 2589 1260 2632 et
1282 2583 1351 2650 plu-

204 2650 282 2702 rimi.
321 2648 375 2701 Sed
394 2663 464 2716 quae
482 2655 514 2699 ut
531 2648 637 2699 hebent
656 2648 723 2701 cod.
751 2649 834 2701 vind
855 2654 880 2702 l.
907 2649 979 2701 Edd
998 2650 1032 2701 A.
1051 2651 1082 2702 Β.
1102 2650 1130 2703 S.
1149 2652 1184 2702 E.
1205 2651 1235 2703 G.
1256 2653 1292 2702 Μ.
1313 2654 1347 2704 1..

202 2721 301 2772 Herw.
321 2727 350 2770 et
368 2727 480 2770 nostrae
498 2734 596 2770 omnes
614 2726 679 2770 ente
697 2719 788 2770 Gebh.
807 2728 924 2789 praeter
940 2720 1008 2772 Rob.
1028 2720 1127 2791 steph.
1158 2720 1241 2790 (quae
1259 2721 1349 2775 hebet

203 2795 235 2842 et
252 2795 297 2841 nt.-
316 2789 391 2858 quod
428 2788 523 2839 robari
540 2797 643 2856 posset,
662 2789 687 2840 si
704 2789 842 2843 heberent
860 2789 958 2859 plures
976 2789 1061 2843 eodd.
1082 2808 1168 2860 quem
1187 2791 1242 2843 duo
1260 2793 1345 2858 On.)
1384 2797 1387 2808 “

203 2860 330 2929 itemque
357 2859 427 2910 Ed.
456 2874 524 2926 quas
542 2858 673 2910 licisk'us
699 2860 832 2923 contulit,
867 2860 918 2928 qui
941 2877 1093 2929 perperam
1116 2862 1247 2930 probavit
1272 2862 1349 2916 illud

203 2946 273 3000 prae
289 2935 330 2995 nt,
348 2927 461 2980 scilicet
478 2936 511 2979 ut
529 2927 605 2979 dicat
623 2878 734 2994 dicero,
762 2938 885 2982 mortem
911 2939 974 2999 post
993 2940 1116 2984 mortem
1137 2931 1213 2981 nihil
1235 2931 1269 2983 ed
1294 2948 1348 2984 nos

201 3001 359 3071 pertinere.
379 2999 430 3053 Ed.
451 3001 479 3050 P.
499 2998 585 3050 hebet
610 3003 717 3065 utque.
754 3001 863 3052 Verum
880 3000 937 3051 iam
962 3001 1035 3053 vidit
1052 3001 1164 3063 Brutus,
1178 2999 1249 3067 qui,
1276 3001 1346 3052 Pro·

201 3089 315 3137 nomen,
334 3071 384 3135 ait,
404 3070 434 3120 in
452 3068 566 3139 Gryph.
590 3070 748 3139 exemplari
775 3085 832 3122 non
855 3078 955 3122 exsut.
992 3071 1079 3137 Quem
1102 3069 1219 3138 quidem
1241 3085 1344 3122 vocem

201 3143 368 3206 redundare,
388 3141 508 3192 minime
526 3148 605 3193 certe
623 3140 809 3193 necessariam
828 3157 896 3205 esse,
916 3156 999 3194 nemo
1012 3141 1134 3215 ignoret.
1170 3139 1273 3192 Victor
1288 3159 1345 3209 pro

202 3229 271 3282 quae
288 3214 374 3266 hebet
391 3217 430 3264 et:
458 3211 572 3274 melius,
595 3227 680 3278 quam
704 3211 796 3262 ceteri
821 3211 942 3285 vulgati.
951 3212 970 3240 “
994 3212 1067 3286 Aug.
1091 3209 1242 3278 pertimuit.
1268 3211 1344 3265 Gud.

201 3293 266 3339 onte
280 3284 418 3354 pertinuit
437 3283 476 3334 ud
492 3296 553 3345 noe,
572 3281 674 3332 omisso
692 3287 792 3332 ortum.
829 3283 884 3332 Pro
902 3282 944 3333 eie
962 3284 1031 3334 ven.
1051 3285 1078 3336 2.
1097 3281 1217 3345 Reiskii‚
1236 3282 1269 3333 A.
1290 3283 1345 3334 eie·

200 3372 280 3426 qne,
300 3357 330 3407 B.
351 3355 378 3407 S.
398 3353 441 3405 eie
459 3369 511 3415 ne,
531 3349 602 3402 Med.
624 3354 648 3405 1.
667 3351 749 3403 Rskii
767 3352 809 3403 etc
827 3367 927 3418 qnae:
955 3351 1031 3405 unde
1049 3353 1181 3416 conficio,
1206 3352 1248 3403 ait
1265 3353 1344 3417 nan,

199 3428 241 3478 eie
263 3440 406 3496 qnoque.
444 3425 561 3474 Praeter
585 3423 792 3472 necessitatem.
829 3424 874 3474 Ne
899 3423 963 3490 quis
987 3439 1040 3491 pro
1065 3422 1102 3475 s‘n
1125 3434 1188 3492 ‘qno
1206 3422 1344 3475 coniiciat

199 3495 229 3549 t'n
248 3511 333 3564 qua,
353 3495 376 3544 is
395 3500 519 3560 reputet,
539 3506 593 3558 quo
611 3492 718 3543 referri
736 3491 770 3544 nd
793 3492 832 3558 id,
858 3492 933 3561 quod
956 3493 1057 3544 neturl
1080 3494 1122 3544 ita
1146 3501 1344 3563 comparatum

199 3582 257 3619 esse
276 3566 350 3617 dixit
369 3566 486 3614 Marcus.
524 3562 585 3612 Mr.

269 3648 351 3703 pnnm
368 3647 446 3684 mors
464 3648 512 3683 nec
530 3631 569 3683 ad
585 3629 665 3682 υίυοσ
686 3632 891 3699 pertineat,
916 3649 964 3685 nec
991 3634 1029 3686 ed
1046 3634 1212 3701 nnortuost]
1248 3635 1345 3699 „Ele-

253 3714 301 3758 ter
318 3703 392 3755 mihi
410 3702 559 3754 videretur
576 3701 650 3753 illud
665 3704 804 3769 pertineat
824 3704 968 3756 subaudiri
986 3721 1054 3758 cnm
1070 3706 1204 3776 principe
1214 3704 1271 3756 Pel.
1292 3706 1344 3774 qui

197 3792 231 3830 eo
256 3773 454 3829 destituitur.“
479 3769 561 3825 Geth.
599 3774 701 3824 Parum
726 3774 843 3842 quidem
869 3775 913 3826 ele
934 3783 1017 3826 anter
1045 3775 1076 3826 in
1104 3775 1159 3827 hnc
1185 3775 1343 3828 locutione.

196 3849 312 3901 Placere
336 3854 429 3916 posset
457 3844 488 3895 in
510 3843 689 3909 quaestione:
720 3844 796 3898 Quid
811 3842 862 3896 doc
942 3845 1043 3898 viros?
1069 3847 1119 3898 rel
1151 3845 1184 3897 in
1211 3847 1345 3899 enuncie-

196 3919 275 3970 tione
292 3920 415 3970 directa:
434 3913 485 3968 hoc
504 3910 577 3965 nitit
593 3915 631 3965 ed
647 3913 732 3967 vivos.
769 3915 829 3967 Mr.

267 3988 363 4041 Alteri
391 3986 462 4039 nulli
486 3990 569 4036 eunt.-
598 3985 703 4037 elteros
721 4001 773 4037 non
796 3983 938 4053 attingit]
974 3986 1058 4050 „Vid
1079 3986 1287 4056 Wyttenbnch.
1308 3987 1342 4038 od

195 4058 340 4180 qutaqch.
360 4058 393 4108 T.
414 4058 452 4109 11.
470 4073 499 4126 p.
521 4057 580 4110 1⁰9.
602 4056 683 4111 110.“
702 4056 741 4126 [ρ.
762 4059 813 4111 7³2
831 4074 872 4125 sq.
893 4057 935 4109 ed.
956 4059 1004 4110 Ox.
1024 4076 1052 4127 p.
1073 4061 1108 4112 55
1126 4075 1168 4127 sq.
1188 4057 1231 4109 ed.
1250 4054 1341 4123 [ripe]

218 4145 310 4182 cuc.

194 4129 217 4184 s
266 4200 382 4253 Alteros
400 4214 453 4250 non
469 4194 605 4271 adtingit]
641 4196 715 4249 Male
732 4197 821 4281 vulgo
849 4215 914 4250 cum
932 4200 1001 4273 Reg.
1023 4200 1096 4251 ltled.
1115 4199 1183 4252 Bak.
1211 4206 1241 4249 et
1267 4197 1337 4248 Vcn.

197 4276 273 4330 1⁴91.
302 4272 440 4336 attinge&
469 4287 567 4327 omnes
592 4268 679 4331 enim,
709 4268 760 4336 qui
785 4286 843 4319 rem
861 4269 974 4333 vivunt,
1002 4271 1092 4322 serius
1115 4271 1193 4323 ocius
1218 4275 1342 4321 inertem

193 4345 311 4398 nrbeant
335 4358 448 4394 necesse
472 4350 523 4394 est.
561 4337 717 4390 Aeschines
739 4337 869 4390 Axioche
891 4355 915 4390 c.
936 4340 1010 4390 xlv,
1049 4343 1171 4400 Θάνατος
1193 4341 1258 4410 περὶ
1279 4338 1341 4397 τοὺς

193 4416 294 4477 ζῶντας
311 4412 361 4468 οὐκ
379 4412 462 4478 ἔστιν,
486 4411 517 4465 ot
540 4409 571 4462 δὲ
589 4407 779 4468 ἀποθανόντες
796 4405 846 4463 οὐκ
864 4408 950 4462 eroco·
978 4409 1043 4472 ciere
1068 4413 1131 4466 edre
1154 4417 1219 4482 περὶ
1238 4425 1271 4464 σε
1287 4415 1342 4463 νῦν
