2828 5070
575 316 704 382 LIBER
724 315 767 392 11,
791 318 840 384 16.
1212 317 1275 383 ote

120 483 275 568 procedit
295 503 390 546 mora
411 483 453 547 nd
476 485 606 562 tibiam,
628 504 689 547 nec
710 482 889 546 adhibetur
909 484 975 546 ulla
996 485 1068 548 sine
1088 485 1274 569 anapaestis

121 692 215 745 Verba
234 692 311 745 enirn
331 693 399 745 illa:
427 689 569 745 Militiam
586 706 653 742 aero
676 695 803 744 nostram
822 691 894 752 dico,
925 706 1016 760 usque
1034 690 1070 744 ad
1086 706 1188 745 rocem
1208 689 1273 744 dor-

121 764 193 816 tatio
216 763 355 817 videntur
382 762 614 831 interpositionis
642 769 710 814 nota
735 760 920 824 includenda,
951 770 985 814 ut
1008 771 1104 815 tamen
1133 771 1198 833 post
1222 763 1275 817 illa

122 834 319 888 collocentur:
339 832 438 885 Nostri
456 834 596 885 exercitus
613 832 818 900 primamuade
836 850 933 885 acmen
951 831 1050 886 babeat
1069 833 1157 897 eides,
1177 834 1276 886 deinde

123 906 172 974 qui
190 906 279 971 labor,
307 911 428 972 quantas
446 904 571 970 agminis
590 901 737 968 (mititiam
754 920 820 956 uero
840 911 967 957 nostram
985 905 1049 957 dico
1069 920 1121 956 aaa
1139 904 1275 971 Spartia-

123 984 227 1040 tarum,
247 991 360 1041 quoram
378 976 504 1040 procedit
523 976 560 1026 ad
578 975 697 1040 modam,
717 975 756 1026 ad
773 974 884 1035 tibiam,
903 992 952 1028 nec
970 974 1120 1029 adhibetur
1138 976 1196 1027 aila
1214 976 1275 1031 eine

121 1049 281 1115 anapaestis
305 1046 421 1113 pedibus
446 1045 577 1112 hortatio)
602 1048 680 1110 ferre
701 1045 765 1112 pius
790 1046 938 1099 dimidiati
960 1048 1064 1099 mensis
1089 1047 1199 1099 cibaria
1219 1055 1272 1099 etc.

123 1117 178 1170 Sed
196 1117 267 1170 baec
292 1135 355 1170 mea
381 1118 560 1170 coniectura:
588 1135 675 1187 quam
698 1117 864 1184 probabilis,
890 1117 968 1170 docti
993 1118 1154 1185 viderint.“
1179 1116 1206 1173 J.
1227 1117 1270 1171 M.

122 1190 237 1243 Brutus.
274 1189 357 1241 bruti
375 1188 605 1241 emendationem
624 1189 729 1240 merito
748 1204 832 1240 nemo
851 1188 1000 1259 amplexus
1020 1188 1070 1242 est'.
1108 1188 1273 1241 Lambinia-

123 1277 189 1311 nam
208 1259 341 1328 cupidius
360 1268 534 1330 receperunt
552 1258 601 1315 Fr.
621 1259 705 1314 Fabr.
732 1266 761 1311 et
785 1258 908 1314 llWolf.
945 1258 1002 1313 llle
1026 1269 1122 1313 tamen
1141 1260 1222 1313 addit
1239 1259 1272 1312 in

122 1331 318 1394 annotatione,
353 1330 433 1399 quasi
456 1331 610 1383 veritatem
639 1329 830 1382 subodorans:
866 1330 944 1394 „Sed
975 1338 1082 1394 tamen,
1119 1340 1273 1401 antequam

123 1401 257 1455 Lambini
284 1401 512 1454 emendationem
535 1402 684 1465 vidissem,
717 1399 795 1453 hunc
826 1400 924 1454 locum
947 1402 1108 1456 referebam
1136 1403 1170 1456 ad
1197 1401 1273 1456 illud

122 1490 222 1550 genus,
243 1473 274 1524 in
293 1487 350 1541 quo
368 1471 535 1541 parenthesi
556 1473 721 1541 interrupta
739 1471 831 1524 oratio
856 1480 1000 1525 mutatur:
1035 1473 1117 1526 cuius
1140 1472 1272 1542 exempla

122 1543 263 1597 nonnulla
288 1543 362 1612 apud
386 1540 555 1596 Ciceronem
584 1543 808 1597 animadverti.“
831 1542 858 1598 J.
879 1544 910 1597 F.
931 1543 1052 1596 Gronau·
1075 1545 1151 1597 Obss.
1172 1545 1223 1597 111.
1244 1544 1271 1598 6.

121 1634 150 1686 p.
171 1614 223 1669 168
243 1631 284 1682 sq.
308 1620 461 1682 postquam
487 1615 608 1665 nimiam
633 1613 754 1666 illorum
780 1614 1003 1667 duumviratum
1025 1615 1175 1669 licentiam
1193 1615 1273 1668 vitn-

121 1687 245 1756 peravit,
283 1685 375 1748 „Nos,
403 1686 453 1748 ait,
482 1686 613 1753 primum
636 1683 806 1736 vocabulum
827 1683 939 1737 leviter
957 1693 1110 1751 mutamus,
1139 1694 1168 1739 et
1186 1701 1276 1762 agno·

123 1758 230 1809 scimus
248 1754 447 1824 parenthesin,
466 1755 516 1808 sed
534 1755 615 1807 nulla
633 1756 820 1808 traiectione:
842 1755 1009 1809 Militiae
1027 1774 1092 1809 cero
1112 1754 1276 1818 (nostram-

122 1844 235 1896 qaoram
253 1827 382 1894 procedit
399 1841 501 1878 mora
520 1829 558 1879 ad
576 1826 674 1878 tibiam
694 1857 727 1868 -
746 1824 882 1890 laetatio)
905 1827 996 1880 nostri
1014 1827 1154 1879 exercitas
1173 1860 1204 1870 -
1225 1825 1276 1878 ba·

123 1899 203 1950 beant
222 1904 275 1951 etc.
313 1897 451 1960 Militiae,
472 1898 577 1966 inquit,
597 1905 632 1948 ut
649 1895 719 1948 alias
731 1897 808 1949 domi
826 1897 1010 1967 militiaeque.
1043 1899 1079 1949 ln
1093 1898 1275 1969 expeditione

124 1968 201 2022 etc.“
236 1966 356 2037 Recepit
373 1969 400 2019 J.
422 1966 587 2019 Gronovius
607 1974 697 2019 totam
716 1967 749 2019 in
767 1986 817 2020 sua
835 1967 887 2020 Ed.
909 1967 1106 2034 (Amsancti.
1126 1971 1165 2035 t.)
1205 1970 1276 2022 atris

123 2040 352 2092 emendationem
380 2039 515 2108 idemque
542 2041 676 2091 iecerunt
693 2039 835 2113 Verburg.
855 2040 927 2093 Ern.
949 2048 987 2103 et,
1012 2048 1047 2092 ut
1065 2041 1155 2105 vides,
1175 1987 1273 2094 tineis.

122 2112 155 2163 in
173 2110 245 2162 Edd.
265 2113 290 2165 2.
312 2117 340 2162 01
358 2115 383 2166 3.
422 2109 579 2178 Inprimis
605 2125 676 2162 vero
700 2111 893 2179 posteriorem
918 2110 1159 2178 emendationem,
1194 2126 1276 2165 mora

122 2197 177 2252 pro
196 2183 352 2244 admodum,
371 2180 521 2250 amplexus
538 2187 590 2243 est,
609 2181 739 2249 priorem
759 2180 905 2246 (miiitiae)
924 2182 1038 2243 abiecit,
1057 2181 1172 2237 dicens:
1192 2183 1275 2252 „pri·

122 2271 199 2306 marn
218 2252 383 2305 Gronovius
401 2268 504 2305 vocem
531 2259 642 2304 temere
667 2250 820 2315 sollicitat,
846 2269 918 2321 quae
939 2251 1017 2305 idem
1046 2262 1127 2306 sonat
1150 2254 1276 2322 acquod

122 2324 161 2375 ad
179 2324 311 2375 militiam
329 2324 440 2378 attinet.
460 2322 524 2375 Vid.
545 2338 596 2374 nos
616 2320 692 2375 adl.
711 2324 755 2376 24.
777 2331 806 2373 et
823 2320 877 2373 Tb.
898 2322 1088 2376 Munckerum
1113 2325 1145 2375 in
1163 2325 1274 2400 Hygin.

122 2393 190 2445 Fab.
217 2395 338 2448 xxxiv,
375 2394 413 2445 At
437 2393 486 2444 vir
517 2392 703 2444 doctissimus
732 2392 852 2461 scopum'
881 2394 998 2446 videtur
1030 2395 1173 2470 tetigisse,
1209 2410 1276 2447 cum

122 2465 306 2534 rescripserit
335 2479 433 2516 mora
458 2463 496 2513 ad
521 2462 630 2527 tibiam,
661 2480 729 2514 nam
754 2462 889 2516 Cantabri
913 2502 919 2514 .
954 2465 1076 2517 arodus
1105 2466 1142 2516 ad
1166 2465 1274 2522 tibiam.

123 2535 290 2588 Perizonius
309 2551 380 2587 vero
398 2532 434 2586 ad
452 2531 546 2585 Sanct.
566 2535 635 2584 Min.
655 2533 695 2585 11.
715 2537 740 2589 5.
759 2551 788 2603 p.
808 2537 867 2589 let.
888 2483 1273 2606 1011111101173610223.

121 2606 222 2657 Bauer.
246 2605 280 2657 ad
306 2624 333 2656 v.
360 2604 497 2656 resilitiam
524 2603 629 2669 „Mihi,
658 2605 709 2665 ait,
738 2605 890 2681 vulgatum
913 2604 969 2659 hoc
987 2606 1071 2659 valde
1088 2606 1207 2659 videtur
1224 2609 1275 2661 du·

123 2693 198 2739 rum,
218 2684 247 2729 et
262 2684 443 2744 corruptum,
463 2675 531 2744 quia
542 2676 674 2746 sequitur
687 2675 786 2727 statim
806 2683 933 2729 nostram
946 2677 1009 2729 dico
1025 2686 1079 2730 etc.
1100 2677 1276 2732 Coniectura
1351 2732 1354 2737 ,

122 2753 219 2800 autem
238 2747 292 2798 ista
312 2756 340 2798 et
358 2747 463 2817 optimi
482 2754 525 2800 est
543 2763 642 2799 sensus
668 2753 697 2798 et
719 2747 974 2815 frequentissimae
997 2747 1162 2806 locutionis.
1199 2751 1274 2803 Nam

123 2818 193 2887 quid
211 2819 403 2886 frequentius,
435 2835 522 2886 quam
547 2818 588 2868 ita
606 2816 737 2869 absolute
756 2817 888 2871 adhiberi
914 2819 1034 2872 miiitiae
1053 2826 1083 2872 et
1102 2823 1211 2890 opponi
1236 2827 1276 2886 rot

123 2889 210 2954 domi,
242 2906 331 2958 aeque
357 2905 390 2941 ac
412 2890 442 2940 rb
467 2887 584 2940 tettt.²“
621 2887 698 2940 Haec
721 2904 791 2941 vero
816 2888 905 2941 nihili
933 2908 1003 2955 esse,
1027 2908 1121 2958 neque
1149 2909 1276 2961 unquam

123 2961 293 3014 Ciceronem
318 2959 441 3011 militiae
464 2959 572 3010 dixisse
596 2958 772 3027 simpliciter
799 2968 828 3012 et
853 2959 938 3024 nude,
964 2961 1022 3014 nisi
1046 2959 1141 3014 addita
1159 2964 1276 3032 opposi-

122 3034 203 3085 tione
222 3031 308 3092 domi,
326 3048 421 3097 nemo,
441 3031 553 3098 opinor,
573 3027 691 3082 dubitat.
730 3030 801 3084 Vide
819 3031 903 3085 modo
922 3031 1113 3087 lluddimann.
1133 3033 1205 3084 lnst.
1223 3032 1274 3088 Gr.

122 3105 152 3158 L.
174 3103 210 3154 11.
231 3121 258 3169 p.
278 3105 331 3157 213
351 3123 392 3172 sq.
413 3110 472 3153 not.
493 3106 519 3158 6.
540 3102 582 3153 ed.
604 3099 771 3153 Stallbaum.
787 3134 819 3144 -
853 3101 928 3167 Quae
946 3103 1006 3155 viri
1024 3103 1101 3154 docti
1120 3112 1186 3172 post
1203 3104 1274 3154 Dav.

122 3175 158 3226 de
175 3171 204 3223 h.
227 3172 246 3223 l.
267 3180 451 3233 monuerunt,
480 3179 547 3241 post
571 3171 632 3225 eius
656 3181 753 3224 annot·
781 3172 891 3225 iustum
909 3171 1056 3226 habebunt
1073 3172 1178 3227 locum.
1219 3173 1276 3226 Hic

122 3243 239 3295 nonnisi
265 3242 408 3295 librorum
439 3243 581 3295 lectiones
605 3259 695 3310 usquo
729 3242 764 3295 ad
796 3243 896 3296 tibiam
923 3244 1095 3297 recensebo:
1126 3244 1277 3318 vulgatam

122 3314 202 3366 vides
223 3314 254 3364 in
272 3331 337 3364 ann.
357 3312 439 3376 Dav,
459 3329 530 3381 quae
549 3321 671 3381 occupat
690 3329 788 3367 ornnes
807 3313 881 3368 Edd.
901 3324 966 3368 ante
984 3315 1080 3368 lamb.
1093 3347 1125 3356 -
1151 3315 1186 3366 ln
1206 3314 1275 3369 Cod.

122 3385 195 3459 Aug.
216 3392 259 3436 est
277 3384 340 3435 dico
360 3391 494 3437 nostram.
521 3383 594 3436 Gud.
614 3388 640 3436 2.
667 3385 781 3436 omittit
798 3385 870 3438 dico.
908 3388 963 3438 Pro
989 3402 1068 3438 saara
1094 3394 1138 3439 est
1163 3386 1202 3439 ad
1219 3403 1277 3439 mo·

122 3456 236 3509 dustein
257 3454 345 3510 Codd.
365 3454 455 3508 llebd.
480 3453 580 3506 Duisb.
605 3454 677 3507 Gud.
708 3455 807 3521 biarb,
832 3458 863 3508 in
888 3458 1010 3526 reliquis
1030 3456 1189 3520 adsnadam,
1217 3456 1277 3510 nisi

122 3527 199 3596 quod
217 3526 301 3578 Vind.
317 3532 341 3581 1.
361 3526 486 3602 glossam
504 3525 600 3588 habet,
619 3542 690 3595 quae
710 3544 808 3578 veram
827 3527 982 3581 lectionem
1003 3529 1126 3580 extrusit
1147 3529 1275 3599 quidem,

122 3598 173 3652 sed
190 3598 268 3650 haud
286 3598 407 3651 obscure
427 3599 451 3650 si
474 3597 588 3649 nificat:
609 3604 652 3649 est
667 3597 743 3648 enim
764 3598 805 3649 ibi
820 3600 949 3666 procedit
969 3599 1156 3652 exercitae.
1191 3599 1276 3654 Solus

122 3669 191 3721 Cod.
217 3669 292 3723 Gud.
318 3668 405 3721 habet
430 3616 472 3722 ad
500 3669 609 3721 triadum
635 3683 678 3718 ac
701 3666 811 3722 tibiam.
856 3670 936 3723 Addo
962 3677 1113 3738 praeterea
1143 3689 1215 3740 quae
1241 3670 1276 3724 de

122 3741 248 3793 lectione
265 3741 407 3792 Militiam
435 3750 463 3794 et
487 3741 521 3792 de
540 3739 756 3792 constructione
775 3741 918 3793 monenda
941 3742 1002 3793 visa
1020 3749 1099 3794 sunt:
1137 3743 1278 3807 „Sermo-

122 3827 198 3871 nem,
218 3812 259 3862 ait
277 3812 438 3880 Wopkens.
459 3811 479 3862 l.
500 3829 524 3866 c.
545 3829 572 3878 p.
593 3812 628 3864 611
648 3807 701 3874 [81.
723 3809 825 3877 Hand]
847 3829 889 3881 sq.
910 3811 952 3863 sic
970 3812 1142 3864 instituebat
1159 3811 1276 3865 Tullius

122 3889 154 3932 ut
173 3883 197 3932 si
216 3881 345 3933 dicturus
364 3884 485 3935 luisset:
506 3881 650 3946 mititiam,
671 3881 741 3932 unde
759 3898 856 3935 nonies
874 3880 983 3944 babeat,
1007 3882 1094 3946 rides,
1115 3882 1136 3933 i.
1156 3901 1179 3937 e.
1199 3883 1277 3936 unde

120 3952 228 4003 militia
248 3969 352 4004 nomen
369 3953 490 4006 babeat:
524 3970 579 4020 qua
598 3952 632 4005 de
656 3953 751 4004 forma
770 3952 863 4004 multa
882 3960 1100 4006 coacervantem
1119 3952 1185 4007 vide
1203 3952 1274 4006 Dav.

120 4025 156 4076 ad
174 4023 209 4073 N.
235 4022 319 4076 Deor.
341 4024 364 4075 l.
386 4027 428 4079 26.
466 4022 522 4076 Sed
548 4024 625 4074 facta
650 4019 775 4092 'quadam
800 4025 938 4076 orationis
963 4023 1145 4098 digressione
1170 4025 1204 4077 ab
1231 4025 1278 4077 in·

121 4103 205 4164 cepto
226 4110 276 4148 suo
296 4103 479 4147 transversus
492 4094 574 4147 velut
592 4095 746 4163 abripitur,
766 4096 853 4165 idque
872 4103 906 4146 ut
923 4102 1060 4157 resumat,
1079 4113 1137 4148 non
1156 4096 1277 4150 eandem

120 4167 245 4219 miiitiae
263 4183 363 4219 vocem
382 4167 500 4236 repetit,
520 4165 570 4218 sed
588 4181 782 4234 synonymam
806 4166 1003 4230 exercituum3
1030 4166 1108 4235 quod
1125 4165 1277 4219 ἀνακόλου-

119 4243 183 4300 θον,
202 4245 267 4307 post
284 4239 392 4291 multos
412 4236 494 4298 alios,
514 4237 675 4289 illustravit
694 4235 787 4290 editor
804 4238 840 4289 ad
850 4236 938 4290 huius
956 4237 1028 4289 libri
1046 4242 1107 4292 0.1.
1129 4248 1157 4293 01
1175 4239 1206 4289 L.
1222 4235 1274 4288 111.

121 4324 145 4358 0.
171 4311 197 4361 8.
241 4310 342 4362 Probat
377 4310 556 4370 restitutum,
597 4315 699 4360 contra
733 4310 875 4362 Gronovii
906 4310 1113 4371 coniecturam,
1142 4308 1278 4359 mititiam

121 4377 311 4443 Bouhierius3
332 4381 435 4449 probat
455 4381 528 4433 item
548 4379 688 4444 Olivetus,
709 4381 760 4449 qui
779 4380 819 4430 ita
838 4381 873 4433 de
893 4380 1095 4450 Wopkensioe
1129 4379 1219 4444 „Quis
1239 4377 1279 4430 sit

121 4447 183 4513 ille,
201 4450 283 4503 vivat
300 4469 337 4503 an
355 4452 474 4519 vixerit,
494 4451 630 4524 equidem
648 4453 757 4506 nescio.
784 4449 847 4507 Hoc
865 4453 941 4509 scire
955 4453 1058 4508 videor
1071 4457 1162 4518 certe,
1180 4447 1278 4519 ipsum
