2828 5070
119 296 183 350 XV!
630 297 773 365 INDEX

194 466 223 527 9)
240 465 310 520 Cod.
330 461 568 532 Rebdigsriouut,
589 466 835 524 Vratislaviensis.
867 467 944 523 Duas
962 469 1049 525 huius
1059 471 1173 526 Codicis
1192 472 1284 529 habeo

122 537 307 602 collationes,
336 553 432 606 neque
456 542 556 589 tamen
578 539 670 608 ipsius
689 540 805 594 Codicis
827 549 994 595 accuratam
1017 545 1163 597 notitiam.
1200 547 1285 598 Atta-

121 626 188 663 men
208 625 275 662 cum
294 607 372 661 idem
389 624 452 661 esse
469 607 615 675 videatur,
634 610 686 682 qui
704 609 850 666 adbibitus
868 621 913 666 est
931 612 1015 667 libris
1035 605 1191 671 deNatura
1208 616 1285 671 Deo·

120 699 189 733 rum
207 679 326 734 edendis
345 679 379 733 ab
397 678 577 746 Heindcrflc,
597 683 667 736 satis
685 681 849 753 descriptus
868 685 960 739 estin
979 685 1161 742 Praefatione
1180 705 1284 742 eorum

119 751 264 806 librorum
286 750 493 805 Heindcrfiana
522 768 555 836 p.
583 752 647 808 Vll.
675 771 717 824 sq.
756 754 918 825 Utrunque
949 757 1139 813 collationem
1170 760 1283 814 Orellio

120 822 219 880 debeo.
256 823 387 876 Priorem
413 822 545 876 instituit
567 822 599 876 1¹⁸.
619 824 654 876 Ν.
676 824 819 892 Kleim'us,
848 827 981 893 Silcsius,
1010 828 1176 898 Gymnasii,
1205 831 1285 901 quod

120 893 342 949 Confluentibus
365 899 417 958 est,
450 893 604 949 Director:
633 896 757 950 alteram
781 899 896 970 aliquot
925 901 1075 954 seminarii
1104 901 1284 976 philologici

121 965 356 1020 Vratislavienois
379 965 500 1032 sodales,
528 967 633 1021 Fraoc.
658 967 804 1034 Pussocic,
832 972 909 1038 viro,
941 970 1011 1025 dum
1035 974 1160 1039 viveret,
1197 971 1283 1025 nobis

120 1055 235 1110 quoque
253 1039 356 1102 amico,
373 1045 560 1107 procurante.
585 1038 626 1091 Et
635 1041 786 1108 posterior
798 1043 916 1111 quidem
930 1042 1049 1097 collatio
1068 1045 1162 1096 multo
1180 1045 1284 1115 priore

121 1117 167 1165 est
184 1110 356 1164 accuratior.
384 1109 448 1162 Nec
464 1116 563 1164 tamen
582 1109 661 1164 ideo
680 1110 756 1176 dico,
776 1129 834 1183 quo
852 1115 999 1168 minorem
1017 1114 1176 1168 habendam
1194 1115 1283 1168 fidem

118 1182 215 1306 priori
240 1181 420 1236 existimem:
457 1181 507 1235 scd
529 1181 598 1251 quia
622 1184 772 1253 posterior
795 1201 906 1251 cinnes,
939 1187 1150 1240 minutissimos
1183 1188 1282 1249 etiam,

135 1253 275 1307 ‘terarum
293 1271 309 1306 a
330 1252 390 1306 ices
407 1255 605 1324 persequitur,
623 1270 661 1307 ne
679 1254 812 1309 minimis
827 1256 946 1326 quidem
962 1259 1114 1328 scriptoris
1134 1256 1283 1310 erroribus

120 1270 431 1391 alucinatiouibusque,
460 1324 565 1395 quibus
585 1324 710 1378 refertus
729 1333 773 1378 est
791 1326 876 1394 liber,
906 1330 1029 1383 omissis.
1070 1329 1146 1395 Quae
1164 1329 1283 1400 quidem

120 1397 218 1451 omnia
235 1398 349 1450 referre
365 1396 479 1479 piguit:
500 1412 673 1466 quamquam
687 1405 775 1449 eruut
793 1399 855 1450 sine
867 1398 963 1465 dubio,
983 1401 1035 1468 qui
1053 1417 1105 1452 nos
1123 1401 1154 1451 in
1173 1399 1283 1452 talibus

120 1466 207 1521 rebus
225 1467 314 1521 nimis
332 1467 423 1520 fuisse
440 1466 597 1543 diligentes
616 1468 777 1522 clamitent.
807 1468 850 1522 De
869 1469 968 1523 codice
987 1471 1049 1540 ipso
1068 1471 1107 1521 ita
1127 1468 1281 1522 existimo:

119 1539 285 1593 consentire
302 1555 369 1591 eum
392 1537 496 1590 multis
521 1537 595 1591 locis
619 1555 685 1590 cum
704 1539 833 1609 optimis,
862 1539 1002 1610 plurimis
1026 1548 1124 1593 tamen
1149 1540 1220 1592 locis
1240 1541 1283 1591 ita

121 1608 271 1665 discedere
289 1627 305 1662 a
322 1609 380 1662 reli
401 1625 506 1663 uorum
526 1609 697 1679 scriptione,
715 1618 750 1661 ut
768 1610 952 1664 statuendum
972 1629 1030 1665 esse
1047 1611 1190 1673 videatur,
1211 1626 1283 1662 con·

119 1679 197 1735 sulto
216 1627 550 1735 sexcentiesbibmium
567 1681 752 1734 averborum
765 1680 877 1746 ordine,
896 1699 983 1752 quem
1001 1682 1111 1751 reliqui
1131 1681 1282 1745 exhibent,

121 1752 297 1819 discessisse,
314 1760 349 1804 ut
367 1751 539 1828 elegantius,
565 1751 590 1803 si
609 1749 665 1805 diis
683 1748 790 1823 placet,
814 1752 898 1822 loqui
921 1753 1050 1809 disceret
1069 1753 1181 1806 Cicero.
1219 1752 1282 1804 Nec

121 1824 226 1879 desunt
243 1822 494 1896 interpolationes,
527 1820 649 1878 eundem
666 1833 762 1892 saepe,
786 1831 821 1876 ut
839 1824 965 1889 videtur,
985 1825 1017 1877 in
1034 1825 1124 1878 finem
1143 1822 1282 1877 Ciceroni

120 1896 262 1951 obtrusae.
297 1895 378 1951 Adde
395 1893 454 1960 his,
473 1911 546 1965 quae
563 1893 599 1950 de
616 1911 650 1949 eo
668 1893 745 1948 libro
763 1893 893 1964 disputat
911 1895 1037 1951 Orellius
1056 1904 1156 1950 noster
1175 1897 1206 1947 in
1225 1893 1279 1946 Ed.

121 1965 352 2022 Tusculanarum
369 1967 515 2037 peculiari
538 1982 567 2035 p·
587 1969 650 2022 324.

192 2039 238 2104 1⁰)
262 2040 331 2094 Coti.
351 2037 509 2104 Gudianus,
541 2054 629 2107 quem
647 2054 708 2105 nos,
733 2038 817 2093 nullo
836 2039 934 2093 addito
952 2056 1084 2103 numero,
1114 2037 1281 2091 Gudianum

121 2109 314 2181 appellamus,
341 2109 470 2166 Onllius
497 2108 654 2163 secuudum
683 2109 732 2172 (in
750 2108 807 2162 Ed.
832 2111 934 2166 Tusce.
959 2110 1105 2182 peculiari
1131 2128 1160 2180 p.
1181 2110 1279 2174 ·324.)ε

121 2199 190 2237 cum
213 2181 295 2237 nobis
318 2183 358 2236 sit
383 2183 524 2236 secundus
542 2182 577 2246 is,
609 2197 696 2253 quem
714 2178 954 2238 Schneidewinus
976 2181 1280 2265 Rottendorphianum

121 2252 260 2327 appellat.
292 2253 348 2308 Est
365 2255 610 2315 membranaceus,
628 2254 739 2306 formae
757 2254 910 2321 maximae,
930 2253 1028 2306 seculo
1046 2252 1118 2308 XIV.
1139 2271 1170 2303 m
1182 2251 1282 2304 Gallia

122 2332 269 2383 exaratus:
288 2325 366 2397 apud
383 2324 524 2379 Ebertum
543 2323 629 2392 (nihl.
650 2323 750 2377 Guelt.
772 2323 859 2378 Codd.
878 2343 907 2397 p.
927 2325 986 2392 54.)
1010 2338 1135 2377 numero
1153 2326 1214 2378 235.
1235 2323 1283 2375 in·

121 2398 259 2476 signitur.
297 2398 458 2453 Verborum
484 2396 555 2450 ordo
580 2411 662 2464 saepo
686 2413 703 2447 a
720 2395 805 2471 Regii
829 2405 860 2449 et
883 2396 959 2451 Cud.
978 2400 1005 2450 l.
1032 2392 1134 2448 ordine
1156 2393 1280 2458 recedit,

121 2487 177 2525 nec
194 2485 266 2524 vero
285 2485 319 2523 eo
336 2469 443 2523 melior
462 2475 513 2523 est.
552 2466 686 2520 Contulit
705 2483 772 2520 eum
790 2465 934 2534 Kleinius,
952 2468 985 2519 V.
1008 2465 1064 2530 Cl.,
1089 2466 1137 2518 cui
1157 2473 1186 2517 et
1204 2464 1282 2518 Reh-

120 2541 269 2618 digeriani
282 2540 472 2595 collationem
483 2539 618 2593 debemus
638 2544 676 2603 et,
695 2555 789 2608 quem
800 2540 934 2608 proxime
951 2537 1176 2600 recensebimus,
1194 2534 1283 2587 Duis-

120 2611 287 2689 burgensis.
323 2612 405 2665 Misit
423 2627 486 2665 eam
507 2610 542 2664 ad
560 2625 611 2663 nos
629 2625 697 2662 cum
714 2609 782 2664 aliis
800 2610 940 2680 plurimis
958 2609 1135 2663 adiumentis
1155 2607 1282 2661 Orelliua

121 2683 180 2737 iam
198 2691 265 2737 ante
287 2681 340 2737 hos
359 2681 488 2752 quinque
506 2697 606 2735 annos.

192 2754 238 2821 ll)
266 2754 335 2807 Cod.
354 2752 588 2820 Duisburgeneis,
606 2751 687 2817 item,
712 2761 746 2807 ut
764 2755 835 2820 dixi,
858 2753 1008 2807 aKleinio
1027 2752 1162 2818 collatus,
1190 2752 1284 2806 seculi

120 2825 196 2879 xlv.
227 2825 262 2879 de
286 2841 344 2896 quo
368 2825 445 2894 quod
469 2823 579 2877 iudicat
602 2822 728 2879 Orellius
754 2825 786 2878 in
811 2825 853 2878 cd.
875 2825 978 2878 tusce.
1006 2825 1151 2894 peculiari
1169 2840 1197 2891 p.
1219 2826 1283 2879 325.

123 2898 201 2952 idem
218 2899 283 2950 fere
300 2896 384 2950 nobis
403 2895 590 2958 iudicandum
606 2896 732 2949 videtur.
770 2895 865 2949 Habet
882 2894 1033 2959 sunbona,
1062 2901 1189 2965 praestat
1207 2891 1286 2945 Reh-

123 2969 277 3046 digeriano
302 2976 333 3022 et
356 2966 489 3020 Gudiauc
508 2965 597 3031 (10.):
621 2966 654 3020 in
671 2967 829 3020 verborum
847 2975 946 3020 tamen
969 2963 1072 3018 ordine
1091 2963 1285 3030 immutando,

125 3057 218 3113 eoque
237 3039 408 3094 Ciceronem
427 3036 612 3112 corrigendo,
638 3036 673 3090 ad
690 3036 901 3113 Rehdigeriani
927 3035 1077 3088 licentiam
1094 3051 1186 3105 prope
1205 3052 1286 3089 acce—

123 3111 179 3179 dit,
198 3119 330 3166 ceterum
348 3109 417 3162 satia
435 3109 575 3174 diversus,
608 3125 667 3161 non
685 3109 769 3162 illius
787 3124 878 3173 more,
898 3105 948 3160 sed
965 3123 1018 3159 suo
1035 3115 1130 3159 utens.
1167 3107 1286 3161 Partem

123 3183 287 3238 lectionum
305 3180 394 3234 huius
413 3179 538 3245 Codicis,
567 3173 635 3233 inde
653 3179 688 3232 ab
705 3180 792 3232 initio
810 3197 844 3231 us
888 3177 957 3231 ead
974 3177 1056 3230 Libri
1075 3178 1113 3231 11.
1134 3187 1221 3248 caput
1238 3181 1284 3245 2³,

201 3253 323 3378 uu
449 3250 618 3374 uus
730 3251 766 3303 ¹¹·
790 3247 920 3384 utu
937 3247 1103 3377 nutu
1121 3249 1286 3384 nui·

159 3345 188 3379 r:
259 3343 294 3378 rr
381 3339 519 3375 nme.
623 3338 787 3375 roras
867 3337 950 3374 usse
997 3359 1004 3371 .
1112 3352 1144 3362 -
1192 3358 1197 3369 .
1239 3339 1283 3373 e:

125 3395 379 3527 Ccniecquren
399 3393 490 3447 iiber
512 3390 782 3448 verschiedene
809 3391 937 3448 latein.
958 3391 1118 3446 Dichter
1135 3390 1284 3454 (Diisseld.

123 3470 201 3524 1798.
227 3486 238 3520 s
263 3505 295 3517 ..

193 3485 259 3606 12)q
267 3537 314 3602 13)
339 3533 456 3589 Codices
474 3536 667 3601 Monacensea,
694 3536 796 3590 collati
823 3555 839 3589 a
864 3537 928 3589 virc
957 3537 1062 3588 iuvene
1089 3535 1122 3586 Ε.
1143 3532 1282 3599 Kreusio,

124 3610 172 3662 cui
191 3607 325 3663 mandata
343 3613 406 3659 erat
424 3624 456 3659 ea
474 3625 544 3660 cura
561 3605 595 3659 ab
614 3607 649 3658 11.
671 3607 701 3660 F.
722 3609 914 3675 Musamanno,
939 3607 973 3656 V.
993 3604 1027 3656 D.
1066 3605 1191 3659 Primum
1209 3604 1285 3656 dicit

123 3682 336 3744 Victoriarum,
362 3676 624 3743 membranaceum,
652 3680 760 3732 saeculi
778 3678 886 3731 decimi
905 3677 1012 3746 quinti,
1030 3678 1061 3728 in
1079 3677 1153 3730 Bibl.
1174 3677 1282 3727 Monac.

124 3767 247 3805 numero
267 3753 302 3807 58
320 3749 483 3824 signatum:
508 3749 629 3802 alterum
646 3747 843 3804 Electoralem
862 3766 906 3800 nr.
926 3751 987 3804 2¹17.
1025 3747 1079 3800 Est
1105 3749 1176 3800 item
1195 3746 1286 3799 seculi

123 3824 181 3876 XV.
219 3823 254 3875 ln
274 3823 333 3875 fine
352 3819 431 3874 enim
450 3820 630 3890 adscriptum
649 3828 707 3873 est:
728 3819 811 3874 Libri
821 3820 1043 3874 Tusculanorum
1055 3818 1286 3887 Disputationum

123 3894 225 3948 Marci
253 3891 346 3946 Tullii
369 3890 518 3944 Ciceronis
546 3890 688 3956 foeliciter
718 3892 841 3946 Finiuot.
885 3893 967 3943 Anac
992 3889 1167 3944 MCCCCLV
1191 3887 1287 3941 Podue

127 3965 241 4019 laudea
259 3964 321 4018 Dec
339 3961 457 4029 infinite.
494 3963 610 4016 Primus
631 3964 662 4015 iu
682 3962 761 4017 calce
779 3962 878 4018 habet:
910 3960 1036 4030 Explicit
1054 3961 1178 4014 ,loannes
1196 3962 1288 4010 Arre-

125 4071 204 4125 tieua
222 4041 348 4123 1⁰1111o.
368 4070 441 4137 Aug.
461 4040 540 4124 niv
553 4068 619 4123 Post
630 4037 728 4124 Mclffl
756 4071 868 4124 Annum
897 4068 1057 4122 salvatoris
1087 4062 1220 4120 feliciter
1253 4064 1286 4116 in

124 4143 195 4197 urbe
219 4141 388 4196 Florentino
413 4142 495 4194 Hunc
513 4142 614 4196 librum
631 4139 761 4195 obsolvit.
798 4141 911 4195 Neuter
930 4139 1028 4193 Codex
1055 4136 1200 4212 singulari
1218 4153 1288 4202 qua-

126 4214 192 4268 dam
210 4213 392 4284 praestantia
415 4212 544 4279 excellit,
572 4220 679 4266 neuter
696 4212 732 4267 ad
750 4213 876 4283 optimos
895 4210 1007 4264 accedit
1026 4209 1131 4261 libros:
1164 4214 1287 4274 uterque

127 4284 322 4356 interpolatus
347 4292 391 4339 est
414 4283 492 4337 haud
516 4285 618 4356 paucis
636 4284 719 4351 locis,
752 4301 808 4338 nec
838 4290 936 4336 tamen
959 4280 1087 4335 eiusdem
1110 4277 1195 4348 plane
1220 4286 1290 4329 sunt

125 4357 230 4424 tontis,
297 4372 329 4412 ae
354 4354 404 4409 vel
422 4356 568 4411 adduntur
593 4356 644 4408 vel
668 4354 702 4408 ab
724 4354 786 4408 illis
811 4350 983 4406 melioribus
1010 4351 1184 4419 discrepant.
1221 4348 1289 4402 Non

126 4435 197 4482 sunt
214 4427 328 4483 nulius
348 4428 491 4481 momenti
510 4435 540 4482 et
556 4426 661 4499 pretii:
681 4425 853 4480 auctoritate
868 4430 963 4478 tamen
975 4421 1113 4498 graviore
1127 4419 1290 4473 destituun-

124 4504 184 4554 tur.
222 4498 281 4557 seo
298 4515 370 4555 vere
390 4497 521 4555 Orellius
540 4495 563 4552 1.
582 4514 609 4553 c.
627 4496 753 4564 monuit,
771 4494 827 4550 hac
844 4503 946 4552 nostra
965 4493 996 4548 in
1007 4493 1093 4565 operi
1112 4509 1150 4548 no
1167 4491 1289 4546 minima
