2828 5070
411 623 1002 766 rasnrlr1o

624 870 790 881 m..

206 986 530 1164 Voglpptissimnm
565 1020 748 1106 compello,
779 1022 879 1082 amici
910 1018 1080 1081 communi
1111 1015 1286 1079 literarum

127 1123 240 1164 amore
304 1106 312 1120 ’
342 1107 350 1120 ‘
378 1104 653 1182 conjunctissimi,
685 1122 828 1186 quornm
854 1104 989 1163 nomina
1014 1102 1103 1162 libro
1130 1117 1204 1159 meo
1232 1117 1287 1160 or·

127 1189 234 1250 nando
255 1189 471 1270 praescripsi:
499 1187 606 1248 Vobis
631 1187 752 1263 dicam,
779 1205 863 1268 quae
893 1187 1039 1269 praefari
1064 1183 1287 1243 necessarium
1313 1248 1317 1267 .

126 1273 236 1329 risum
258 1280 321 1330 est:
353 1269 425 1330 Vos
446 1272 562 1347 nostis,
595 1279 677 1352 quot
704 1271 901 1351 quantisque
933 1269 1040 1328 omnis
1067 1266 1200 1352 generis
1233 1283 1286 1325 ca-

127 1352 331 1413 lamitatibus
353 1355 508 1434 curisque
529 1355 746 1428 conflictatus,
773 1371 838 1434 qna
863 1349 957 1412 clade
978 1352 1079 1411 etiam
1105 1347 1286 1409 domestica

125 1437 280 1510 afflictus,
303 1455 380 1495 enm
401 1434 612 1496 absolverim.
647 1433 714 1497 Sed
734 1433 847 1517 prodit
868 1432 1000 1496 tandem
1021 1433 1120 1509 liber,
1137 1440 1286 1517 sumptus

126 1520 268 1578 faciente
284 1517 370 1579 Viro
392 1518 636 1580 Honestisslmo
657 1517 806 1595 Hahnio‚
834 1537 1032 1599 quamquam
1053 1513 1187 1576 aliunde
1208 1533 1286 1575 eum

127 1603 283 1660 emissum
305 1603 350 1661 iri
371 1620 433 1683 per
453 1602 583 1682 aliquot
611 1621 714 1662 annos
736 1598 908 1662 Ciceronis
931 1601 1073 1661 lectores
1094 1607 1287 1680 exspectare

126 1685 204 1742 iussi
226 1693 317 1743 sunt:
349 1704 415 1825 qna
436 1681 476 1744 de
497 1702 547 1760 re,
575 1703 651 1744 cnm
672 1682 714 1745 ad
735 1683 861 1744 librum
889 1685 998 1767 ipsum
1019 1701 1085 1742 non
1107 1683 1284 1763 pertineat,

125 1784 291 1848 exponere
312 1767 348 1825 ni
383 1768 512 1828 attinet.

204 1847 345 1909 Pnblico
366 1852 434 1909 iam
458 1847 585 1910 indicio
610 1849 790 1911 subiicitur
811 1849 909 1925 liber,
933 1846 1022 1931 quod
1048 1866 1188 1929 aequum
1211 1848 1285 1907 iore

128 1941 216 2013 optes
237 1931 382 2008 facilins,
406 1951 505 2012 quam
514 1951 626 2015 speres
647 1934 743 2009 inea,
765 1951 848 2014 qnae
862 1952 951 1992 nnnc
966 1940 1027 2008 est,
1046 1931 1286 1991 sententiarum
1386 1972 1394 1989 .

126 2011 167 2073 de
195 2012 331 2074 edendis
362 2024 515 2075 veterum
548 2015 645 2075 libris
683 2013 914 2098 discrepantia.
968 2013 1148 2095 Nunquam
1177 2008 1285 2071 adhue

125 2099 171 2156 ita
192 2094 276 2157 editi
298 2106 374 2157 sunt
394 2095 430 2156 hi
456 2097 549 2174 libri,
576 2107 624 2173 nt,
652 2117 736 2179 quae
756 2106 887 2159 veteres
909 2099 1108 2180 interpretes
1130 2094 1286 2177 primarii

125 2178 221 2254 bona,
245 2198 329 2260 qnae
343 2181 548 2241 recentiores
568 2181 668 2242 utilia
695 2178 738 2240 ad
759 2198 816 2240 eos
837 2180 1065 2255 contulissent,
1093 2196 1160 2238 uno
1191 2177 1285 2258 quasi

123 2260 245 2323 obtutu
266 2264 416 2345 conspici
436 2271 578 2345 possent
623 2261 739 2342 Qualis
761 2260 864 2323 editio
887 2281 963 2321 cum
985 2281 1004 2321 a
1025 2260 1141 2321 multis
1156 2256 1285 2320 deside·

124 2354 198 2404 rata
230 2347 286 2420 sit,
319 2355 391 2405 tum
424 2365 522 2422 nnnc,
556 2354 632 2428 post
662 2364 765 2407 novas
792 2363 912 2426 easque
944 2346 1094 2442 egregias
1120 2340 1286 2402 editiones

123 2430 283 2502 minores,
304 2428 379 2487 iuro
401 2430 587 2510 exspectari
607 2430 727 2509 potuit.
772 2427 841 2511 Ego
862 2445 1038 2507 vero,qu1
1063 2425 1109 2484 ali
1132 2432 1193 2484 uot
1218 2424 1286 2484 iam

123 2508 296 2570 Ciceronis
323 2510 420 2570 libris
446 2508 488 2570 ad
512 2509 756 2593 philosophiam
781 2508 1025 2593 pcrtinentibus
1046 2445 1183 2568 eandem
1208 2523 1286 2589 ope·

122 2612 193 2653 ram
226 2612 407 2667 navassem,
439 2602 600 2677 apparatu
634 2590 723 2653 haud
752 2590 994 2653 contemnendo
1024 2592 1218 2666 instructus,
1248 2585 1286 2649 id

122 2675 205 2736 mihi
221 2679 370 2736 muneris
385 2676 528 2751 iniunxi,
551 2684 589 2736 nt
601 2694 778 2758 operosum
790 2694 868 2735 sane
885 2684 919 2736 et
928 2672 1030 2736 taedii
1042 2692 1138 2756 saepe
1148 2672 1285 2755 plenum

123 2762 157 2818 in
187 2757 398 2819 conferendis
430 2758 527 2819 libris
554 2767 588 2818 et
619 2759 753 2840 scriptis
775 2767 809 2819 et
830 2756 927 2817 editis
947 2759 1118 2843 negotium
1139 2757 1286 2838 suscipe-

122 2861 206 2916 rem,
237 2861 314 2922 quo,
348 2841 451 2902 semel
477 2849 633 2901 accurate
666 2850 699 2902 et
720 2838 899 2926 diligenter
924 2838 1167 2915 administrato,
1191 2837 1286 2920 quasi

123 2923 340 2984 fundamento
361 2926 414 2984 nti
435 2933 577 3006 possent,
600 2925 659 3005 qui
678 2924 735 2985 vel
756 2925 894 2985 criticae
914 2919 1113 2985 factitandae
1133 2920 1287 3004 pericula

123 3010 233 3067 lacere
269 3006 407 3084 vellent,
428 3008 484 3069 vel
512 3005 755 3090 interpretandi
780 3004 926 3067 subsidia
958 3014 1118 3089 peterent.
1172 3003 1286 3066 Multo

121 3100 213 3150 certe
252 3089 383 3150 facilius
416 3100 489 3151 erat
523 3099 622 3172 atque
652 3087 842 3168 iucundius,
870 3108 1065 3173 comparare
1091 3085 1285 3160 editionem,

119 3175 155 3231 in
174 3191 240 3253 qua
262 3191 354 3233 meae
372 3176 581 3255 potissimum
603 3192 642 3233 ea
662 3175 803 3234 fuissent
822 3182 943 3256 partes,
966 3181 1005 3232 nt
1026 3180 1059 3231 et
1079 3171 1287 3253 corrigerem

121 3258 337 3337 scriptionem
359 3275 400 3315 ex
422 3256 519 3316 libris
540 3256 679 3338 aliquot,
708 3266 743 3317 et
770 3258 1014 3339 interpretarer
1035 3272 1112 3314 cnm
1134 3270 1187 3311 res
1214 3259 1287 3311 tuni

120 3339 225 3398 verba
247 3348 282 3398 et
301 3342 463 3398 sermonis
485 3360 592 3399 usum.
628 3338 736 3419 Quam
756 3359 839 3401 vero
861 3337 1071 3420 provinciam
1093 3355 1170 3396 cnm
1192 3352 1288 3419 egre·

120 3425 175 3506 gie
201 3419 466 3482 administratam
497 3419 655 3483 vidissem
691 3441 710 3482 a
741 3422 774 3481 F.
798 3420 836 3481 A.
865 3420 1014 3496 Wolfio,
1041 3420 1118 3481 viro
1144 3434 1286 3493 summo,

122 3526 141 3564 a
164 3503 201 3564 R.
226 3503 398 3580 Kiihnero,
414 3507 491 3566 viro
508 3504 694 3565 clarissimo
711 3503 822 3577 (cuins
837 3505 966 3565 utinam
982 3501 1128 3564 editione
1143 3497 1287 3569 secunda

122 3589 176 3648 uti
203 3587 396 3663 licuissetl),
428 3606 448 3647 a
474 3585 525 3647 'I'e
555 3589 778 3671 potissimum,
811 3586 920 3648 Orelli
950 3587 1162 3661 amicissime,
1188 3584 1286 3658 hanc,

123 3690 224 3752 quam
246 3690 334 3731 nunc
355 3672 510 3753 pertexui
532 3672 644 3745 telam,
666 3668 903 3753 pertexendam
924 3671 1064 3752 suscepi,
1088 3687 1311 3751 quamquam·

121 3756 193 3813 scio
217 3764 250 3814 et
271 3772 340 3814 esse
367 3754 501 3829 multos,
538 3755 595 3834 qui
621 3752 685 3814 hoc
711 3772 814 3839 genus
836 3752 1032 3829 editionum,
1070 3752 1219 3833 quamvis
1246 3766 1287 3811 eo

126 3839 238 3912 tacite,
274 3845 308 3897 et
328 3838 446 3897 furtim
468 3853 717 3918 nonnunquam,
740 3846 889 3914 utantur,
910 3836 1008 3919 plane
1034 3834 1226 3917 reprobent,
1255 3841 1289 3894 et

125 3922 200 3980 fore
222 3919 317 3995 alios,
340 3920 453 4002 quales
475 3921 542 3979 iam
563 3939 630 3980 non
651 3919 753 3981 semel
780 3929 935 4019 expertus
956 3938 1030 3979 sum
1056 3916 1195 3993 iudices,
1218 3917 1288 3999 qni,

125 4023 203 4062 cunr
229 4004 342 4063 omnia
363 4001 530 4079 damnent,
558 4022 642 4084 quae
669 4022 736 4064 non
763 4003 828 4086 ipsi
854 4001 970 4064 eodem
998 4003 1121 4063 fasani
1150 4002 1290 4063 fuissent

125 4083 236 4162 modo,
260 4083 335 4146 ideo
355 4089 566 4168 potissimum
587 4105 641 4146 me
662 4087 716 4147 cnl
741 4086 855 4163 abunt,
877 4088 956 4168 quia
975 4105 1042 4146 non
1057 4103 1132 4145 enm
1154 4094 1288 4146 secutus

121 4188 197 4226 sum
218 4165 365 4246 modum,
388 4188 487 4251 quem
510 4170 585 4252 ipsi,
607 4172 665 4251 qni
687 4189 705 4229 ο
742 4171 968 4246 emansorem,
986 4165 1196 4252 probandum
1211 4187 1288 4230 ceu·

122 4260 205 4310 sent.
250 4250 352 4312 Hose
406 4255 522 4312 missos
536 4253 636 4328 facio,
658 4271 777 4334 neque,
796 4273 873 4313 cum
885 4253 949 4313 soli
962 4254 1103 4335 sapiant,
1123 4253 1158 4312 in
1171 4253 1213 4311 iis
1231 4248 1288 4312 vel
1381 4291 1387 4303 .

122 4329 298 4393 edocendis
310 4354 352 4396 ve
381 4333 598 4396 conciliandis
613 4355 749 4420 operam
764 4333 909 4417 perdam.
930 4334 1060 4418 Aequos
1074 4344 1186 4396 autem
1200 4329 1289 4403 iudi,

122 4433 177 4474 ces
194 4426 326 4503 rogatos
343 4416 488 4494 rolo,‘ut
498 4416 534 4478 id
544 4421 754 4503 potissimum
765 4428 922 4502 spectent,
934 4428 1061 4494 utrum,
1073 4415 1161 4499 qnod
1173 4415 1289 4480 volue-
