2828 5070
208 303 269 369 111
407 298 636 364 CICERONIS
656 297 904 365 ruscum.
926 299 1158 368 ntsrtt'rst'.

207 467 263 528 cul
283 486 304 528 a
324 466 427 528 terris
454 464 490 527 id
512 467 640 528 evenit:
676 468 747 530 sivo
775 477 970 550 permanent
990 476 1024 530 et
1045 477 1244 533 conservant
1264 469 1359 534 babi-

206 555 278 612 tum
299 568 408 626 suum,
430 546 494 608 hoc
512 549 612 609 etiam
632 551 738 637 magis
760 570 892 614 neeesse
913 561 963 613 est
983 553 1137 615 terantur
1155 550 1198 613 ad
1216 554 1359 632 caelum,

207 638 244 692 et
262 630 304 693 ab
325 632 367 694 iis
388 638 629 713 perrumpatur
650 639 685 692 et
706 630 878 695 dividatur
899 652 1030 696 crassus
1051 634 1106 695 hic
1126 641 1161 695 et
1180 644 1359 698 concretus

205 716 276 790 air,
297 715 354 795 qui
374 721 425 774 est
444 719 558 775 torrae
577 715 766 795 proximus:
806 714 947 777 calidior
968 726 1018 777 est
1038 717 1139 792 enim,
1169 719 1223 779 vel
1243 720 1357 801 potius

201 794 390 872 ardentior,
412 797 554 872 animus,
576 814 673 876 quam
694 805 744 857 est
764 795 819 858 hic
839 801 908 875 air,
937 817 1035 879 quem
1055 796 1154 859 modo
1176 798 1246 860 dixi
1266 819 1357 865 cras-

204 898 278 940 sum
298 888 398 958 atque
419 885 628 940 concretum:
650 877 738 958 quod
751 898 790 940 ex
810 898 850 941 eo
871 882 954 941 sciri
974 889 1096 962 potest,
1117 881 1194 962 quia
1213 901 1358 965 corpora

205 967 331 1037 nostra,
353 968 489 1023 terreno
510 962 758 1043 principiorum
778 981 902 1048 genere
922 967 1084 1042 conlecta,
1110 961 1233 1026 ardore
1253 967 1357 1026 animi

101 1072 108 1092 ·
203 1045 443 1105 concalescunt.

165 1129 206 1194 19
287 1122 435 1200 Accedit,
457 1131 547 1186 uteo
569 1123 699 1188 facilius
722 1127 851 1186 animus
864 1124 984 1187 evadat
1003 1145 1044 1188 ex
1064 1125 1128 1188 hoc
1148 1129 1237 1206 a'e're,
1259 1148 1356 1211 quein

82 1280 89 1296 ·
204 1225 302 1287 saepe
322 1208 389 1267 iam
410 1206 550 1288 appello,
573 1225 713 1290 eumque
734 1217 943 1291 perrumpat,
965 1207 1052 1293 quod
1072 1209 1156 1270 nihil
1172 1217 1223 1272 est
1242 1213 1356 1275 animo

203 1409 257 1462 pra
274 1410 300 1446 c.
318 1396 344 1448 9.
366 1394 408 1448 18.
429 1391 464 1447 de
482 1393 519 1448 N.
538 1392 572 1446 l).
592 1393 614 1446 1.
634 1396 678 1451 15.
698 1397 741 1450 71.
765 1393 902 1449 interitus
919 1401 945 1448 et
964 1393 1127 1463 dissipatio.
1164 1397 1270 1450 Vocem
1285 1414 1356 1466 pro·

203 1464 250 1515 cal
267 1463 380 1516 omittit
398 1480 473 1517 unus
492 1463 555 1527 ox,
573 1464 648 1517 alius
666 1465 766 1540 pergit
783 1480 801 1517 α
820 1470 928 1519 terre.
963 1466 1022 1518 Mr.

275 1535 332 1598 lto,
351 1531 413 1585 sive
431 1534 623 1601 dissupaatur,
648 1536 750 1603 procat
771 1551 790 1587 a
809 1537 897 1590 terris
914 1536 947 1588 id
964 1536 1067 1603 euenit]
1093 1537 1189 1613 Vulgo
1211 1535 1266 1602 itu,
1295 1537 1356 1591 siue

203 1602 384 1672 dissipantur
407 1605 510 1673 procat
533 1620 552 1656 o
576 1606 673 1672 terris,
705 1605 739 1658 id
761 1607 860 1658 evenit.
906 1605 966 1659 Nos
991 1622 1027 1659 ex
1050 1609 1112 1677 ipss
1137 1624 1180 1671 re,
1208 1607 1297 1660 simul
1322 1626 1355 1662 ac

203 1677 299 1729 itastis
317 1673 429 1728 Eliens.
450 1683 518 1729 tert.
537 1682 567 1729 et
585 1676 663 1729 Petr.
682 1676 818 1729 vitiosam
836 1676 1056 1730 distinctionem
1074 1677 1256 1743 sustulimus,
1280 1695 1354 1750 qliae

203 1753 331 1811 cunctas,
350 1762 420 1813 quas
439 1746 577 1811 vidimus,
596 1745 738 1799 editiones
755 1747 923 1803 macularat.
949 1747 987 1804 D.

273 1815 334 1869 aive
350 1824 515 1883 permaneat
534 1823 561 1870 et
581 1823 748 1873 conservant
764 1815 890 1870 luditum
908 1815 998 1883 saum]
1020 1817 1088 1871 (lod.
1109 1818 1197 1871 Marb.
1214 1834 1352 1885 pema-

203 1892 308 1941 aeant
328 1892 355 1938 et
373 1892 549 1942 conservent.
579 1888 661 1941 Unus
674 1887 724 1940 ox.
741 1896 970 1955 persauneoat
988 1895 1015 1941 et
1033 1895 1262 1953 conservem
1279 1891 1354 1944 alius

200 1963 363 2028 penarum
389 1965 415 2011 et
443 1964 662 2011 conseruent.
700 1958 737 2010 Pe
775 1959 799 2011 it
816 1977 892 2013 unus
910 1958 960 2011 oa
990 1958 1137 2012 animosa
1161 1975 1253 2028 mum,
1276 1961 1353 2014 alius

203 2044 333 2097 semper
359 2029 507 2081 airinom
533 2044 619 2081 suum.
646 2027 714 2081 (lod
770 2028 817 2081 ud.
837 2032 863 2085 2
887 2031 1012 2093 feram
1049 2031 1240 2094 roferaistasr.
1277 2030 1352 2085 Tum

202 2118 278 2153 unus
298 2098 348 2151 01.
368 2101 443 2154 [tlon.
463 2102 490 2155 2.
510 2097 598 2151 Rebd.
619 2098 693 2152 Gud
714 2098 767 2156 Ed.
780 2098 817 2156 li.
835 2116 898 2168 per
915 2098 975 2153 boc.
1041 2100 1067 2153 d.
1081 2102 1152 2154 Vsn.
1171 2110 1260 2158 nostr.
1273 2102 1351 2156 Cam.

202 2171 313 2225 Sturm.
331 2169 396 2224 Asc.
417 2168 629 2225 1.2.1t0t.st
665 2168 697 2221 h.
724 2170 805 2223 lunt.
830 2170 902 2225 Med.
928 2171 958 2224 1³.
977 2169 1010 2226 lt
1030 2170 1062 2227 B.
1089 2169 1119 2224 S.
1138 2171 1172 2223 E.
1194 2171 1225 2226 C.
1244 2174 1277 2225 V.
1299 2191 1353 2241 per

201 2238 286 2296 iaec.-
305 2247 333 2294 et
351 2240 392 2293 ita
411 2241 497 2294 etiam
515 2240 618 2294 vete
657 2239 748 2293 ·Car.
768 2239 816 2293 Sta
837 2239 868 2292 h.
895 2240 971 2294 'l'um
990 2242 1097 2312 scripsi
1114 2249 1141 2294 et
1159 2243 1194 2295 ab
1212 2240 1278 2308 iis,
1296 2260 1351 2313 pro

202 2332 221 2369 a
292 2321 322 2365 to
340 2317 367 2363 et
386 2312 422 2364 ab
440 2310 515 2372 lis,
542 2329 578 2363 ex
601 2310 688 2365 codd
716 2312 792 2364 lllon.
812 2315 838 2367 2.
865 2311 939 2365 Gud
966 2310 1048 2378 (iiie)
1070 2311 1143 2364 Edd.
1167 2310 1196 2368 S.
1213 2311 1248 2365 Ε.
1274 2315 1351 2383 quod

200 2400 256 2456 pro
293 2381 488 2436 tKiibuerus.
509 2380 563 2438 Ed.
583 2381 619 2433 11.
644 2380 732 2435 habet
756 2381 828 2434 iltis.
865 2382 930 2435 Post
948 2381 1020 2436 haec
1037 2382 1094 2436 duo
1113 2382 1185 2435 (lxx.
1211 2383 1248 2438 di
1254 2401 1351 2437 arum-

198 2462 297 2526 patur,
316 2453 373 2507 duo
391 2452 445 2506 alii
459 2459 680 2520 prorumpatur.
717 2452 760 2505 Ad
777 2472 805 2505 v.
824 2467 939 2507 mussas
957 2454 1125 2508 Beroaldus.
1162 2452 1351 2518 „Posidonius

200 2525 394 2610 quadraginta
412 2525 572 2577 stadiorum
592 2541 608 2576 a
626 2531 705 2577 terra
722 2520 908 2589 altitudinem
926 2541 988 2579 esse
1005 2525 1058 2590 ait,
1089 2524 1121 2577 in
1144 2542 1200 2593 qua
1218 2528 1268 2578 a'e'r
1286 2535 1351 2578 tur-

199 2598 284 2651 bidus
304 2604 344 2649 sst
362 2601 391 2646 et
409 2611 532 2657 crassus,
550 2592 600 2646 uti
616 2594 698 2647 venti
716 2594 862 2664 nubesque
878 2595 1039 2669 gignantur
1056 2609 1089 2646 ac
1106 2595 1243 2648 nebulae:
1263 2613 1349 2666 supra

200 2683 272 2790 tt
293 2682 400 2790 ditm
420 2663 938 2801 liltifflsstidlpilffl'tlt
959 2666 1037 2788 tu
1052 2665 1349 2789 tralatum·

201 2806 277 2860 Gud·
298 2810 324 2861 1.
344 2752 434 2860 Raab.
454 2805 578 2857 calidior
596 2804 685 2857 caim
703 2810 776 2866 est,
794 2812 828 2858 et
844 2806 947 2873 potiar.
984 2808 1050 2860 Mox
1069 2805 1142 2860 Gud.
1162 2823 1241 2874 quum
1267 2808 1350 2860 enisu

199 2875 391 2939 liecetller.
419 2875 507 2928 Marb.
535 2891 614 2945 queis
640 2872 697 2928 tic
719 2881 781 2927 uir
807 2880 870 2928 est.
913 2874 990 2931 Tum
1014 2876 1089 2929 Gud
1114 2886 1144 2930 et
1168 2875 1222 2932 Et
1251 2875 1286 2928 H.
1316 2884 1347 2930 et

199 2954 367 3004 concretam.
394 2946 454 2999 Mr.

270 3019 344 3090 quod
361 3034 396 3072 es
413 3032 446 3070 so
463 3013 537 3069 sciri
551 3023 653 3085 potest,
677 3015 745 3086 qaia
764 3043 798 3054 —
816 3018 1018 3087 macuteseast]
1046 3019 1100 3071 Pro
1123 3016 1197 3070 sciri
1214 3017 1298 3072 vind.
1319 3021 1344 3073 1.

198 3091 280 3159 fim'i
297 3104 353 3161 pro
372 3087 440 3159 quia
457 3087 510 3140 Ed
523 3086 560 3140 H.
579 3087 667 3157 puod3
684 3087 778 3150 malet
796 3103 863 3140 cum
878 3089 964 3144 modo
982 3090 1041 3143 allo
1055 3105 1140 3143 seusu
1156 3089 1349 3157 praecesserit

237 3164 280 3217 od.
318 3161 362 3213 De
381 3159 605 3214 constructione
626 3158 700 3227 quod
717 3189 750 3200 -
769 3157 837 3227 qnia
855 3175 883 3211 v.
904 3159 966 3214 Goe
1021 3176 1046 3211 s.
1073 3156 1108 3213 ad
1126 3158 1186 3212 Cic.
1205 3157 1240 3211 de
1257 3158 1346 3244 [legg.

216 3272 223 3287 .
243 3236 287 3291 15.
306 3235 351 3288 43.
369 3249 398 3302 p.
417 3233 461 3286 ot.
499 3229 553 3282 Pro
572 3234 685 3282 terreno
704 3226 736 3278 in
753 3244 817 3281 mar
838 3264 845 3278 .
871 3176 1067 3287 Lamunsset.
1090 3236 1120 3285 st
1143 3227 1231 3282 Goth.
1256 3244 1347 3295 cours-

198 3305 278 3359 citur
295 3320 335 3357 ex
353 3308 484 3363 terreao;
503 3297 553 3353 sod
570 3298 670 3352 nullus
688 3299 809 3352 assentit
841 3297 911 3354 ber.
947 3302 1051 3373 Neque
1072 3300 1268 3355 necessarium
1285 3317 1348 3354 esse

198 3377 265 3446 quis
307 3372 435 3428 evidet:
455 3368 599 3440 improbat
617 3386 679 3422 eam
698 3368 904 3434 coniecturam,
931 3389 1017 3443 quam
1035 3371 1173 3426 lambino
1198 3370 1346 3435 adscribit,

197 3392 399 3515 Wopbrlensius
426 3441 517 3493 Lectt.
544 3438 622 3492 Tull.
650 3456 678 3509 p.
707 3442 742 3494 to
767 3456 810 3509 sq.
849 3439 931 3504 Quod
955 3441 1120 3497 Gulielmus
1145 3458 1200 3513 pro
1223 3441 1346 3507 confecta

198 3515 325 3570 coniecit
342 3512 479 3576 maforte,
503 3525 561 3562 non
580 3511 672 3585 magis
699 3517 744 3562 est
770 3511 974 3565 necessarium.
995 3544 1028 3555 —
1064 3513 1100 3566 ln
1119 3511 1186 3567 cod.
1207 3510 1283 3568 (lud.
1302 3529 1347 3566 se-

197 3586 300 3657 quitur
318 3582 408 3635 enimi
426 3581 537 3633 ardore.
566 3580 644 3641 Mr„
1194 3616 1197 3621 -

268 3671 292 3707 c.
312 3657 355 3709 19.
383 3650 558 3715 Accerserit
577 3667 609 3703 eo
625 3650 741 3716 facilius
760 3653 829 3719 ete]
847 3653 922 3706 blale
937 3652 1025 3706 (lodd.
1040 3653 1195 3728 nepueu.
1212 3660 1237 3709 1.
1255 3655 1344 3708 Marti.

196 3725 288 3781 liebd·
312 3724 385 3799 Aug.
411 3728 535 3792 quatmr
562 3720 633 3778 011.
660 3723 716 3787 Ed.
734 3722 769 3774 11.
807 3723 931 3788 Accidit,
958 3720 1016 3777 duo
1034 3724 1104 3777 011.
1125 3727 1251 3778 accessi.
1289 3724 1345 3778 lllo

197 3812 283 3853 error
300 3803 381 3849 ortus
400 3800 443 3848 sst
461 3807 497 3845 ex
514 3800 652 3862 sequente
669 3795 874 3848 coniunctione
891 3798 939 3846 ati
962 3795 1038 3864 quod
1056 3794 1172 3849 librarii
1190 3813 1220 3850 se
1238 3796 1346 3871 legisse

196 3868 403 3923 meminissent
419 3861 537 3927 accedit,
558 3863 651 3930 qaod
668 3871 697 3917 et
715 3864 832 3930 oceidit,
851 3870 896 3920 ut.
922 3864 977 3917 Pro
995 3872 1025 3917 att
1042 3873 1089 3921 est
1106 3882 1157 3919 car
1173 3868 1206 3918 in
1222 3867 1275 3919 Ed.
1295 3866 1344 3918 Fr.

196 3939 280 3993 Fabr.
303 3938 364 3992 sola
382 3952 449 3988 cum
466 3932 573 3997 bamb,
606 3950 695 4003 eaque
713 3932 801 3989 lectio
821 3943 854 3988 ut
873 3935 1039 3990 coniectura
1062 3939 1183 4006 ponitur
1201 3939 1233 3991 iu
1251 3952 1342 4008 marg.

196 4009 312 4062 Lambb.
334 4015 363 4062 et
382 4003 471 4060 Goth.
491 4003 663 4058 Bouhierius
681 4021 749 4057 cum
766 4005 798 4058 in
815 4005 929 4074 aliquot
947 4005 1046 4073 canu,
1064 4016 1099 4061 ut
1116 4009 1166 4072 ait,
1190 4005 1344 4076 reperisset

196 4078 303 4132 cecedit
321 4093 363 4141 eo,
386 4084 425 4141 at,
444 4075 570 4128 coniecit
587 4075 662 4127 acci
668 4076 687 4129 d
693 4076 706 4128 i
712 4081 725 4127 t
742 4092 784 4141 eo,
803 4082 842 4141 at,
861 4083 895 4129 ut
913 4075 1014 4131 Codici
1032 4079 1120 4133 etiam
1136 4078 1177 4132 Re
1200 4078 1227 4129 'o
1244 4081 1274 4128 st
1291 4091 1343 4128 ve·

196 4149 256 4203 teri
283 4164 360 4211 suae,
392 4162 479 4217 quam
505 4144 733 4215 amplectebatur
762 4145 884 4201 editioni
915 4148 1077 4203 satisfieret.
1121 4148 1174 4212 Qui
1226 4146 1344 4197 intersit

196 4220 275 4275 iuter
292 4217 408 4278 accedit,
439 4222 521 4267 ut-
544 4217 648 4270 evadat
666 4223 694 4270 et
712 4215 831 4282 cecedit,
859 4218 932 4285 quod
949 4249 984 4261 -
1003 4219 1099 4274 evadit
1122 4215 1274 4270 Kiibusrus
1302 4215 1343 4268 ita

197 4289 331 4359 exponit:
350 4287 454 4358 „prius
474 4285 620 4364 significat
637 4304 711 4351 rem,
740 4304 810 4357 quae
827 4303 886 4340 uon
909 4288 951 4342 ita
972 4306 1043 4345 vers
1060 4303 1120 4349 esse
1136 4286 1266 4358 ponitur,
1294 4285 1344 4340 sed

196 4376 270 4484 puae
288 4360 330 4413 ita
347 4357 500 4434 cogitanda
517 4356 585 4442 site·
599 4359 756 4439 posterius·
770 4374 832 4412 rem
855 4358 1032 4443 designaret,
1052 4374 1131 4430 ¹<puae
1148 4374 1218 4414 vere
1236 4358 1343 4443 essetf‘

212 4430 279 4486 dem
296 4430 332 4486 ad
348 4430 383 4484 V.
400 4431 444 4487 at.
464 4429 508 4487 62.
527 4426 617 4483 diost:
648 4428 778 4495 Accedit,
809 4434 840 4481 rt
865 4436 909 4483 eat
926 4449 948 4483 s.
967 4447 996 4502 q.
1018 4437 1169 4502 practerea
1191 4428 1227 4482 us
1246 4436 1344 4496 suam,
