2828 5070
538 326 665 391 amm
684 327 713 408 1,
732 328 784 442 ⁴¹³:
951 304 955 312 ’
1116 275 1118 285 ’
1194 320 1257 393 att

99 502 208 582 igitar
227 500 304 565 mitt
322 503 465 583 ferorum
487 502 629 567 laniatos
650 502 766 584 oberit,
788 501 873 567 attis
887 501 1064 568 sentienti!
1080 498 1257 565 Praeclare

98 584 330 672 Anaxagoras:
360 589 418 668 qui
447 606 547 667 quum
570 587 746 671 Lampsaci
777 596 980 667 moreretur,
1018 585 1257 669 quaerentibus

99 669 229 747 amicis,
262 669 395 732 velletne
417 669 631 749 Clazomenas,
669 674 706 735 in·
729 674 881 752 patriani,
909 674 940 734 ei
966 670 1046 754 quid
1073 668 1256 748 accidisset,

172 850 228 907 Qut
251 854 381 921 poteria?
405 854 486 922 iltis]
523 855 594 906 Tres
618 854 686 907 Oxx.
713 854 788 907 Gud.
810 859 833 910 1.
853 854 879 906 2
908 853 982 938 Aug.
1001 856 1077 908 Mon.
1097 854 1123 909 1.
1162 851 1257 910 011ίᾶ

96 923 230 991 poteris?
248 925 307 978 illi.-
326 926 412 977 Marb.
433 926 502 996 qaid
516 925 625 994 poteria
643 924 711 977 sust
730 927 827 978 hamb.
849 944 883 979 ex
903 942 975 990 conl.
996 934 1024 979 et
1043 927 1091 978 Fr.
1102 924 1185 977 Febr.
1205 923 1258 994 qtta'

95 995 231 1062 poteris?
249 996 413 1065 inquiunt
439 997 494 1050 itti.
533 997 617 1050 Leod.
646 995 694 1065 qai
718 995 756 1049 id
779 996 896 1064 poteria.
935 996 1003 1051 Sine
1027 997 1112 1050 dubio
1131 996 1203 1049 item
1220 1012 1258 1050 ex

98 1067 275 1120 coniectura.
313 1070 426 1120 Poterat
445 1077 542 1121 tamen
560 1067 720 1137 antiquitus
738 1069 826 1122 fuisse
844 1069 998 1139 scriptum:
1024 1069 1096 1126 culn
1116 1068 1135 1119 i.
1156 1084 1180 1120 e.
1207 1065 1257 1137 peti

98 1137 139 1190 tt.
178 1137 233 1192 Sed
251 1138 329 1191 nihil
347 1148 437 1202 muto,
456 1140 587 1210 quamvis
605 1139 693 1190 lectio
712 1138 780 1205 quid
796 1140 827 1191 in
846 1140 1048 1208 antiquissimo
1067 1138 1140 1192 Gna
1153 1143 1176 1193 1.
1194 1137 1257 1196 tale

99 1210 172 1277 quid
189 1211 306 1263 suadere
330 1210 471 1262 videatur.
508 1211 589 1263 Unus
617 1210 666 1261 Ox.
690 1207 775 1261 habet
800 1211 869 1277 quid
891 1211 1005 1278 prosit?
1032 1210 1109 1280 quod
1137 1209 1258 1264 debetur

99 1281 226 1331 acumini
245 1282 425 1334 correctoris.
455 1281 533 1333 Idem
553 1279 683 1334 exhibet:
703 1296 758 1333 non
777 1281 852 1335 enim
870 1281 1006 1335 sentiet.
1031 1283 1066 1334 lu
1083 1298 1162 1350 seqq.
1187 1278 1254 1334 God.

99 1350 183 1403 vind.
206 1357 229 1406 l.
250 1353 360 1405 omittit
379 1350 456 1416 miti,
475 1351 572 1404 Duisb.
593 1352 653 1405 eius
670 1352 750 1405 vocis
768 1353 831 1406 loeo
849 1351 935 1406 habet
959 1353 989 1406 in
1006 1350 1081 1407 lit'as
1111 1369 1184 1404 unus
1202 1351 1254 1407 Ox.

99 1421 179 1487 meti,
199 1422 301 1492 inquit.
339 1425 400 1476 Mr.
1245 1458 1250 1476 .

170 1491 318 1548 Praeclare
336 1494 535 1561 Anaxagoras,
554 1492 604 1563 qui
622 1491 690 1560 etc]
726 1493 790 1545 Vid.
811 1510 882 1564 quos
906 1492 1004 1547 laudat
1021 1494 1055 1547 E.
1076 1493 1253 1550 Schaubaols.

99 1564 135 1616 ad
153 1564 337 1640 Anaxagorae
356 1566 499 1640 Fragmm.
520 1583 547 1635 p.
567 1567 602 1620 st
621 1584 661 1634 sq.
689 1564 777 1635 (lips.
798 1565 889 1631 1827.)
926 1568 980 1618 Pro
1004 1565 1158 1630 Lampsaci
1182 1583 1257 1622 unus

99 1636 150 1689 Ox.
172 1636 246 1698 lasti,
267 1637 339 1688 alius
359 1634 472 1700 Luteci,
492 1636 568 1705 quod
585 1644 682 1689 ortum
701 1645 743 1690 est
762 1654 797 1689 ex
816 1635 973 1706 scriptione
998 1635 1140 1702 Lmneact',
1168 1653 1256 1707 quam

98 1706 204 1759 habent
228 1708 313 1760 Codd.
339 1709 408 1782 Reg.
434 1708 506 1760 Gud.
533 1711 556 1762 1.
600 1709 634 1760 ln
661 1706 747 1759 Harb.
780 1715 822 1760 est
848 1705 978 1760 meanti.
1015 1709 1069 1762 Pro
1096 1713 1256 1762 oeoreretar

99 1778 185 1830 Codd.
205 1780 244 1831 Re
268 1818 274 1830 .
296 1787 325 1830 et
344 1779 417 1831 Gud.
440 1784 463 1834 1.
483 1784 608 1831 moretur
626 1796 662 1830 ex
680 1777 839 1846 scriptione
858 1781 1016 1832 nsoRErvn.
1055 1779 1130 1844 Quae
1149 1779 1255 1832 maine

99 1849 230 1900 cularum
246 1796 402 1903 literarum
422 1850 553 1918 scriptio,
576 1849 600 1900 si
619 1849 667 1901 vel
685 1848 772 1900 litera
798 1849 846 1901 vel
865 1849 973 1919 syllaba
999 1849 1153 1919 repetenda
1172 1857 1255 1916 esset,

100 1937 116 1970 a
133 1920 262 1971 librariis
280 1938 316 1973 ne
336 1923 421 1986 lecta,
441 1927 512 1990 quot
531 1929 694 1989 quantaque
713 1919 744 1970 in
762 1920 951 1990 scriptoribus
969 1919 1068 1972 latinis
1086 1919 1189 1974 menda
1205 1937 1256 1990 pe-

99 1992 222 2059 pererit,
240 1940 474 2044 videbocentem
499 1990 534 2043 G.
555 1990 722 2060 Scioppium
748 1989 782 2041 de
801 1991 871 2044 Arte
891 1990 1000 2043 Critica
1021 2009 1050 2060 p.
1069 1995 1113 2047 61.
1139 1993 1185 2046 68.
1209 1990 1254 2045 ed.

99 2059 353 2118 Amstelod.1682.
391 2063 435 2115 Ad
452 2081 479 2113 r.
500 2068 660 2115 moreretur
678 2059 856 2115 FAWolflus
873 2061 905 2112 in
924 2061 1037 2117 Scholia
1061 2062 1172 2115 dictum
1199 2060 1255 2117 boo

100 2149 159 2185 esse
186 2133 236 2197 ait,
267 2143 299 2185 ut
326 2151 412 2203 supra
435 2134 469 2186 de
496 2134 632 2203 Pompeio
659 2149 742 2201 quum
768 2138 934 2199 aegrotaret
963 2131 998 2198 [1.
1019 2132 1085 2199 36.].
1134 2131 1256 2187 Minime

98 2207 184 2255 vero!
204 2204 282 2256 addit
300 2205 348 2257 Or.
369 2205 448 2269 Quod
466 2205 489 2255 si
510 2213 591 2269 esset,
611 2203 727 2256 deberet
744 2202 774 2254 h.
794 2203 815 2254 1.
836 2205 893 2256 dici
912 2221 1005 2273 posse:
1026 2220 1108 2272 quum
1126 2208 1256 2257 mortuae

102 2281 186 2341 esset,
206 2284 238 2327 ut
257 2294 343 2345 supra
362 2275 522 2327 commode:
545 2291 628 2345 quam
646 2279 829 2342 aegrotasset.
867 2274 946 2338 Quod
964 2274 1031 2327 fieri
1049 2275 1162 2343 nequit.
1191 2275 1255 2349 Ego

99 2363 169 2397 vero
187 2346 342 2399 admonebo
360 2346 389 2396 h.
403 2346 424 2397 l.
444 2346 502 2398 loci
520 2347 605 2415 plane
645 2345 745 2408 emini,
765 2361 822 2415 quc
840 2345 916 2397 mori
934 2346 1011 2399 idem
1030 2353 1082 2410 est,
1101 2345 1179 2413 quod
1196 2361 1256 2398 esse

100 2415 132 2467 in
151 2417 251 2468 mortis
272 2417 406 2480 articulo,
426 2426 458 2469 ut
476 2417 566 2481 aiunt,
584 2364 644 2470 vel
652 2415 854 2467 moribundum
873 2432 942 2482 esse,
968 2418 1049 2485 isque
1074 2422 1116 2468 est
1134 2414 1169 2468 de
1187 2414 1254 2468 niv.

98 2488 139 2541 H.
160 2491 202 2544 66.
224 2489 283 2543 135.
310 2507 338 2558 p.
359 2490 419 2542 530.
445 2488 487 2542 ed.
511 2496 602 2539 nostr.
634 2486 693 2550 (ubi
719 2487 778 2538 vid.
799 2488 939 2557 Kayserus
964 2496 1070 2550 noster,
1098 2488 1255 2556 ὁμακαρί-

98 2557 170 2624 im:
190 2575 251 2610 cum
269 2557 444 2612 Ptolemaeus
463 2586 495 2596 -
515 2558 571 2611 telo
590 2561 721 2611 venenato
739 2557 815 2611 ictus
834 2564 917 2624 esset,
944 2575 1028 2629 eoque
1047 2557 1161 2610 vulnere
1179 2573 1256 2611 eur*

99 2646 145 2682 mo
169 2647 231 2682 nem
255 2630 350 2683 dolore
378 2636 598 2694 moreretur,
624 2629 711 2698 idque
738 2628 848 2681 dicitur
865 2630 899 2682 de
917 2630 1036 2683 homine
1059 2645 1117 2681 nou
1135 2645 1167 2681 re
1185 2645 1256 2683 vera

99 2701 252 2766 moriente,
272 2704 320 2753 sed
339 2702 427 2753 morti
446 2701 588 2771 proximo,
616 2708 713 2771 postea
740 2716 811 2753 vero
838 2710 942 2754 sanato.
980 2702 1065 2753 Hunc
1082 2716 1152 2752 vero
1171 2715 1257 2753 usum

99 2790 135 2826 ex
155 2773 332 2825 Graecorum
350 2772 525 2842 scriptorum
542 2772 614 2824 locis
633 2772 758 2841 explicat
776 2774 803 2824 J.
815 2772 849 2823 H.
860 2773 957 2825 Bremi
976 2773 1007 2824 in
1024 2771 1117 2845 Allg.
1133 2769 1257 2825 Schul-

100 2851 173 2917 atg.
199 2847 276 2898 1828.
297 2846 334 2895 11.
366 2845 424 2898 146.
453 2862 481 2913 p.
504 2845 572 2897 1195
596 2861 637 2910 sq.
677 2842 812 2895 Cetemm
830 2843 956 2908 mireris,
986 2862 1002 2896 a
1026 2843 1109 2895 nullo
1134 2840 1256 2896 librario

99 2912 315 2967 correctionem
357 2933 454 2967 ravam
481 2920 643 2967 moraretur
666 2930 723 2966 esse
750 2912 906 2966 inductam.
945 2914 1028 2968 Solus
1053 2911 1128 2988 Aug.
1155 2910 1255 2966 habet:

98 2984 149 3068 pati
166 3001 225 3037 cum
244 2986 312 3037 iam
330 2933 500 3039 lenitate·
523 2991 690 3038 moreretur·
729 2984 843 3038 Nomen
865 2985 985 3038 alterius
1012 2984 1091 3037 urbis
1116 2983 1257 3036 scribitur

99 3074 131 3107 m
157 3074 214 3109 uno
235 3057 284 3108 Ox.
312 3057 479 3121 lacemonos,
507 3056 539 3108 in
557 3056 614 3110 alio
634 3056 819 3123 Clutomenaa,
847 3056 879 3108 in
896 3056 985 3110 Marb.
1006 3055 1198 3121 thsonsenae,
1223 3052 1256 3107 in

98 3126 173 3179 Gud.
194 3130 220 3180 2.
242 3128 418 3181 Clazomenas.
455 3128 513 3180 Mr.

169 3198 204 3248 In
220 3198 354 3263 petriam,
374 3200 402 3251 si
420 3197 489 3267 quid
506 3198 664 3262 occidisset,
684 3196 807 3264 auferre]
843 3197 947 3271 Vulgo,
975 3195 1004 3249 ei
1029 3196 1099 3266 quid
1126 3197 1154 3249 ei
1179 3193 1256 3249 acet-

99 3264 198 3330 diasat,
217 3268 325 3332 afferri.
363 3271 531 3321 [sectionem
549 3284 628 3333 vere,
647 3286 734 3338 quam
753 3268 860 3336 recepi,
878 3275 1023 3338 praestant
1044 3269 1112 3341 Heg.
1133 3267 1206 3318 Med.
1227 3273 1256 3320 et

98 3355 195 3390 omnes
215 3340 276 3390 fere
296 3338 421 3391 Codices.
459 3340 603 3390 Notarunt
627 3339 772 3402 Editores,
797 3338 922 3391 Graecos
950 3339 1049 3391 eodem
1068 3355 1161 3400 sensu,
1188 3339 1215 3392 tl
1229 3335 1257 3391 τὶ

97 3413 191 3471 πάθοι,
211 3410 332 3473 dixisse3
352 3410 428 3478 quod
446 3409 563 3479 quidem
580 3409 771 3479 proletarium
791 3417 842 3461 est.
872 3409 971 3463 Alexis
990 3409 1066 3481 apud
1074 3408 1256 3462 Athenaeum

98 3482 148 3533 lib.
170 3484 218 3535 Vl.
238 3499 303 3554 pag.
324 3483 385 3535 144.

259 3551 310 3604 Ἂν
327 3555 382 3623 γὰρ
400 3552 491 3621 πάθῃς
509 3573 543 3618 τι,
561 3555 623 3611 πῶς
641 3547 695 3619 ἐγὼ
712 3555 860 3620 βιώσομαι.

99 3625 273 3695 Hermippus
292 3625 323 3675 in
342 3626 445 3677 Moeris
464 3625 538 3695 apud
557 3622 678 3675 eundem
696 3621 746 3674 lib.
767 3624 817 3676 xl.
837 3633 897 3695 cap.
918 3625 951 3676 X.
972 3642 1035 3700 pag.
1056 3625 1117 3682 118.

195 3744 199 3750 s
260 3694 314 3747 Ἢν
332 3693 385 3762 ἐγὼ
405 3698 487 3748 πάθω
505 3714 541 3761 τι,
560 3692 640 3761 τήνδε
659 3692 991 3762 malmesmeriensis,
1035 3724 1039 3731 ·

267 3769 313 3833 Τῷ
331 3771 457 3833 Διονύσῳ
475 3771 565 3819 πάντα
581 3763 723 3833 τάμαυτοῦ
741 3765 845 3833 δίδωμι
860 3773 997 3838 χρήματα.

100 3834 148 3887 sic
168 3837 244 3886 enim
261 3837 289 3888 le
312 3840 378 3890 endi
397 3847 463 3890 sunt
481 3838 514 3890 hi
533 3854 641 3899 versus,
661 3852 727 3887 curn
745 3837 902 3891 Trochaici
920 3839 995 3901 sint3
1014 3845 1043 3887 et
1062 3837 1181 3888 omnino
1200 3837 1255 3890 fat-

99 3925 145 3957 sus
173 3915 216 3957 cst
235 3909 269 3958 ls.
291 3856 477 3973 basaubonus,
504 3908 569 3977 qui,
595 3907 680 3958 factis
703 3907 971 3978 παραδιορθώσεσιν,
1000 3908 1035 3958 ad
1062 3907 1254 3962 lambieoram

98 3980 177 4052 leges
197 3979 350 4031 revocavit.
388 3981 534 4032 Similiter
551 3982 656 4030 nadair
673 3995 698 4029 τι
725 3978 862 4032 dixerunt
880 3979 1050 4031 Heliodorus
1069 3976 1155 4030 Aeth.
1174 3979 1252 4033 Vlll.

98 4068 162 4124 pag.
183 4051 243 4105 392.
269 4049 318 4100 lx.
337 4069 400 4125 pag.
422 4053 482 4106 454.
504 4051 612 4118 aliique
631 4048 737 4117 plures.
775 4049 826 4103 Ast
845 4051 994 4120 reperitur
1011 4049 1149 4118 loquendi
1168 4050 1253 4116 ratio,

98 4139 170 4191 quae
190 4137 256 4172 cum
274 4121 375 4173 Latina
392 4122 496 4174 melius
515 4119 661 4196 congruit,
690 4120 864 4192 eandemque
892 4138 1008 4191 prorsus
1035 4119 1145 4173 obtinet
1171 4129 1254 4190 pote-

97 4201 215 4255 statem;
253 4208 315 4243 cam
351 4201 447 4245 tamen
477 4192 554 4245 haud
586 4187 851 4244 animadverterunt
884 4192 1067 4261 interpretes.
1111 4192 1165 4243 Ilio
1204 4209 1254 4245 nes

97 4265 230 4316 Laertius
253 4263 303 4314 lib.
324 4266 358 4316 v.
383 4263 406 4328 t.
426 4264 474 4317 xl.
506 4266 601 4316 'suaa
618 4260 670 4329 pso
687 4255 727 4318 st.
763 4258 852 4314 ’adn
879 4263 934 4312 Aa
959 4268 998 4314 rs
1023 4265 1131 4314 arms
1181 4265 1255 4322 Νιιι,

98 4334 163 4388 τάδε
180 4334 289 4386 διέθετο
307 4335 496 4407 Ἀριστοτέλης.
533 4332 632 4387 Paullo
650 4340 714 4399 post
736 4331 758 4396 fi.
779 4337 822 4390 '12
859 4335 957 4385 ἨΑΝ
979 4334 1032 4384 ΔΕ
1056 4337 1120 4384 Tm
1134 4333 1251 4383 ΠΑΙΔΓ

98 4409 241 4458 ΣΥΜΒΗῐ
258 4409 299 4454 TI
308 4439 338 4449 -
348 4409 479 4478 Νικάνωρ
497 4411 589 4476 κύριος
606 4407 691 4458 ἔστω·
706 4401 798 4457 'EA'N
815 4404 870 4456 ΔΚ
892 4410 932 4456 TI
946 4404 1144 4457 HPO'TEPON
1156 4406 1255 4455 ΣΥΜ-

98 4471 234 4528 aarum
247 4474 445 4529 NIKANOPI.
465 4478 535 4533 Vide
543 4476 598 4544 etl.
610 4474 655 4538 51,
664 4474 708 4532 61.
727 4476 941 4550 aoEuripidem
955 4476 1062 4530 Alceet.
1081 4491 1123 4525 rs.
1134 4475 1195 4530 136.
1214 4474 1252 4530 D.
