2828 5070
137 214 203 281 2511
349 212 578 278 CICERONIS
598 209 844 280 Tuscum.
866 214 1099 280 DISPUTAT.

56 380 207 485 “Juffl
227 381 309 443 h⁸⁰⁰
331 388 512 457 8111θῦ818,
550 387 586 442 et
607 400 627 442 a
648 378 797 444 Graecis.
839 379 923 444 Cato
950 388 1063 444 autem
1089 381 1139 441 sic
1166 378 1253 441 abiit
1279 393 1338 439 ο

75 476 119 562 74·
140 468 221 544 vita,
254 473 294 526 ut
315 485 448 525 causam
470 463 636 526 irioriendi
663 473 797 526 nactum
824 484 860 527 sc
888 485 958 526 csse
980 460 1152 550 gauderet.
1197 463 1354 525 Vetat

140 573 276 587 ...οι-..ι-
284 575 428 583 --.----
800 574 1051 583 ..ἠ-.-ωψ-

211 652 343 693 revereat
361 668 394 680 -
413 636 447 689 s'n
464 643 579 688 rate-
599 635 710 702 oratio]
740 634 896 689 Schiitaius
918 653 985 689 cum
1004 635 1182 691 rnwoluo:
1221 652 1372 689 rene-

140 727 207 765 reas
225 742 259 753 -
278 718 343 762 rote
357 740 387 752 -
401 706 489 760 rotie.
509 706 556 760 Or.
576 714 610 759 ut
628 722 691 771 nos,
711 709 768 760 nisi
787 708 866 777 quod
883 714 947 761 rote
965 709 1084 777 scripsit
1102 723 1157 777 pro
1175 708 1206 759 ia
1225 714 1303 761 rute
1369 739 1377 754 ·

141 784 279 837 Reuertar
296 781 405 850 recepi,
430 780 499 850 quia
524 784 663 831 reuertens
687 779 763 832 ferri
788 796 848 831 nou
869 796 950 849 posse
968 774 1094 842 videtur,
1113 796 1201 848 quam
1246 797 1291 831 ain
1359 802 1386 835 ss

142 856 169 909 si
186 854 305 923 scripsit
325 852 428 905 Cicero
447 866 586 911 reuersas,
620 865 679 902 non
703 848 852 925 intelligo,
878 850 1020 920 quomodo
1037 850 1067 901 in
1087 866 1188 903 omnes
1254 848 1292 903 dd
1317 850 1389 901 ,2-

141 930 283 980 reserens
303 925 435 993 irrepere
452 922 598 991 potuerit.-
616 937 683 973 nam
702 918 779 990 qued
798 929 841 975 est
859 920 936 973 illud
954 923 985 973 in
1004 919 1292 979 dnobusDavisisnis
1313 935 1394 979 ἢ,

141 996 173 1050 id
190 995 352 1050 correctori
370 993 557 1045 tribuendum
576 992 723 1047 existimo.
761 990 888 1045 Turnebi
913 1000 993 1045 certe
1017 998 1046 1043 et
1064 990 1196 1045 Nissenii
1224 994 1398 1049 retient>

161 1068 335 1131 aucissiinis,
366 1065 481 1135 opinor,
514 1063 649 1134 placebit.
691 1063 732 1116 In
756 1070 820 1115 rote
844 1062 951 1115 habent
975 1062 1063 1116 Codd.
1088 1061 1291 1187 Rffiffl'ph
1319 1077 1400 1113 a·

182 1158 227 1193 rn.
248 1138 323 1194 Gud.
344 1142 367 1191 1.
389 1139 416 1192 2.
431 1135 508 1207 Aufr.
529 1135 607 1188 lion.
630 1139 651 1187 Ι.
672 1135 761 1190 ltarb.
781 1134 856 1187 Gud.
881 1134 1011 1202 quinque
1029 1134 1134 1187 Oua
1164 1136 1190 1199 ’ς
1222 1133 1307 1187 Edd.
1343 1128 1401 1181 1.

141 1212 170 1264 P.
191 1210 224 1265 0.
244 1210 324 1264 Cam.
342 1207 407 1261 Asc.
429 1208 455 1262 2.
475 1182 556 1261 j’unt.
574 1205 671 1258 bamb.
689 1205 761 1258 Ern.
780 1206 866 1259 Grut.
885 1203 969 1256 Verb.
998 1213 1157 1275 utrumque
1176 1204 1335 1258 voeabu—
1344 1216 1406 1251 -Ι-

141 1283 205 1337 lum
230 1283 372 1336 omittunt
396 1296 470 1331 unus
495 1278 544 1330 0x.
572 1280 645 1329 lllon.
665 1280 691 1331 2
719 1284 748 1329 et
770 1276 823 1328 Ed.
848 1274 993 1340 llWollii,
1021 1283 1084 1329 rote
1101 1274 1209 1328 habeut
1228 1274 1299 1329 cod.
1322 1266 1406 1323 Ι.

141 1353 233 1409 liahd.
250 1352 324 1407 Edd.
344 1353 415 1403 Vcn.
435 1358 527 1404 nostr.
547 1349 612 1401 Asc.
630 1352 654 1401 1.
674 1346 708 1399 Α.
728 1349 760 1401 B.
780 1346 808 1400 5.
828 1347 863 1399 Ε.
886 1355 924 1411 et,
943 1364 1014 1416 quos
1032 1347 1104 1409 dixi,
1124 1362 1201 1399 rece.
1222 1334 1410 1416 quobd

140 1424 275 1499 placebat
291 1420 424 1483 Reiskio,
456 1423 565 1475 sirete
588 1418 804 1471 nominativum
829 1434 890 1470 esse
915 1417 993 1470 dicas
1012 1418 1127 1491 generis
1145 1418 1308 1469 neutrius:
1375 1422 1409 1453 ³²

140 1498 218 1552 rots't
243 1494 352 1549 liabent
374 1490 446 1543 Edd.
472 1491 529 1546 reli
552 1508 619 1544 uae:
649 1506 684 1541 ex
704 1488 791 1544 codd.
812 1488 920 1541 nostris
939 1487 1048 1541 nullus.
1087 1487 1142 1538 Pro
1166 1502 1352 1540 moerean-
1379 1488 1411 1525 ²⁸

141 1572 174 1625 in
193 1567 269 1623 Gna
290 1574 334 1620 est
352 1566 450 1621 redeo.-
468 1563 539 1615 Duis
561 1600 567 1611 .
588 1559 674 1612 habet
692 1566 780 1621 rotet,
798 1576 873 1611 unus
894 1558 944 1610 01.
965 1564 999 1610 et
1017 1565 1159 1626 tanquam.
1180 1560 1258 1611 Mon.
1271 1562 1324 1613 1.
1345 1548 1412 1603 J.

140 1643 172 1697 s'a
189 1654 287 1693 more
311 1638 492 1699 immersa,
520 1633 669 1705 eleganter
687 1630 818 1692 seilicet3
837 1627 925 1685 Marb.
952 1628 1128 1682 dirimeres.
1148 1647 1226 1683 unus
1245 1629 1323 1683 01.
1337 1630 1411 1669 ⁹⁸·

140 1710 226 1769 sedit.
261 1710 385 1764 Servavi
409 1714 506 1760 autem
534 1705 638 1767 oratio,
670 1701 746 1769 quod
768 1699 874 1753 habent
892 1699 964 1752 Edd.
987 1708 1070 1764 vett,
1100 1699 1180 1769 qood
1197 1700 1401 1764 mining-⁶

140 1802 240 1841 omnes
259 1789 288 1834 et
307 1781 393 1834 codd.
415 1778 484 1830 Oxx.
506 1772 687 1828 Gruteriani.
718 1773 793 1824 lton.
815 1777 839 1826 1.
858 1773 884 1825 2.
914 1771 990 1824 Gud.
1009 1770 1108 1824 Duisb.
1143 1771 1209 1825 Nec
1227 1774 1407 1825 veruo·

140 1858 217 1923 ideo,
236 1853 397 1923 quodcum
418 1850 464 1901 Or.
485 1845 655 1915 displiceret
672 1840 753 1895 lusus
779 1848 842 1894 rute
863 1872 893 1883 —
913 1842 998 1907 ratio,
1027 1859 1085 1913 quo
1104 1858 1157 1909 φο
1200 1842 1351 1895 uidens‘

139 1944 199 1981 m
216 1941 262 1977 ms
285 1924 309 1971 is
327 1918 468 1978 offendor,
492 1932 578 1985 quam
602 1912 782 1967 Goerenzius
807 1913 979 1966 incensore
1007 1931 1088 1967 meae
1104 1888 1158 1969 13.
1177 1860 1242 1967 itio.
1262 1912 1408 1973 deff,

138 1996 206 2049 Div.
225 1990 272 2053 (Ja
317 2032 323 2046 .
345 1988 363 2040 J
372 1985 494 2039 ahrbb.
519 1988 594 2041 18311.
616 1984 638 2036 1.
657 1986 682 2038 2.
702 2000 731 2052 p.
753 1985 827 2049 15⁰.)
848 1983 897 2036 sed
916 1984 984 2055 quia
1003 1985 1149 2049 existimo,
1169 1982 1380 2037 Platoni-l
1394 2002 1402 2010 ·

139 2081 207 2119 cum
223 2060 304 2127 λόγος
322 2060 363 2109 ita
382 2055 610 2129 intelligendum
629 2071 699 2115 esse,
733 2059 765 2105 ut
784 2055 823 2106 sit
846 2054 948 2119 oratio,
969 2057 1015 2108 cui
1035 2054 1126 2120 Plato,
1156 2054 1236 2125 quod
1254 2062 1297 2108 est
1310 2044 1384 2097 5
1413 2053 1414 2065 ’

138 2135 202 2189 eius
219 2128 379 2185 lectoribus
397 2127 595 2188 tritissimum,
615 2132 644 2179 et
662 2123 728 2177 aliis
748 2123 819 2178 locis
833 2143 918 2195 quam
937 2126 1085 2196 plurimis,
1104 2133 1133 2179 et
1145 2126 1204 2179 hoc
1222 2128 1296 2196 ipso,
1328 2144 1377 2173 a
1391 2118 1406 2143 ⁸

179 2221 226 2257 em
243 2200 367 2270 respicit
386 2197 498 2261 Cicero,
515 2213 670 2268 personam
689 2195 833 2264 quandam
860 2204 888 2249 ct
907 2198 989 2266 quasi
1008 2196 1163 2252 ὑπόστασιν
1181 2196 1295 2251 tribuit
1344 2216 1376 2233 ο
1392 2208 1408 2217 ·

161 2292 186 2329 r.
201 2288 260 2343 ¹pro
273 2270 401 2324 lectione
419 2285 547 2323 reiterans
566 2266 664 2320 laudat
677 2264 794 2321 Terent.
815 2267 930 2320 Phorm.
949 2270 977 2333 2,
997 2273 1023 2334 l,
1043 2271 1074 2325 5:
1093 2285 1148 2321 aon
1166 2266 1298 2323 simatsa-
1411 2332 1413 2336 μ

139 2353 196 2401 tem
212 2358 303 2395 meum
322 2342 450 2394 rererers'
469 2340 587 2393 saltem?
624 2337 772 2413 Cogitavit
799 2339 876 2392 idem
902 2337 1057 2408 aliquando
1076 2340 1111 2393 de
1134 2338 1194 2393 scri
1216 2341 1297 2392 tione

139 2418 277 2483 referens,
297 2409 373 2479 quod
389 2413 504 2481 poetice
523 2410 633 2462 dictum
654 2418 729 2462 esset
754 2426 808 2480 pro
836 2410 972 2461 mensorio
1000 2417 1136 2479 repetens.
1203 2428 1237 2465 ec
1254 2419 1297 2465 ta-

137 2503 205 2541 men
225 2482 273 2536 vel
292 2482 367 2535 illud
386 2482 434 2534 vel
454 2488 582 2549 repetens
601 2480 720 2533 suadere
739 2480 836 2545 audet,
855 2498 921 2533 curn
941 2482 964 2533 si
982 2480 1083 2535 Cicero
1103 2483 1143 2535 its
1161 2482 1298 2553 scripsis-

139 2565 193 2622 set,
222 2553 373 2621 corruptio
401 2560 481 2606 certe
507 2570 566 2605 non
590 2568 688 2604 omnes
712 2552 802 2605 libros
827 2559 1002 2622 occupatura
1021 2554 1135 2607 fuisset.
1171 2552 1297 2609 Weberi

137 2625 457 2707 deniqueos'ententiam
477 2623 519 2685 (in
539 2622 654 2704 Symbls.
676 2622 806 2677 Gramm.
834 2632 863 2677 et
882 2623 968 2676 Gritt.
994 2624 1071 2694 liips.
1095 2625 1170 2679 1828.
1195 2642 1224 2695 p·
1244 2627 1298 2681 213

137 2693 984 2833 :ttotlzflttlttttillet?2235255525531‘522'25
1001 2694 1298 2820 &titillata

137 2839 168 2891 di
191 2854 252 2899 ens,
272 2841 416 2901 repetens,
437 2833 512 2887 hauc
533 2851 587 2910 ego
607 2836 780 2890 sententiam
798 2852 856 2889 non
875 2837 1083 2906 apposuissem,
1102 2836 1160 2889 nisi
1178 2839 1212 2890 in
1231 2837 1298 2893 aliis

136 2856 221 2963 reios
240 2904 342 2957 multis
361 2904 504 2957 iudicium
524 2906 583 2958 viri
610 2905 654 2959 cl.
674 2907 853 2977 probandum
874 2925 936 2961 esse
955 2909 1163 2973 existimarem,
1254 2929 1299 2963 m·

136 2994 224 3049 quam
242 2975 275 3028 in
292 2973 348 3027 hac
367 2975 484 3042 quidem
503 2977 627 3047 probare
646 2995 704 3032 non
722 2995 847 3049 possum.
887 2976 1023 3033 Ceterum
1052 2979 1110 3033 vid.
1131 2927 1298 3036 Beniiiuan·

136 3047 323 3104 notationem·
360 3046 420 3099 Mr.

207 3116 265 3172 Sed
290 3115 375 3169 laec
399 3122 430 3169 et
456 3124 551 3170 uetera
572 3124 597 3171 et
616 3137 633 3173 o
653 3121 789 3189 Graecis]
826 3122 902 3197 Aug.
922 3119 980 3178 lios.
1014 3120 1079 3177 Duo
1099 3124 1169 3180 Orx.
1189 3124 1297 3181 Sedet

135 3188 236 3255 doec,
270 3208 344 3242 unus
371 3205 437 3240 cum
461 3188 560 3243 Duisb·
581 3199 609 3245 et
628 3195 704 3247 lilon.
726 3199 749 3248 1.
777 3194 890 3246 omittit
909 3201 942 3247 et.
982 3194 1136 3251 Beroaldus
1154 3197 1191 3249 ad
1207 3196 1298 3253 verba

135 3276 153 3314 o
173 3260 292 3315 Graecia
311 3258 410 3313 intelli
433 3260 471 3312 it:
494 3266 615 3314 tractato
634 3274 707 3332 sicat,
727 3264 857 3333 aquibus
877 3272 906 3317 et
924 3282 977 3320 nos
996 3275 1097 3320 nostra
1115 3276 1296 3327 mutuamur,

134 3330 314 3389 FAWollius
345 3278 538 3413 simpiiciter:
574 3332 667 3387 ducto.
707 3334 762 3402 Qui
790 3336 924 3405 sequitur
949 3337 1020 3391 Colo
1045 3347 1089 3392 est
1112 3340 1150 3391 11.
1176 3340 1297 3397 Porcius

135 3402 206 3471 Cato
224 3400 382 3467 Uticensis,
404 3404 454 3470 qui
473 3403 585 3472 patriae
605 3404 742 3460 libertate
761 3424 777 3459 a
796 3406 917 3461 Caesare
936 3424 1083 3481 oppressa,
1101 3411 1180 3465 lecto
1198 3411 1297 3468 Plato·

134 3472 181 3526 nis
199 3470 360 3535 Phaedone,
378 3470 481 3526 Uticae
500 3482 627 3527 mortem
653 3478 709 3530 sibi
733 3478 894 3532 conscivit:
931 3479 965 3533 dc
990 3499 1047 3551 quo
1066 3482 1173 3537 Seneca
1192 3481 1297 3541 Suaso-

135 3544 204 3597 riar.
233 3544 280 3596 vl.
301 3562 329 3615 p.
349 3546 392 3599 35.
415 3544 505 3601 Gron.
544 3546 625 3611 Colo,
658 3550 765 3618 inquit,
795 3548 948 3602 sssuxt'mum
971 3553 1084 3607 attendi
1110 3554 1297 3627 moriendique

133 3617 297 3685 exemplum.
341 3614 426 3667 Plura
456 3616 573 3692 egregia
602 3636 671 3694 egre
695 3622 722 3675 ic
750 3622 785 3676 de
810 3636 843 3675 eo
871 3618 979 3676 Seneca
1000 3622 1194 3696 philosophus
1220 3645 1249 3681 v.
1268 3648 1296 3685 o.

132 3686 307 3770 DeProvid.
329 3690 353 3743 2.
374 3685 467 3757 Epist.
489 3690 532 3743 21.
558 3686 651 3759 Epist.
672 3639 715 3748 95.
728 3726 762 3735 -
823 3708 904 3745 ocem
925 3694 969 3757 sic
987 3698 1128 3751 omittunt
1147 3699 1203 3751 duo
1212 3698 1285 3755 011.

132 3761 192 3814 odtt
210 3758 296 3813 habet
307 3760 381 3812 lton.
394 3764 417 3812 l.
437 3765 465 3810 et
476 3778 549 3812 unus
560 3760 610 3813 Οκ.
621 3762 652 3815 in
663 3762 737 3821 Gud
746 3766 774 3832 2.
787 3752 916 3831 03111ἇί1,
935 3775 969 3820 ut
982 3770 1110 3841 scriptor
1129 3768 1225 3824 tobias
1245 3741 1298 3827 voi

132 3831 222 3885 luisse
235 3831 378 3885 videatur.
406 3831 440 3882 ln
451 3828 539 3883 Cedsl.
551 3830 622 3907 Aug.
634 3843 665 3888 et
680 3834 788 3890 duobus
800 3836 869 3891 oxa.
885 3854 901 3891 c
923 3840 1014 3915 regia,
1029 3842 1152 3907 seilicet,
1170 3851 1213 3895 est
1232 3862 1297 3899 mo-

131 3901 219 3956 nachi
238 3902 363 3955 alicuius
384 3901 564 3955 eiriendatio:
599 3911 627 3956 ut
654 3922 764 3961 consa
789 3856 931 3963 iiioriends'
957 3920 1074 3965 notssm
1093 3930 1123 3965 se
1142 3930 1203 3966 esee
1221 3933 1298 3981 gou-

131 3972 217 4029 derel.
237 3970 294 4024 1118.
317 3974 348 4024 in
368 3990 459 4045 marg.
476 3973 560 4026 Verb.
581 3991 693 4031 caueae:
713 3980 789 4034 Ilion.
800 3984 826 4036 2.
852 3979 990 4036 etDuisb.
1010 3982 1163 4036 habentor
1183 3992 1298 4040 noctram

131 4062 201 4101 esse.
237 4042 340 4097 Notum
359 4050 402 4097 est
424 4044 512 4099 etiam
534 4047 564 4098 in
584 4046 658 4102 Gud.
679 4052 707 4105 2.
743 4051 824 4109 Adde
844 4052 878 4108 de
889 4050 1005 4107 Catonis
1025 4051 1154 4106 laudibus
1170 4050 1297 4111 Florum

131 4116 178 4172 lv.
197 4116 224 4173 2.
244 4116 288 4170 111.
308 4131 395 4185 quent
414 4114 510 4168 locuni
533 4115 663 4173 laudavit
682 4122 728 4178 Or.
769 4124 829 4179 Mr,

203 4186 286 4244 Velut
306 4189 376 4239 araim
393 4186 549 4256 desilierunt]
570 4189 786 4248 Platonicorum
797 4194 982 4265 aliorumque
993 4192 1167 4262 sapientium
1179 4196 1297 4272 dogma,

130 4258 208 4329 quod
233 4279 249 4316 a
275 4257 466 4330 Pythagoreis
493 4272 677 4331 acceperunt.
726 4265 798 4320 vida
822 4282 874 4319 nos
899 4262 934 4319 ad
957 4265 1038 4337 Epit.
1062 4266 1208 4321 Lactantii
1232 4287 1295 4341 cap.

130 4330 251 4387 XXXIX.
282 4350 367 4409 pagg·-
390 4332 434 4399 98,
454 4334 497 4390 99·
538 4332 701 4392 Athenaeus
728 4336 779 4391 lib.
804 4336 851 4396 IV.
879 4356 945 4416 pag·
966 4340 1027 4397 157.
1060 4336 1189 4406 Εὐξίθεος
1207 4346 1222 4394 ὀ
1239 4346 1297 4398 Ilv-
