2828 5070
533 286 663 352 muna
685 287 728 369 11,
749 288 802 355 ns.
824 289 876 354 aa.
1223 293 1287 359 sss

128 456 243 533 lesbus,
264 476 444 540 numquam
467 465 501 519 te
523 475 595 520 esse
615 455 802 518 confitebor
823 455 957 520 malum.
982 454 1194 538 Omninoque
1216 477 1287 520 om·
1304 464 1348 519 62.

126 540 290 685 mucelam
312 548 346 603 ot
366 541 537 604 nobilitati
558 539 688 601 labores
710 534 950 603 coutemuon'do
978 538 1062 601 fiunt
1081 541 1181 631 etiam
1203 541 1287 607 tole-

167 743 170 746 ’
209 736 424 814 videmusne,
460 737 548 824 apud
576 754 658 824 quos
688 756 806 801 eorum
836 734 993 802 ludorum
1000 788 1030 833 ‚·
1047 742 1106 823 qui
1137 745 1285 829 gymuioi
1305 747 1349 813 26

196 925 369 999 Omninoque
387 926 454 993 etc]
490 929 557 983 Cod.
579 928 652 985 Gud.
671 929 697 985 2.
717 928 835 983 Omnino
854 942 956 983 omnes.
983 924 1056 982 Gud.
1082 927 1157 982 stass
1181 932 1284 987 nobili·

126 995 259 1068 totique.
280 1001 365 1053 llarb.
386 1016 496 1055 amores
515 1000 633 1068 labores,
662 1000 711 1055 sed
728 1001 812 1072 prior
828 1017 885 1055 vox
902 1000 1018 1072 punctis
1036 1000 1205 1071 subscriptis
1233 1020 1285 1057 no-

126 1077 193 1121 tata.
230 1071 292 1124 Mr.

199 1139 405 1211 contemptu
431 1145 501 1208 finnt
526 1142 614 1198 etiam
638 1142 823 1210 tolerabiles]
859 1144 930 1210 „lta
953 1142 1080 1214 Gryph.,
1105 1144 1152 1198 cui
1179 1146 1285 1201 assensi

127 1209 168 1262 ita
187 1214 383 1266 excudendum
401 1215 573 1268 curavimus.
605 1214 669 1269 Etsi
688 1217 767 1269 enim
785 1216 899 1284 semper
915 1216 978 1268 iere
998 1215 1099 1269 Cicero
1117 1217 1284 1287 contemptio

127 1280 235 1350 utitur3
264 1285 375 1354 quando
399 1293 496 1339 tamen
519 1303 603 1339 nemo
627 1295 723 1357 potest
747 1286 878 1351 infitiari,
907 1285 979 1356 quin
1007 1294 1035 1339 et
1059 1285 1130 1340 haec
1149 1288 1209 1359 ipsa
1227 1306 1285 1343 vox

126 1352 216 1406 latina
235 1356 283 1422 sit,
302 1365 331 1408 et
348 1356 436 1408 latini
453 1358 592 1411 sermonis
609 1356 810 1410 consuetudini
829 1355 934 1427 optimi
961 1357 1134 1428 exernplaris
1157 1359 1285 1413 auetori-

126 1431 168 1475 tas
186 1425 370 1502 suffragatur,
397 1444 456 1480 non
481 1447 544 1480 sum
570 1429 683 1482 veritus
699 1427 775 1482 hauc
793 1427 949 1482 lectionem
967 1429 1100 1503 vulgatae
1118 1431 1283 1499 praeferres
1317 1473 1320 1481 .

125 1498 296 1564 praesertim
315 1516 380 1550 cum
400 1497 565 1552 duriuscule
573 1500 768 1554 contemnendo
777 1498 907 1569 patiendi
915 1499 1127 1574 significatione
1136 1509 1285 1572 sumptum

125 1566 256 1620 videam.
281 1577 368 1639 atque
387 1570 456 1624 adeo
484 1570 571 1624 etiam
595 1572 620 1623 si
645 1589 692 1624 me
710 1571 803 1624 noni
841 1570 867 1622 is
881 1569 938 1624 hoc
956 1571 1052 1643 ipsum
1077 1586 1285 1642 nonnunquam

127 1640 258 1708 usurpari
277 1641 402 1694 classicis
420 1642 477 1694 scri
500 1640 607 1694 toribus
625 1640 778 1695 solitum.“
841 1647 932 1695 ruins.

195 1713 442 1766 contendendo
468 1661 537 1778 fipsmt
565 1712 652 1765 etiarn
677 1712 852 1780 tolerabiles]
888 1713 959 1778 „lta
980 1730 1054 1765 unus
1082 1729 1097 1765 e
1122 1730 1155 1767 re
1177 1713 1222 1778 ‘is,
1248 1723 1284 1768 ut

125 1778 219 1832 voluit
238 1782 395 1849 Bentleius,
414 1800 468 1854 pro
485 1784 689 1850 contemnendo,
709 1784 758 1838 cui
776 1784 842 1837 voci
861 1782 960 1837 nullus
977 1780 1027 1837 hic
1054 1783 1142 1837 locus.
1188 1783 1284 1840 Lolle·

125 1865 251 1904 mannus.

194 1925 400 1991 contemnendo]
436 1924 556 1980 Servavi
581 1924 656 1978 hanc
680 1926 877 1997 scriptionem,
905 1940 1080 1998 quamquam
1105 1940 1164 1980 non
1188 1924 1284 1980 admo·

124 1991 193 2043 dum
210 1996 357 2050 satisfacit.
387 1996 483 2049 Velim
502 1997 597 2051 dolore
615 1997 753 2063 additum,
773 1998 849 2069 quod
867 1997 915 2050 vel
932 1997 1121 2069 praecedente
1140 1997 1283 2066 labores,

123 2063 172 2114 rel
191 2065 294 2119 ultima
318 2066 429 2138 syllaba
447 2068 528 2121 verbi
548 2070 754 2123 contemnendo
783 2068 927 2122 absorberi
954 2071 1060 2141 potuit.
1097 2067 1139 2122 De
1163 2076 1284 2123 contem·

125 2137 214 2189 nendo
242 2146 338 2190 autem
364 2139 461 2192 dolore
478 2139 562 2209 loqui
585 2140 664 2196 velle
683 2143 821 2206 Marcum,
850 2147 879 2192 et
898 2157 933 2194 ex
951 2139 1185 2194 antecedentibus
1224 2148 1285 2194 atet

124 2206 186 2272 [nec
203 2212 373 2263 coniminum
392 2220 446 2264 etc.
466 2206 549 2265 Ninia
567 2212 642 2279 egis,
662 2212 742 2266 dolor
761 2211 829 2279 etc]
849 2219 879 2265 et
897 2229 932 2264 ex
951 2210 1190 2283 consequentibus
1203 2159 1284 2276 fani·

124 2277 180 2331 inm
198 2310 212 2322 ·
231 2282 356 2335 devitari
375 2283 500 2336 dolorem
519 2314 552 2325 -
571 2283 676 2337 nullum
701 2281 819 2351 fugiunt
844 2280 1003 2350 doloreme]
1029 2282 1180 2367 ipsumque
1208 2282 1284 2335 illud

125 2348 297 2421 Omninoque
315 2355 500 2418 demonstrat,
520 2352 554 2406 ad
571 2353 769 2407 antecedentia
783 2352 829 2406 his
842 2354 938 2407 verbis
948 2355 1065 2424 respici,
1086 2353 1178 2423 iisque
1188 2361 1282 2405 trans·

125 2419 247 2474 itionem
273 2425 338 2476 lieri
368 2424 402 2476 ad
429 2425 592 2506 sequentia:
630 2425 711 2495 quasi
740 2425 831 2478 dicat:
870 2424 964 2478 Sicuti
986 2441 1056 2477 vero
1081 2424 1188 2477 doloris
1215 2440 1283 2477 con·

124 2492 283 2561 temptione
302 2493 429 2547 vicerunt
446 2495 506 2546 viri
528 2495 669 2564 sapientes
682 2494 818 2566 ‘corporis
837 2494 959 2561 dolores,
983 2496 1024 2548 ita
1048 2495 1135 2550 etlam
1163 2494 1186 2546 ii
1205 2494 1283 2548 labe-

125 2577 170 2615 res
197 2562 271 2617 flunt
294 2566 491 2619 contemnendo
519 2566 615 2620 dolore
640 2565 813 2631 tolerabiles,
852 2564 969 2636 quibus,
1008 2565 1059 2637 qui
1092 2567 1219 2650 impigre
1251 2572 1282 2619 et

124 2650 234 2687 summo
253 2636 343 2688 animi
361 2637 463 2690 ardore
482 2637 661 2703 incumbunt,
681 2635 830 2691 nobilitari
857 2638 950 2690 solent
969 2644 997 2690 et
1016 2637 1088 2690 clari
1114 2637 1188 2690 flers.
1226 2637 1281 2703 Its,

123 2712 157 2755 ut
184 2703 239 2756 hoc
267 2715 341 2773 utar,
367 2708 497 2760 videmus
523 2717 577 2762 etc.
615 2706 722 2762 Nullus
750 2708 834 2780 plane
861 2708 938 2761 liber
960 2725 995 2762 ex
1019 2710 1125 2761 nostris
1149 2708 1282 2761 omnibus

124 2792 191 2827 curn
208 2777 338 2831 Bentleio
357 2779 443 2832 iacit:
463 2797 528 2832 nam
547 2779 622 2850 quod
641 2799 676 2834 ex
694 2781 764 2854 Reg.
784 2780 818 2832 ad
836 2778 1016 2833 Lallemanni
1044 2776 1202 2833 editionem
1220 2777 1282 2832 col-

123 2845 182 2898 lato
201 2847 278 2900 nihil
297 2849 447 2902 varietatis
465 2859 611 2904 enotatum
631 2860 673 2904 est
692 2850 722 2904 id
741 2868 786 2904 me
805 2868 863 2904 non
888 2859 995 2916 snovet,
1020 2860 1053 2904 ut
1077 2868 1143 2905 eum
1169 2856 1281 2905 conten·

123 2917 212 2971 dendo
229 2918 334 2973 habere
355 2921 525 2975 existimem.
563 2920 674 2975 Habent
692 2927 846 2991 contemptu
871 2921 966 2975 Duisb.
995 2940 1068 2974 unus
1088 2922 1138 2976 Ox.
1159 2922 1231 2976 Gud.
1252 2924 1278 2977 2.

122 2989 225 3056 Bern.;
245 2992 318 3047 Gud.
340 2997 364 3049 1.
385 3001 554 3061 contempno
573 2990 685 3060 ficunt.
706 2992 758 3047 Ed.
778 2994 807 3047 P.
827 2990 912 3046 habet
935 2992 1046 3060 cotedo;
1066 2993 1139 3046 Gud.
1160 2996 1186 3049 2.
1207 2995 1280 3059 tue·

123 3070 213 3115 runt.
235 3061 308 3139 Aug.
329 3062 414 3116 etiam
432 3067 509 3130 fiunt.
530 3060 617 3117 lltarb.
647 3080 721 3117 esse
739 3064 909 3118 tolerabiles.
938 3062 1035 3117 Duisb.
1065 3065 1154 3117 etiam
1172 3065 1280 3118 tolera·

122 3132 285 3186 ditiores.
331 3137 512 3206 Recepeaunt
535 3136 662 3188 Bentleii
696 3135 924 3189 emendationem
959 3144 1022 3220 post
1046 3135 1116 3188 Dav.
1151 3144 1180 3187 et
1204 3134 1279 3190 hall.

123 3203 310 3269 FAWolfius,
335 3206 396 3274 Bip.
421 3207 502 3258 Koel.
533 3205 619 3259 Schz.
649 3209 696 3261 Or.
720 3206 873 3260 Librorum
897 3207 1054 3259 lechonem
1088 3206 1280 3259 restituerunt

123 3274 213 3326 Nobb.
235 3284 263 3327 et
281 3276 306 3327 T
308 3276 353 3326 bn.
380 3278 515 3329 Ceterum
533 3295 636 3330 verum
655 3285 705 3343 est,
725 3277 802 3348 quod
820 3278 861 3330 ait
870 3276 1015 3332 Fawolr.
1036 3278 1067 3329 in
1086 3277 1201 3342 scholis,
1220 3292 1280 3329 nou

122 3344 194 3397 hene
213 3344 271 3397 dici
289 3347 383 3399 claros
401 3348 510 3401 labores
528 3355 715 3402 contemneres
735 3348 783 3401 sed
801 3357 927 3401 nostram
937 3349 1079 3402 rationem
1096 3349 1121 3400 si
1138 3348 1279 3418 sequaris,

122 3415 249 3481 tollitur,
269 3419 344 3486 quod
360 3417 490 3471 offendit.
520 3421 622 3489 Neque
641 3419 773 3473 Nissenio
792 3418 965 3489 probabatur
982 3420 1148 3473 coniectura
1165 3426 1279 3473 conten·

122 3487 226 3540 dendo:
246 3506 322 3554 nam,
342 3489 391 3553 ait,
412 3491 446 3543 de
464 3490 648 3544 contentione
666 3491 699 3544 in
717 3488 843 3544 ferendis
861 3490 1004 3544 laboribus
1018 3490 1176 3545 adhibenda
1192 3506 1280 3556 supra

121 3559 301 3612 dictumest.
339 3561 398 3613 Mn.

192 3665 216 3700 c.
237 3651 280 3704 26.
304 3649 480 3714 Videmasne,
500 3653 574 3718 opud
592 3664 663 3720 quos
680 3668 775 3706 eorum
792 3651 934 3718 ludorum]
958 3649 1045 3721 Verbi
1065 3657 1100 3705 ex
1119 3651 1185 3706 Cod.
1205 3652 1276 3728 Reg.

122 3721 249 3771 enotavit
267 3721 424 3774 lectionem
450 3729 480 3775 nt
505 3723 579 3790 apud
601 3739 679 3792 qnos,
707 3725 789 3776 cuius
816 3725 847 3775 in
865 3732 959 3776 nostra
987 3722 1142 3776 collatione
1162 3722 1279 3776 nullum

122 3796 166 3840 est
183 3793 347 3865 vestigium.
386 3795 474 3846 Nobis
492 3803 589 3846 tamen
608 3803 720 3847 certum
738 3803 789 3858 est,
819 3813 885 3849 eum
913 3795 954 3847 ita
973 3792 1120 3859 exhibere,
1151 3810 1218 3845 cum
1237 3795 1278 3848 ita

121 3860 159 3911 sit
179 3860 209 3911 in
229 3861 305 3915 Guds
327 3870 349 3919 l.
370 3868 395 3918 2.
416 3866 500 3917 Bern.
525 3866 577 3935 qui
599 3866 732 3934 proxime
757 3865 788 3916 in
814 3862 951 3935 plurimis
974 3863 1008 3915 ad
1036 3881 1102 3916 eum
1127 3860 1277 3929 accedunt,

121 3939 270 4000 praeterea
289 3936 320 3985 in
339 3945 463 4004 quatuor
481 3937 551 3989 Oxx.
572 3937 646 4010 Aug.
665 3935 754 3990 Rehd.
765 3936 863 3988 Duisb.
874 3931 980 3998 lllarb.;
1000 3942 1032 3987 ut
1049 3933 1161 4003 aliquid
1179 3935 1277 3990 mendi

121 4003 152 4054 in
170 4005 287 4079 vulgata
305 4005 431 4058 lectione
449 4007 541 4059 inesse
559 4007 700 4060 videatur.
722 4005 797 4058 Gud.
810 4010 835 4062 2.
860 4005 1039 4061 Virinnae:
1060 4006 1134 4058 Mon.
1147 4009 1170 4062 1.
1191 4006 1278 4060 omit·

120 4075 159 4128 tit
178 4091 227 4142 ηις
246 4095 319 4128 unus
339 4079 388 4130 Ox.
409 4076 495 4130 habet
513 4077 553 4131 s'd
570 4079 646 4145 apud
664 4094 739 4146 quos.
779 4077 919 4130 Corradus
947 4077 978 4127 in
996 4077 1147 4143 Quaestora
1164 4095 1193 4148 p.
1212 4078 1275 4133 348.

120 4149 248 4201 correxit
267 4153 303 4199 nt
321 4149 397 4215 npnd
415 4148 629 4216 magistros,
658 4150 734 4218 quod
758 4148 870 4219 recepit
888 4149 960 4200 Era.
986 4158 1015 4201 et
1043 4155 1107 4219 post
1126 4166 1191 4201 eum
1210 4148 1274 4210 Bip.

122 4216 203 4271 Solus
222 4221 311 4273 Nobb.
331 4221 410 4273 dedit
429 4221 505 4287 opud
522 4235 604 4288 qnos
621 4222 828 4289 magistros.
866 4217 952 4272 Nihil
971 4236 1040 4291 opus
1068 4236 1100 4272 aa
1119 4217 1277 4287 interpola·

121 4287 210 4339 tione.
248 4291 342 4344 Aliam
361 4291 446 4344 habet
465 4291 531 4345 God.
551 4291 640 4347 liehd.
665 4301 728 4362 post
753 4292 882 4344 ludorum
908 4288 1011 4344 addens
1041 4290 1104 4343 lans
1122 4289 1212 4358 viget,
1241 4306 1276 4342 ex

108 4359 213 4481 'gilossa
231 4365 407 4489 verltsorusti}
419 4379 540 4433 magnus
557 4359 645 4419 louet
662 4366 710 4431 st'i,
727 4363 777 4416 vel
793 4363 888 4434 polius
903 4361 1053 4417 aberrante
1064 4360 1180 4415 librarii
1190 4359 1276 4415 oculo

123 4447 137 4482 a
175 4447 203 4484 se
228 4449 282 4485 uen
298 4452 333 4486 sa.
407 4453 431 4488 r.

206 4448 224 4499 (l
983 4502 1048 4570 30*
