2828 5070
205 287 269 355 412

203 608 471 686 CICERONIS
496 606 907 709 TUSCULANARUM
932 607 1361 685 DISPUTATIONUM

187 744 188 757 ¹
392 727 527 829 LIBRI
553 725 771 802 SECUNDI
796 728 1163 803 ARGUMENTUM.

655 886 903 896 --—-----

272 984 376 1085 „Post
393 1017 622 1072 cohortationem
640 1016 675 1070 ad
694 1016 907 1101 Philosophiam
931 1017 1090 1093 diligenter
1112 1018 1272 1085 colendam,
1307 1021 1361 1073 La·

201 1089 328 1160 tinisque
348 1093 379 1143 in
396 1090 500 1163 primis
519 1088 718 1142 illustrandam
736 1089 842 1154 literis,
861 1106 886 1141 c.
908 1091 999 1144 1-3.
1029 1105 1122 1142 sermo
1142 1090 1173 1140 in
1192 1091 1360 1145 Tusculano

200 1161 236 1214 de
258 1163 355 1217 dolore
379 1162 527 1214 institutus
551 1161 714 1231 exponitur.
752 1161 778 1213 ls
802 1159 951 1212 inducitur
976 1160 1009 1212 ab
1034 1159 1151 1213 exordio
1171 1161 1205 1213 de
1229 1162 1360 1231 philoso-

200 1232 286 1301 phiae
304 1234 443 1297 laudibus,
470 1249 495 1285 c.
514 1234 540 1286 4.
560 1234 585 1286 5.
612 1240 640 1283 et
664 1230 771 1284 duobus
796 1231 827 1281 in
853 1231 957 1301 primis
975 1239 1110 1300 tanquam
1129 1231 1272 1299 capitibus
1290 1250 1360 1285 con-

200 1304 322 1371 tinetur,
349 1320 472 1374 quorum
494 1301 645 1370 primum
669 1311 720 1367 est,
748 1301 825 1354 sitne
847 1318 983 1354 summum
1006 1302 1111 1354 molum
1137 1302 1233 1365 dolor;
1262 1303 1359 1356 olte-

201 1389 290 1442 rum,
310 1377 334 1427 si
353 1392 410 1428 non
428 1390 580 1437 summum,
599 1388 691 1425 annon
709 1374 814 1426 mulum
830 1373 927 1425 certe?
951 1373 989 1424 Et
1005 1373 1137 1442 'primum
1156 1372 1275 1442 quidem
1294 1375 1359 1427 bre-

199 1445 278 1497 viter
295 1446 351 1500 hoc
369 1461 426 1497 uno
445 1451 614 1518 argumento
633 1444 792 1508 refellitur,
812 1444 888 1513 quod
905 1443 1026 1496 dedecus
1046 1453 1075 1495 et
1094 1443 1246 1512 turpitudo
1265 1446 1358 1496 maius

198 1517 330 1585 profecto
349 1516 387 1568 sit
405 1515 504 1568 dolore
522 1515 639 1566 malum.
660 1531 684 1566 c.
705 1517 730 1570 5.
765 1516 800 1567 ln
818 1515 910 1566 altero
929 1523 1024 1566 autern
1043 1514 1157 1582 reliqua
1176 1516 1358 1567 consumitur

198 1585 299 1640 oratio.
337 1589 376 1640 Et
395 1603 453 1639 essa
472 1585 590 1655 quidem
607 1602 739 1660 magnam
756 1585 807 1638 hic
825 1585 984 1638 multorum
1012 1584 1244 1638 imbecillitatem
1263 1586 1356 1638 docet.

198 1653 381 1729 Aristippum
400 1657 478 1710 enim
497 1655 676 1709 Socraticum
694 1673 752 1709 non
770 1656 910 1709 dubitasse
937 1655 1228 1708 doloremsummum
1248 1658 1357 1709 malum

198 1725 307 1793 dicere,
339 1745 425 1799 wem
448 1727 593 1797 Epicurus
617 1735 730 1779 secutus
757 1727 810 1779 sit:
844 1727 1056 1795 Hieronymum
1085 1735 1182 1778 autem
1211 1727 1357 1780 Rhodium

197 1815 342 1852 summum
360 1801 466 1853 bonum
483 1799 609 1869 posuisse
628 1798 660 1848 in
676 1797 820 1850 vacuitate
839 1815 855 1849 a
874 1797 981 1851 dolore.
1019 1797 1146 1861 Ceteros,
1165 1807 1283 1868 praeter
1303 1802 1358 1852 Ze-

198 1884 313 1935 nonem,
332 1870 497 1923 Aristonem
516 1877 545 1923 et
563 1869 754 1938 Pyrrhonem,
779 1868 887 1921 malum
905 1878 1025 1939 putasse.
1062 1870 1160 1921 Po'e'tas
1185 1886 1303 1939 quoque
1323 1871 1357 1923 ab

164 1986 170 1995 .
198 1938 252 1991 hac
271 1958 287 1992 o
309 1941 406 1994 inione
429 1957 487 1993 non
505 1940 607 2003 abesse,
638 1939 714 2009 quod
738 1940 876 1993 inducant
903 1956 1027 1992 summos
1050 1939 1181 1993 homines
1205 1941 1238 1991 in
1263 1943 1357 1993 acutis

198 1959 343 2063 doloribus
362 2029 418 2065 non
436 2010 568 2063 viriliter
585 2010 782 2063 lamentantes.
803 2028 827 2062 c.
848 2013 956 2065 6-10.
994 2012 1055 2063 lam
1081 2011 1216 2075 rationes,
1251 2011 1356 2079 quibus

197 2080 229 2132 in
248 2082 414 2156 frangendis
431 2081 478 2135 bis
489 2081 670 2150 opinionibus
687 2089 808 2133 utantur
821 2081 921 2147 Stoici,
941 2081 1118 2134 contortulas
1131 2099 1199 2146 esse,
1219 2083 1356 2152 decipere

266 2153 289 2204 's
307 2153 478 2218 volentium,
509 2160 559 2204 aut
581 2152 752 2222 optantium,
783 2170 867 2221 quam
886 2152 1067 2205 docentium:
1096 2171 1123 2204 v.
1144 2170 1169 2205 c.
1197 2153 1277 2204 nihil
1295 2172 1355 2207 esse

196 2167 314 2290 Ἔα),
343 2224 419 2294 quod
437 2240 494 2276 non
512 2223 550 2274 sit
568 2230 654 2294 turpe
672 2232 758 2294 atque
776 2223 926 2276 vitiosum:
958 2240 1052 2292 neque
1072 2224 1150 2275 enim
1168 2223 1197 2276 id
1217 2225 1354 2298 ignorare

196 2311 385 2366 quemquam
405 2293 452 2348 sed
464 2294 618 2359 doleamus,
637 2311 692 2347 nec
709 2312 755 2362 ne,
774 2294 851 2347 nihil
871 2295 1018 2359 interesse,
1037 2294 1093 2346 hoc
1106 2294 1267 2348 docendum
1281 2313 1350 2349 esse.

197 2380 222 2417 c.
244 2370 285 2422 11.
307 2369 349 2423 lt.
386 2366 490 2420 Melius
509 2373 537 2419 et
555 2365 654 2418 verius
671 2365 727 2419 hoc
746 2383 819 2419 esse:
839 2365 949 2430 Omnia,
968 2383 1041 2435 quae
1059 2375 1161 2418 natura
1174 2385 1203 2419 as
1225 2376 1355 2433 ernetur,

195 2434 228 2487 in
245 2437 329 2490 malis
348 2442 416 2503 esse,
436 2454 508 2508 quae
527 2435 672 2502 adsciscat,
700 2436 840 2489 inbonis.
887 2436 947 2502 Quo
965 2436 1058 2506 posito
1077 2444 1174 2490 tamen
1200 2385 1357 2491 honestum

196 2514 226 2559 et
253 2517 366 2560 rectum
394 2507 434 2561 ita
462 2507 614 2573 excellere,
642 2515 675 2560 ut
698 2507 794 2561 omnia
817 2507 946 2577 corporis
973 2515 1002 2559 et
1021 2508 1155 2562 fortunae
1180 2509 1253 2562 bona
1271 2509 1306 2561 ad
1326 2509 1356 2562 id

195 2576 308 2630 minuta
325 2578 488 2644 videantur,
517 2594 570 2630 nec
592 2578 687 2630 ullum
713 2578 821 2630 malum
845 2594 912 2630 cum
936 2585 968 2629 tu
1007 2577 1127 2630 itudinis
1146 2580 1221 2632 malo
1240 2596 1357 2650 compa-

195 2647 325 2699 randum.
356 2647 447 2714 Quare
466 2667 533 2701 cum
550 2657 635 2719 turpe
653 2649 692 2701 sit
709 2650 773 2702 viro
787 2666 914 2725 gemere,
934 2595 1053 2713 eiaiiire,
1072 2649 1154 2717 llere,
1173 2659 1222 2703 aut
1241 2651 1355 2703 nnllam

194 2716 336 2771 virtutem
360 2737 428 2786 esse,
461 2728 510 2772 aut
542 2719 783 2772 contemnendum
809 2720 945 2773 dolorem.
991 2719 1143 2773 Prudentis
1165 2737 1255 2805 porro
1284 2740 1355 2787 esse,

195 2786 271 2839 nihil
290 2790 394 2855 facere,
415 2807 470 2860 quo
489 2789 567 2842 nihil
585 2789 731 2860 proficiat:
768 2790 816 2842 sed
830 2790 945 2874 gemitu
971 2798 1000 2842 et
1023 2789 1276 2845 lamentationibus
1294 2811 1355 2846 non

194 2857 288 2910 ininui
320 2859 465 2914 dolorem:
503 2861 738 2930 Temperantiam
771 2861 906 2930 demque,
946 2860 1160 2930 fortitudinem,
1197 2864 1355 2931 iustitiam,

194 2930 482 3005 magnitudinemque
507 2931 596 2983 animi
625 2931 732 2985 doloris
777 2933 926 2985 atientiam
954 2930 1122 2985 desiderare.
1150 2949 1174 2984 c.
1196 2935 1238 2986 12.
1283 2936 1355 2987 Non

193 3009 292 3053 autem
315 3019 421 3077 negare
446 3020 485 3069 se,
515 3002 644 3055 dolorem
672 3019 730 3056 essa
755 2950 900 3068 dolorem,
938 3018 1072 3086 quorsum
1099 3003 1177 3055 enim
1199 3017 1270 3071 opus
1289 3020 1354 3056 esse

193 3072 383 3127 fortitudine?
413 3073 461 3127 sed
474 3090 545 3134 ¹eum
564 3072 785 3144 opprimendum
809 3091 867 3126 osse
892 3072 1037 3144 patientia.
1073 3072 1147 3126 Eam
1165 3081 1261 3126 autem
1280 3073 1355 3127 duo-

193 3141 244 3195 bus
262 3145 351 3197 modis
370 3146 539 3215 comparari,
572 3145 667 3215 primo
695 3145 901 3198 exercitatione
929 3153 957 3197 et
976 3144 1197 3208 consuetudine,
1225 3144 1255 3196 id
1274 3147 1355 3214 quod

194 3216 326 3286 exempla
344 3217 505 3268 multorum
523 3216 705 3280 confirment,
724 3225 861 3286 tanquam
879 3216 1095 3286 Spartanorum,
1119 3215 1215 3280 Marii,
1243 3216 1355 3290 gladia·

194 3293 299 3351 torum,
332 3297 535 3341 veteranorum
558 3285 701 3337 militum:
730 3304 755 3339 c.
777 3289 904 3342 13-16.
939 3285 1042 3340 deinde
1059 3286 1180 3340 ratione.
1218 3287 1258 3340 Et
1276 3287 1354 3340 illud
1386 3298 1388 3302 '

192 3355 316 3426 Epicuri
335 3358 467 3429 quidem:
486 3357 613 3433 Neglige
626 3356 770 3424 dolorem3
790 3359 814 3410 si
831 3357 1048 3433 longualevis:
1069 3358 1093 3410 si
1112 3357 1218 3434 gravis,
1236 3357 1349 3410 brevis:

191 3435 256 3479 tum
274 3443 331 3479 non
350 3428 521 3499 respondere
541 3427 568 3480 ei
587 3426 712 3492 decreto,
738 3445 795 3499 quo
809 3429 948 3483 dolorem
967 3446 1111 3481 summum
1129 3429 1238 3481 malum
1257 3436 1351 3499 putet,

192 3503 255 3549 tum
274 3506 302 3549 et
321 3498 472 3551 obscurum
500 3507 529 3551 et
546 3497 651 3550 falsum
670 3516 738 3563 esse,
767 3500 842 3568 quod
868 3500 903 3553 de
930 3499 1036 3552 doloris
1059 3499 1194 3553 diuturni
1219 3500 1353 3566 levitate,

192 3574 222 3618 et
240 3567 336 3642 gravis
354 3569 495 3622 brevitate
514 3570 634 3622 dicatur.
661 3587 686 3622 c.
708 3571 748 3625 18.
786 3572 887 3641 ltaque
914 3569 1041 3640 primum
1067 3580 1202 3654 oportere
1221 3570 1277 3624 hoc
1296 3570 1353 3622 sibi

234 3655 337 3707 emque
355 3639 535 3710 persuadere,
563 3640 640 3691 nihil
658 3641 806 3694 honestius
826 3658 936 3696 esseae
959 3641 1140 3709 laudabilius,
1168 3659 1254 3712 quam
1272 3643 1354 3694 ferre

191 3655 335 3763 liloran:
365 3710 467 3764 deinde
485 3712 538 3763 sibi
558 3712 652 3782 ipsum
671 3712 823 3796 imperare.
860 3713 936 3764 Nam
960 3729 1027 3765 cuin
1045 3713 1159 3764 animus
1181 3713 1219 3765 sit
1238 3713 1271 3763 in
1288 3730 1355 3782 par-

191 3787 234 3833 tes
264 3781 390 3835 tributus
416 3781 493 3849 duas,
520 3784 642 3835 alteram
666 3784 786 3835 rationis
818 3783 1000 3855 participem,
1034 3784 1156 3836 alteram
1183 3791 1354 3853 expertem,

191 3850 274 3904 illam
291 3852 362 3906 huic
382 3856 534 3925 imperare,
558 3863 695 3922 tanquam
721 3854 870 3906 dominum
888 3871 980 3920 servo,
1009 3853 1039 3905 h.
1060 3871 1084 3907 e.
1105 3872 1121 3906 a
1140 3855 1254 3907 ratione
1273 3871 1356 3907 coer-

192 3923 253 3973 ceri
272 3926 467 3978 temeritatem
486 3934 628 3996 oportere.
667 3924 698 3978 si
717 3942 745 3978 se
764 3926 894 3996 turpiter
911 3934 1003 4003 gerat,
1030 3932 1058 3977 ct
1076 3926 1233 3999 gemitibus
1254 3934 1284 3978 et
1301 3927 1356 3978 ile·

192 3991 267 4045 tibus
291 3995 383 4060 dedat,
420 3996 578 4050 amicorum
610 3997 899 4067 propinquorumque
930 3997 1068 4050 custodiis
1099 3996 1356 4071 constringendam

191 4079 265 4129 esse,
294 4067 318 4116 si
337 4075 434 4120 autem
453 4066 566 4120 firmior
583 4068 629 4134 sit,
666 4076 802 4137 tanquam
825 4067 932 4121 bonum
954 4067 1081 4119 militem
1100 4067 1250 4121 admonitu
1269 4083 1356 4120 revo-

191 4135 310 4188 candam
329 4153 387 4189 esse
407 4137 441 4189 ad
459 4137 639 4214 dignitatem.
660 4156 685 4191 c.
707 4143 749 4194 19.
768 4141 812 4194 20.
850 4139 988 4193 Sermone
1009 4138 1113 4191 intimo
1133 4156 1165 4190 ac
1184 4139 1274 4191 tacito
1295 4155 1356 4191 esse

191 4206 320 4259 animum
347 4208 593 4263 confirmandum:
627 4210 735 4282 species
756 4210 899 4276 honestas,
926 4219 1063 4279 tanquam
1081 4210 1206 4263 Zenonis
1224 4210 1356 4274 Eleatae,

190 4276 365 4344 Anaxarchi,
384 4280 493 4348 Caleni,
512 4299 570 4336 esse
589 4283 684 4334 animo
702 4282 907 4352 proponendas.
928 4298 953 4333 c.
968 4284 1012 4337 tl.
1047 4281 1244 4335 intentionem
1264 4281 1357 4333 etiam

191 4348 378 4402 adhibendam
391 4366 466 4417 esse,
495 4353 585 4417 cuius,
616 4360 649 4404 ut
668 4351 699 4402 in
717 4369 848 4422 corpore,
875 4353 916 4404 sic
936 4352 1091 4417 inanimo,
1120 4369 1224 4427 inagna
1240 4353 1287 4404 vis
1305 4352 1355 4404 sit.

190 4436 216 4470 c·
237 4422 279 4476 Ὢ.
309 4424 351 4478 2³.
399 4423 613 4479 Contemnendo
639 4423 708 4477 adeo
733 4423 824 4477 levari
857 4439 972 4478 ornnem
999 4424 1126 4478 laborem
1151 4423 1354 4493 doloremque.
