2828 5070
562 273 691 338 meua
712 272 756 348 11,
779 276 829 339 21.
892 275 900 297 ·
1193 256 1283 345 ‘sot

133 441 347 523 imperemus,
369 438 432 502 boc
452 439 674 522 praecipitur,
695 449 735 502 ut
755 439 844 503 ratio
871 437 1023 502 coirceet
1046 444 1281 508 temeritatem.

79 576 81 583 ,
132 523 191 585 Est
211 525 246 583 in
273 523 403 584 animia
424 523 573 583 omnium
594 525 666 584 fere
692 530 814 584 natura
844 521 946 583 molle
973 521 1138 603 quiddam,
1164 524 1283 589 demis·

79 600 80 610 ’
132 625 218 683 sum,
247 605 385 682 humile,
413 610 608 666 enervatum
636 601 877 686 quodammodo
905 611 941 664 et
968 604 1174 694 languidum.
1217 606 1285 672 Sed

131 791 200 844 Em.
237 791 382 845 Neutrum
400 787 429 841 h.
449 788 471 839 l.
496 787 630 858 ineptum
655 805 716 842 esse
742 793 919 842 monuerunt
940 787 1055 842 Nissen.
1081 789 1224 846 FAWoli.
1252 793 1284 846 in

132 860 256 928 Scholis,
277 860 413 913 Ochsner.
434 858 456 910 l.
476 874 499 909 c.
519 876 548 928 p.
568 862 629 915 11⁴.
660 858 763 911 Melius
781 866 880 912 tamen
898 857 988 911 scribi
1006 859 1087 929 ipsis,
1107 861 1185 929 quod
1201 871 1285 917 tuen·

132 939 184 985 tur
201 932 270 984 libri
289 932 324 983 ad
342 947 432 981 unum
456 943 565 991 omnes,
593 929 743 983 contendit
765 928 868 982 idoneo
893 938 1064 1003 argumento
1091 931 1179 985 allato
1205 931 1286 986 111111-

79 1017 85 1027 ·
131 1020 219 1057 nerus
238 1002 352 1055 dicens:
371 1017 483 1069 „quum
497 1000 601 1052 vocula
618 1006 672 1052 met
689 1000 857 1070 pronomini
875 999 1022 1069 personali
1040 1001 1127 1055 affixa
1146 1008 1199 1068 est,
1217 1018 1287 1074 pro·

79 1101 81 1128 ι
102 1077 106 1086 “
131 1089 239 1126 nomen
257 1074 317 1140 ipse
335 1071 410 1140 apud
430 1070 600 1123 Ciceronem
618 1087 733 1139 semper
756 1071 787 1122 in
806 1071 907 1123 eodem
931 1086 998 1122 casn
1016 1070 1197 1157 adiungitur,
1228 1087 1286 1142 qno

130 1144 261 1213 positum
281 1150 324 1195 est
342 1139 526 1211 personale.“
544 1140 640 1195 Recte.
669 1141 823 1216 Significat
840 1141 919 1194 idem
938 1142 1092 1213 Zumptius
1110 1162 1143 1195 un
1153 1144 1283 1197 Gramm.
1387 1196 1390 1203 ,

131 1216 194 1266 Lat.
223 1212 245 1277 §.
266 1216 325 1268 131.
362 1212 428 1263 Non
453 1212 549 1284 igitur
571 1212 722 1279 quaeritur
750 1210 780 1266 b.
799 1211 819 1262 l.
848 1219 949 1265 utrum
972 1213 1041 1268 bene
1066 1214 1181 1266 dicutur
1206 1214 1287 1269 notis

131 1286 190 1352 ipsi
208 1290 237 1337 et
254 1284 332 1337 nodie
349 1284 429 1350 ipsis,
463 1298 528 1333 cum
553 1281 650 1351 aliqua
673 1283 834 1336 sententiae
858 1281 1039 1337 differentia:
1067 1301 1100 1336 re
1117 1301 1187 1337 veru
1205 1284 1285 1338 enim
1394 1300 1397 1307 ·

131 1363 291 1422 utrumque
309 1354 381 1406 bene
399 1350 523 1403 dicitur:
543 1352 590 1403 sed
610 1352 645 1405 de
664 1368 708 1415 eo,
736 1369 772 1404 an
790 1351 883 1421 possit
900 1354 1096 1407 nominativus
1114 1355 1185 1424 poni
1204 1355 1285 1423 (ipss)

154 1433 198 1478 ost
217 1427 380 1479 nobismet:
407 1421 485 1490 quod
503 1423 666 1495 negandum
686 1430 739 1477 est.
774 1423 817 1475 De
843 1422 897 1474 illa
916 1422 1081 1478 differentia
1100 1426 1160 1478 vid.
1179 1442 1232 1478 nos
1250 1425 1286 1480 od

130 1441 193 1546 gie.
212 1494 247 1547 de
264 1496 335 1547 Fato
356 1498 398 1557 ll,
417 1495 460 1547 26.
480 1509 509 1560 p.
530 1496 581 1546 611
601 1509 643 1562 sq.
662 1492 724 1544 add.
744 1492 859 1546 Beneke
878 1493 913 1546 ad
932 1495 992 1548 cie.
1014 1494 1073 1548 Cat·
1086 1494 1109 1546 1.
1121 1499 1148 1551 2.
1157 1498 1183 1551 4.
1201 1513 1231 1566 p.
1239 1498 1283 1552 29.
1352 1535 1357 1544 .

130 1564 165 1621 Ε.
185 1565 330 1618 Wunder.
352 1566 384 1616 in
401 1562 494 1615 Praei.
513 1562 548 1614 ad
562 1563 644 1616 Varr.
664 1563 756 1616 Lectt.
776 1562 837 1620 Cio.
856 1581 884 1633 p.
903 1564 1132 1621 LXIX-LXXI.
1151 1564 1282 1620 Steuber.

132 1636 164 1687 in
182 1635 283 1688 Jahnii
302 1634 418 1686 Annell.
438 1631 556 1687 Philoll.
576 1640 630 1686 etc.
658 1633 680 1684 1.
703 1639 727 1689 1.
749 1639 774 1689 1.
798 1652 826 1704 p-
848 1633 910 1688 125.
935 1635 1101 1688 Hoffmann.
1127 1637 1159 1688 in
1183 1636 1285 1690 Jahnii

129 1705 245 1759 Annali.
268 1709 345 1761 1828.
366 1705 404 1757 11.
425 1708 448 1758 l.
468 1721 496 1772 p.
515 1705 550 1758 33
567 1721 630 1774 sqq.
653 1731 685 1740 -
721 1705 776 1756 Pro
795 1710 918 1757 cotrceot
937 1713 981 1758 est
1004 1705 1146 1759 coherceat
1163 1709 1194 1761 in
1213 1705 1283 1764 eod.
1309 1723 1315 1729 ·

128 1775 217 1832 Marb.
254 1775 298 1828 Ad
315 1796 343 1831 v.
362 1776 546 1826 temeritatem
565 1778 602 1825 cf.
624 1773 684 1828 (iic.
703 1773 818 1828 deDiv·
834 1774 857 1825 l.
876 1775 920 1830 29.
940 1779 991 1830 61:
1016 1779 1177 1830 temerariis
1195 1780 1284 1832 animi·

125 1848 255 1916 portione
278 1848 455 1913 compressis,
474 1851 503 1895 ut
520 1843 572 1897 itta
591 1876 623 1886 -
641 1858 712 1911 pars
730 1847 852 1898 sotionis
872 1853 898 1897 et
916 1847 1017 1899 menete
1035 1849 1149 1917 eluceat,
1184 1848 1245 1900 Me.

201 1918 251 1969 Eat
272 1918 302 1970 in
322 1919 423 1969 animis
440 1916 561 1967 omnium
577 1913 637 1977 tere
654 1916 735 1968 snolle
753 1915 896 1982 quiddam]
933 1917 1011 1970 Haec
1031 1917 1120 1971 verba
1137 1916 1284 1987 usquead

126 1988 252 2057 primam
277 1987 417 2058 syllabam
435 1987 515 2038 vocis
534 1993 689 2039 enervatum
707 1988 810 2038 desunt
828 1988 859 2037 in
879 1985 947 2039 (iod.
965 1987 1053 2044 Marb.
1089 1989 1145 2041 Pro
1162 1990 1284 2043 munium

127 2059 186 2113 duo
206 2060 276 2114 Oxx.
296 2067 326 2112 et
344 2056 412 2111 (iod
433 2057 506 2110 Gud.
526 2055 634 2109 babent
652 2054 797 2111 dominum.
818 2056 891 2112 Gud.
912 2059 937 2112 2.
956 2059 1018 2122 sere
1037 2062 1164 2113 amnium.
1202 2060 1283 2113 Scri·

129 2130 209 2184 bitur
232 2132 267 2183 In
293 2132 398 2184 uniatis
425 2131 546 2182 omnium
572 2134 612 2180 est
638 2130 699 2194 [ere
726 2129 757 2181 in
784 2129 856 2181 Edd.
883 2130 911 2180 Ρ.
931 2128 964 2182 Α.
984 2131 1014 2182 Β.
1036 2128 1065 2183 S.
1084 2131 1119 2187 11.
1140 2131 1173 2184 0.
1196 2131 1279 2184 Junt.

127 2203 198 2256 Ven.
219 2209 311 2256 nostr.
339 2201 404 2256 Asc.
425 2205 449 2256 l.
470 2203 496 2252 2.
525 2198 649 2255 HWolf.
687 2199 723 2251 ln
746 2199 814 2254 Cod.
834 2202 909 2253 Mon.
933 2205 956 2254 l.
982 2208 1048 2270 post
1075 2208 1174 2253 notura
1197 2217 1282 2270 repe·

126 2279 233 2326 tuntur
264 2272 351 2326 verba
377 2279 406 2325 ut
435 2272 568 2325 nobismet
601 2267 672 2337 ipsis
701 2273 876 2338 imperemus,
907 2267 958 2323 laec
986 2274 1171 2340 praecipitur.
1210 2270 1279 2324 (lod.

127 2342 226 2395 Duisb.
253 2343 340 2396 babet
365 2351 467 2396 natura
492 2350 560 2412 post
589 2341 680 2392 molle.
707 2339 796 2395 Rebd.
826 2341 974 2409 quoddam.
1003 2342 1077 2416 Aug.
1106 2342 1279 2394 demissum.

129 2414 203 2466 Gud.
229 2415 340 2465 omittit
366 2413 476 2466 humile.
514 2414 595 2465 Unus
618 2409 668 2461 Ox.
694 2409 780 2463 habet
803 2415 953 2476 uersatum,
987 2411 1062 2464 alius
1086 2413 1278 2478 longuendum.

129 2483 203 2538 Gud.
223 2485 335 2535 omittit
353 2491 387 2536 et.
416 2482 515 2534 Duisb.
535 2481 622 2534 habet
649 2487 674 2532 et
697 2488 764 2550 post
790 2482 962 2550 languidum.
1001 2483 1035 2534 ln
1058 2481 1133 2605 Aup.
1152 2481 1279 2557 legitur:

127 2563 153 2608 et
172 2561 328 2607 enervatum
347 2554 546 2622 quodammodo
565 2551 730 2618 languidum
753 2558 779 2603 et
803 2553 889 2605 senile
915 2555 942 2606 si
968 2553 1049 2628 uliud
1072 2556 1102 2606 ni
1121 2554 1144 2607 it
1161 2559 1233 2605 esset
1250 2555 1280 2607 in

126 2624 236 2679 domiue
255 2625 415 2687 deformius.
448 2624 491 2676 De
509 2621 727 2675 constructione
745 2622 797 2674 Est
815 2626 845 2675 iu
864 2622 966 2675 animis
984 2626 1114 2686 omnium,
1134 2626 1197 2677 aine
1213 2639 1281 2691 par·

128 2695 231 2761 ticula,
250 2695 307 2747 vid.
329 2692 489 2747 Gernhnrd.
510 2693 546 2746 ad
565 2693 624 2745 cio.
642 2692 678 2745 de
697 2691 750 2746 Off.
769 2691 792 2748 1.
805 2695 848 2748 28.
869 2696 928 2747 1⁰1.
949 2709 977 2761 p·
995 2697 1046 2749 114
1065 2712 1106 2764 sq.
1127 2694 1171 2747 cf.
1191 2694 1277 2752 Tusc.

126 2766 220 2822 111.o.
235 2768 284 2820 12:
305 2765 354 2816 Est
372 2771 475 2817 nutura
493 2765 554 2828 fere
571 2766 601 2817 in
620 2764 724 2815 animis
741 2769 863 2815 tenerum
870 2764 1196 2884 puiddomutpuemolie.
1216 2767 1278 2820 Me.

198 2836 375 2903 languidum,
394 2834 491 2887 senile.
520 2834 577 2888 Sed
595 2832 676 2886 ubud
695 2829 767 2885 sitit
785 2840 855 2885 esset
891 2837 982 2887 omine
1001 2835 1166 2901 defamatus]
1184 2835 1280 2902 „Utut

127 2914 264 2977 corrupta
281 2906 371 2960 lectio
389 2913 443 2971 est,
462 2904 574 2974 placuit
591 2920 657 2956 cum
675 2902 733 2954 lide
758 2902 839 2954 illam
861 2921 897 2956 ex
916 2902 1047 2974 Gryphii
1066 2905 1143 2960 libro
1163 2924 1280 2977 reprae-

127 2985 241 3032 sentare
280 2978 433 3031 raesertim
452 2993 519 3028 cum
538 2990 638 3028 vocem
659 2975 745 3026 senile
762 2974 910 3026 Victorius
929 2976 1062 3027 retineat.
1098 2976 1244 3047 Equidem
1262 2997 1280 3034 a

127 3048 246 3124 vulgata
258 2995 391 3102 iectione
409 3064 466 3100 non
484 3045 633 3107 recedens,
660 3061 696 3096 ex
714 3044 823 3096 duobus
845 3045 944 3097 verbis
961 3047 989 3098 si
1007 3047 1050 3097 nit
1072 3055 1102 3099 et
1118 3051 1214 3118 prima
1232 3050 1279 3102 in.

126 3120 274 3186 sequentis
293 3120 374 3171 vocis
398 3126 479 3182 esset,
509 3117 595 3169 senile
616 3118 726 3166 tactum
744 3122 823 3182 puto.
861 3115 994 3167 Haesisse
1012 3122 1107 3169 autam
1127 3121 1158 3170 in
1176 3136 1279 3172 mann-

125 3190 253 3256 scriptis,
274 3188 350 3256 quod
367 3189 462 3241 visum
478 3187 517 3240 sit
535 3193 602 3255 post
614 3200 716 3238 vocem
733 3185 898 3243 tunuuidum
911 3201 969 3238 non
984 3185 1166 3242 incommode
1180 3193 1277 3256 senile,

123 3258 212 3311 affine
231 3257 363 3319 verbum,
390 3273 473 3326 posse
493 3256 643 3316 collocari,
670 3270 736 3306 cum
756 3253 874 3308 effetum
894 3263 923 3307 et
942 3254 1079 3309 caducum
1098 3259 1279 3334 significet.⁸‘

97 3375 101 3383 .
124 3329 239 3380 Brutus.
267 3327 442 3391 „blaluimus
460 3327 585 3398 pendere
603 3325 759 3379 sVictorio
778 3324 841 3394 [qui
855 3324 972 3379 exbibet
985 3329 1157 3396 languidum,
1179 3335 1274 3387 senile.

123 3398 152 3451 si
169 3395 243 3451 stitit
260 3398 354 3451 uliud:
373 3396 497 3462 uidit-J
516 3415 601 3467 qnam
615 3396 741 3448 aliorum
760 3397 936 3449 coniecturis
951 3405 980 3450 et
997 3397 1131 3453 ludibriis
1145 3403 1295 3459 obedire:.

122 3467 295 3540 praesertim
316 3469 356 3520 ita
375 3468 539 3521 iubentibus
558 3465 629 3519 Pell.
649 3474 772 3536 quatuor
789 3467 971 3535 prioribus.“
995 3468 1132 3522 Geblmrd.

195 3537 228 3592 Si
259 3539 305 3591 nil
332 3545 407 3593 esset
436 3539 526 3602 atiud,
558 3536 631 3592 nette
657 3544 727 3589 esset
759 3534 866 3590 domine
896 3539 1067 3607 deformius]
1104 3541 1276 3602 Gebhardns

124 3610 289 3663 Victorium
317 3617 431 3663 secutus
456 3610 558 3674 edidit,
584 3610 679 3662 senile.
716 3606 750 3661 st
775 3606 847 3661 uidit
864 3609 954 3674 uliud,
979 3608 1051 3665 uidit
1077 3622 1149 3667 esset
1166 3615 1276 3674 domine

125 3681 285 3745 deformius.
328 3681 366 3733 As
390 3679 507 3735 Cantab.
531 3679 625 3746 babet,
652 3679 823 3743 longuidm.
863 3678 904 3733 Et
930 3680 955 3732 si
980 3680 1058 3734 nihil
1086 3685 1177 3749 atiud,
1204 3688 1278 3743 sitit

124 3759 198 3803 esset
220 3752 328 3805 bomine
353 3753 516 3816 deformius.
561 3750 627 3803 Non
655 3748 731 3801 male
756 3749 881 3819 quidem.
926 3750 1027 3804 Plures
1054 3771 1124 3807 vero
1154 3757 1276 3814 codice.

122 3818 272 3883 exhibent,
291 3823 387 3877 senile.
416 3822 472 3876 Sed
490 3821 581 3886 uliud,
599 3818 676 3872 milti!
693 3826 766 3872 esset
782 3817 891 3874 domiue
903 3821 1074 3886 deformium
1090 3825 1167 3881 unde
1185 3829 1275 3884 facila

123 3892 256 3943 nascitur
275 3908 316 3954 ea,
341 3909 429 3960 quam
447 3891 576 3960 amplexi
596 3907 705 3955 sumus,
724 3890 827 3953 lectio,
855 3908 920 3944 nam
939 3891 1030 3945 senile
1046 3895 1097 3946 sed
1113 3912 1207 3965 prono
1225 3901 1276 3955 Li.

123 3959 289 4013 boariorum
307 3961 391 4031 lapsu
410 3961 470 4015 ἀντὶ
488 3962 537 4012 τοῦ
560 3959 588 4012 si
609 3961 652 4013 uit
674 3967 745 4012 esset
763 3961 951 4028 scribebatur,
970 3969 1003 4014 ut
1021 3965 1229 4023 animadvertit
1245 3973 1272 4026 J.

121 4033 159 4084 Μ.
179 4032 296 4086 Brutus.
334 4033 487 4086 Pracivere
505 4031 665 4095 Manucius,
684 4031 848 4098 Lambinus,
871 4033 932 4084 elii.
970 4032 1006 4086 D.

195 4111 221 4156 ct
240 4102 416 4171 languidum,
444 4101 531 4156 senile
550 4101 617 4167 etc]
646 4100 761 4166 „Seuite
782 4110 826 4155 est
848 4104 935 4157 etiam
958 4103 991 4156 in
1014 4104 1057 4158 ed.
1083 4116 1180 4167 nostra
1196 4121 1272 4182 ηις

122 4179 200 4226 tum:
220 4177 271 4228 sed
288 4175 371 4227 atiud
389 4171 464 4227 sitit
480 4180 559 4236 esset,
579 4173 655 4225 sicut
673 4173 704 4223 in
723 4171 792 4225 Cod.
811 4172 881 4248 neg.
910 4172 992 4226 Unus
1009 4175 1089 4230 Laid.
1108 4177 1194 4236 babet
1212 4185 1274 4239 tan·

120 4244 251 4310 gnidum.
278 4247 329 4299 sed
348 4245 428 4300 aliud
446 4243 520 4298 sitit
537 4243 654 4308 bouum,
672 4242 761 4296 alius:
790 4246 849 4298 nisi
872 4244 945 4312 quod
966 4246 1055 4300 senile
1073 4247 1162 4317 dubet,
1180 4253 1271 4309 alius:

121 4313 751 4452 strumarummu:
767 4330 855 4441 1..
871 4317 963 4441 111
975 4319 1275 4458 ..ustulato

408 4427 412 4437 ·
583 4423 589 4436 ·
626 4421 646 4450 ss
1098 4409 1154 4456 ⁸¹¹¹,
1229 4413 1244 4451 0

148 4513 228 4557 t’ieero
243 4511 307 4558 ruse.
321 4515 386 4571 Disp.
402 4517 437 4559 ut.
455 4516 532 4561 item
557 4516 580 4558 Τ.
596 4517 616 4562 t.
982 4494 1025 4560 36
