<?xml version="1.0" encoding="UTF-8"?>
<!DOCTYPE html PUBLIC "-//W3C//DTD XHTML 1.0 Transitional//EN"
    "http://www.w3.org/TR/xhtml1/DTD/xhtml1-transitional.dtd">
<html xmlns="http://www.w3.org/1999/xhtml" xml:lang="en" lang="en">
 <head>
  <title>
</title>
<meta http-equiv="Content-Type" content="text/html;charset=utf-8" />
  <meta name='ocr-system' content='tesseract 3.04.00' />
  <meta name='ocr-capabilities' content='ocr_page ocr_carea ocr_par ocr_line ocrx_word'/>
</head>
<body>
  <div class='ocr_page' id='page_1' title='image "./mtulliiciceroni01davigoog_0300.png"; bbox 0 0 2828 5070; ppageno 0'>
   <div class='ocr_carea' id='block_1_1' title="bbox 475 303 1219 385">
    <p class='ocr_par' dir='ltr' id='par_1_1' title="bbox 475 303 1219 385">
     <span class='ocr_line' id='line_1_1' title="bbox 475 303 1219 385; baseline 0.012 -19"><span class='ocrx_word' id='word_1_1' title='bbox 475 303 606 369; x_wconf 81' lang='lat' dir='ltr'>LIBER</span> <span class='ocrx_word' id='word_1_2' title='bbox 624 303 653 385; x_wconf 88' lang='lat'>1,</span> <span class='ocrx_word' id='word_1_3' title='bbox 679 303 732 372; x_wconf 74' lang='lat'>32.</span> <span class='ocrx_word' id='word_1_4' title='bbox 752 304 806 374; x_wconf 73' lang='lat'>³³.</span> <span class='ocrx_word' id='word_1_5' title='bbox 865 315 869 321; x_wconf 89' lang='lat'>&#39;</span> <span class='ocrx_word' id='word_1_6' title='bbox 1154 305 1219 375; x_wconf 70' lang='lat'>269</span> 
     </span>
    </p>
   </div>
   <div class='ocr_carea' id='block_1_2' title="bbox 59 467 1258 1053">
    <p class='ocr_par' dir='ltr' id='par_1_2' title="bbox 63 467 1218 710">
     <span class='ocr_line' id='line_1_2' title="bbox 65 467 1218 559; baseline -0.001 -22"><span class='ocrx_word' id='word_1_7' title='bbox 65 469 101 537; x_wconf 89' lang='lat' dir='ltr'>id</span> <span class='ocrx_word' id='word_1_8' title='bbox 126 488 267 559; x_wconf 77' lang='lat' dir='ltr'>aegrum</span> <span class='ocrx_word' id='word_1_9' title='bbox 295 487 367 532; x_wconf 87' lang='lat' dir='ltr'>esse</span> <span class='ocrx_word' id='word_1_10' title='bbox 403 488 532 553; x_wconf 88' lang='lat' dir='ltr'>qnoque</span> <span class='ocrx_word' id='word_1_11' title='bbox 561 470 684 553; x_wconf 78' lang='lat' dir='ltr'>possit3</span> <span class='ocrx_word' id='word_1_12' title='bbox 725 467 814 552; x_wconf 89' lang='lat' dir='ltr'>quod</span> <span class='ocrx_word' id='word_1_13' title='bbox 844 477 955 535; x_wconf 71' lang='lat' dir='ltr'>eumn</span> <span class='ocrx_word' id='word_1_14' title='bbox 992 469 1029 533; x_wconf 87' lang='lat' dir='ltr'>in</span> <span class='ocrx_word' id='word_1_15' title='bbox 1059 468 1218 536; x_wconf 83' lang='lat' dir='ltr'>morbum</span> 
     </span>
     <span class='ocr_line' id='line_1_3' title="bbox 64 551 1215 643; baseline 0.001 -24"><span class='ocrx_word' id='word_1_16' title='bbox 64 553 173 632; x_wconf 83' lang='lat' dir='ltr'>cadat,</span> <span class='ocrx_word' id='word_1_17' title='bbox 202 553 239 617; x_wconf 92' lang='lat' dir='ltr'>id</span> <span class='ocrx_word' id='word_1_18' title='bbox 266 555 368 617; x_wconf 85' lang='lat' dir='ltr'>etiam</span> <span class='ocrx_word' id='word_1_19' title='bbox 389 554 625 634; x_wconf 67' lang='lat' dir='ltr'>interiturum</span> <span class='ocrx_word' id='word_1_20' title='bbox 666 551 782 616; x_wconf 91' lang='lat' dir='ltr'>dolere</span> <span class='ocrx_word' id='word_1_21' title='bbox 802 561 914 618; x_wconf 88' lang='lat' dir='ltr'>autem</span> <span class='ocrx_word' id='word_1_22' title='bbox 942 555 1088 630; x_wconf 67' lang='lat' dir='ltr'>animost</span> <span class='ocrx_word' id='word_1_23' title='bbox 1116 575 1215 643; x_wconf 76' lang='lat' dir='ltr'>¹ergo</span> 
     </span>
     <span class='ocr_line' id='line_1_4' title="bbox 63 638 898 710; baseline -0.002 -8"><span class='ocrx_word' id='word_1_24' title='bbox 63 641 166 702; x_wconf 80' lang='lat' dir='ltr'>etiam</span> <span class='ocrx_word' id='word_1_25' title='bbox 187 638 341 699; x_wconf 87' lang='lat' dir='ltr'>interire.</span> <span class='ocrx_word' id='word_1_26' title='bbox 895 702 898 710; x_wconf 78' lang='grc'><em>,</em></span> 
     </span>
    </p>

    <p class='ocr_par' dir='ltr' id='par_1_3' title="bbox 59 717 1258 1053">
     <span class='ocr_line' id='line_1_5' title="bbox 78 717 1258 804; baseline 0.003 -24"><span class='ocrx_word' id='word_1_27' title='bbox 78 729 83 760; x_wconf 79' lang='lat'>2</span> <span class='ocrx_word' id='word_1_28' title='bbox 143 717 240 781; x_wconf 87' lang='lat' dir='ltr'>Haeo</span> <span class='ocrx_word' id='word_1_29' title='bbox 272 717 383 783; x_wconf 77' lang='lat' dir='ltr'>refelli</span> <span class='ocrx_word' id='word_1_30' title='bbox 411 724 566 797; x_wconf 73' lang='lat' dir='ltr'>possuntt</span> <span class='ocrx_word' id='word_1_31' title='bbox 595 727 674 781; x_wconf 83' lang='lat' dir='ltr'>sunt</span> <span class='ocrx_word' id='word_1_32' title='bbox 701 719 791 782; x_wconf 89' lang='lat' dir='ltr'>enim</span> <span class='ocrx_word' id='word_1_33' title='bbox 823 718 1020 804; x_wconf 79' lang='lat' dir='ltr'>ignorantis,</span> <span class='ocrx_word' id='word_1_34' title='bbox 1052 740 1153 802; x_wconf 88' lang='lat' dir='ltr'>quum</span> <span class='ocrx_word' id='word_1_35' title='bbox 1174 717 1258 793; x_wconf 63' lang='lat' dir='ltr'>deis</span> 
     </span>
     <span class='ocr_line' id='line_1_6' title="bbox 60 799 1257 885; baseline 0.002 -22"><span class='ocrx_word' id='word_1_36' title='bbox 60 803 263 864; x_wconf 67' lang='lat' dir='ltr'>aeternitate</span> <span class='ocrx_word' id='word_1_37' title='bbox 295 803 485 864; x_wconf 89' lang='lat' dir='ltr'>animorum</span> <span class='ocrx_word' id='word_1_38' title='bbox 512 799 655 880; x_wconf 88' lang='lat' dir='ltr'>dicatur,</span> <span class='ocrx_word' id='word_1_39' title='bbox 688 801 729 864; x_wconf 92' lang='lat' dir='ltr'>de</span> <span class='ocrx_word' id='word_1_40' title='bbox 763 810 872 863; x_wconf 89' lang='lat' dir='ltr'>mente</span> <span class='ocrx_word' id='word_1_41' title='bbox 898 800 977 878; x_wconf 88' lang='lat' dir='ltr'>dici,</span> <span class='ocrx_word' id='word_1_42' title='bbox 1008 821 1091 885; x_wconf 89' lang='lat' dir='ltr'>quae</span> <span class='ocrx_word' id='word_1_43' title='bbox 1124 805 1257 885; x_wconf 72' lang='lat' dir='ltr'>omnigp</span> 
     </span>
     <span class='ocr_line' id='line_1_7' title="bbox 59 882 1215 966; baseline 0.003 -21"><span class='ocrx_word' id='word_1_44' title='bbox 59 882 201 945; x_wconf 86' lang='lat' dir='ltr'>turbido</span> <span class='ocrx_word' id='word_1_45' title='bbox 222 891 317 944; x_wconf 91' lang='lat' dir='ltr'>motu</span> <span class='ocrx_word' id='word_1_46' title='bbox 337 902 469 964; x_wconf 84' lang='lat' dir='ltr'><strong>semper</strong></span> <span class='ocrx_word' id='word_1_47' title='bbox 489 893 597 955; x_wconf 87' lang='lat' dir='ltr'>vacet,</span> <span class='ocrx_word' id='word_1_48' title='bbox 619 903 687 945; x_wconf 91' lang='lat' dir='ltr'>non</span> <span class='ocrx_word' id='word_1_49' title='bbox 708 884 749 946; x_wconf 90' lang='lat' dir='ltr'>de</span> <span class='ocrx_word' id='word_1_50' title='bbox 771 884 921 963; x_wconf 87' lang='lat' dir='ltr'>partibus</span> <span class='ocrx_word' id='word_1_51' title='bbox 941 885 996 962; x_wconf 90' lang='lat' dir='ltr'>iis,</span> <span class='ocrx_word' id='word_1_52' title='bbox 1030 887 1067 946; x_wconf 91' lang='lat' dir='ltr'>in</span> <span class='ocrx_word' id='word_1_53' title='bbox 1094 886 1215 966; x_wconf 78' lang='lat' dir='ltr'>quibua</span> 
     </span>
     <span class='ocr_line' id='line_1_8' title="bbox 60 963 1217 1053; baseline 0.005 -27"><span class='ocrx_word' id='word_1_54' title='bbox 60 964 304 1053; x_wconf 63' lang='lat' dir='ltr'>aegritudines,</span> <span class='ocrx_word' id='word_1_55' title='bbox 332 967 406 1027; x_wconf 86' lang='lat' dir='ltr'>irae</span> <span class='ocrx_word' id='word_1_56' title='bbox 432 963 654 1048; x_wconf 76' lang='lat' dir='ltr'>libidinesque</span> <span class='ocrx_word' id='word_1_57' title='bbox 685 975 881 1030; x_wconf 87' lang='lat' dir='ltr'>versentur:</span> <span class='ocrx_word' id='word_1_58' title='bbox 912 986 992 1049; x_wconf 89' lang='lat' dir='ltr'>quas</span> <span class='ocrx_word' id='word_1_59' title='bbox 1019 967 1061 1044; x_wconf 88' lang='lat' dir='ltr'>is,</span> <span class='ocrx_word' id='word_1_60' title='bbox 1097 977 1217 1032; x_wconf 89' lang='lat' dir='ltr'>contra</span> 
     </span>
    </p>
   </div>
   <div class='ocr_carea' id='block_1_3' title="bbox 61 1152 1217 2057">
    <p class='ocr_par' dir='ltr' id='par_1_4' title="bbox 61 1152 1217 1649">
     <span class='ocr_line' id='line_1_9' title="bbox 61 1152 1214 1228; baseline -0.001 -21"><span class='ocrx_word' id='word_1_61' title='bbox 61 1169 125 1222; x_wconf 73' lang='lat' dir='ltr'>que,</span> <span class='ocrx_word' id='word_1_62' title='bbox 145 1154 238 1206; x_wconf 86' lang='lat' dir='ltr'>dotent</span> <span class='ocrx_word' id='word_1_63' title='bbox 254 1152 462 1223; x_wconf 73' lang='lat' dir='ltr'>gaudeatque.“</span> <span class='ocrx_word' id='word_1_64' title='bbox 497 1155 588 1205; x_wconf 85' lang='lat' dir='ltr'>Locus</span> <span class='ocrx_word' id='word_1_65' title='bbox 608 1152 762 1228; x_wconf 76' lang='lat' dir='ltr'>Augustini</span> <span class='ocrx_word' id='word_1_66' title='bbox 781 1160 822 1206; x_wconf 85' lang='lat' dir='ltr'>est</span> <span class='ocrx_word' id='word_1_67' title='bbox 840 1157 884 1219; x_wconf 77' lang='lat'>21,</span> <span class='ocrx_word' id='word_1_68' title='bbox 903 1156 929 1209; x_wconf 81' lang='lat'>3.</span> <span class='ocrx_word' id='word_1_69' title='bbox 966 1153 1003 1205; x_wconf 80' lang='lat' dir='ltr'>vi</span> <span class='ocrx_word' id='word_1_70' title='bbox 1042 1153 1088 1205; x_wconf 90' lang='lat' dir='ltr'>ilii</span> <span class='ocrx_word' id='word_1_71' title='bbox 1106 1156 1133 1219; x_wconf 78' lang='grc'>6,</span> <span class='ocrx_word' id='word_1_72' title='bbox 1152 1155 1214 1210; x_wconf 79' lang='lat' dir='ltr'>tas.</span> 
     </span>
     <span class='ocr_line' id='line_1_10' title="bbox 61 1223 1216 1289; baseline 0.001 -12"><span class='ocrx_word' id='word_1_73' title='bbox 61 1256 98 1268; x_wconf 94' lang='lat'>-</span> <span class='ocrx_word' id='word_1_74' title='bbox 118 1225 155 1277; x_wconf 92' lang='lat' dir='ltr'>ln</span> <span class='ocrx_word' id='word_1_75' title='bbox 172 1224 238 1278; x_wconf 79' lang='lat' dir='ltr'>Ood.</span> <span class='ocrx_word' id='word_1_76' title='bbox 259 1227 332 1277; x_wconf 83' lang='lat' dir='ltr'>Mon.</span> <span class='ocrx_word' id='word_1_77' title='bbox 352 1227 378 1280; x_wconf 77' lang='lat'>2.</span> <span class='ocrx_word' id='word_1_78' title='bbox 399 1223 537 1277; x_wconf 83' lang='lat' dir='ltr'>scribitur</span> <span class='ocrx_word' id='word_1_79' title='bbox 555 1223 638 1289; x_wconf 76' lang='lat' dir='ltr'>affert</span> <span class='ocrx_word' id='word_1_80' title='bbox 656 1231 756 1277; x_wconf 82' lang='lat' dir='ltr'>autem.</span> <span class='ocrx_word' id='word_1_81' title='bbox 783 1224 867 1278; x_wconf 83' lang='lat' dir='ltr'>Verb.</span> <span class='ocrx_word' id='word_1_82' title='bbox 892 1241 928 1277; x_wconf 84' lang='lat' dir='ltr'>ex</span> <span class='ocrx_word' id='word_1_83' title='bbox 947 1223 1013 1278; x_wconf 85' lang='lat' dir='ltr'>Cod.</span> <span class='ocrx_word' id='word_1_84' title='bbox 1063 1224 1090 1277; x_wconf 88' lang='lat' dir='ltr'>S.</span> <span class='ocrx_word' id='word_1_85' title='bbox 1118 1225 1216 1278; x_wconf 89' lang='lat' dir='ltr'>nescio</span> 
     </span>
     <span class='ocr_line' id='line_1_11' title="bbox 61 1293 1213 1419; baseline 0 -71"><span class='ocrx_word' id='word_1_86' title='bbox 61 1311 123 1419; x_wconf 75' lang='lat' dir='ltr'>quo</span> <span class='ocrx_word' id='word_1_87' title='bbox 147 1295 243 1347; x_wconf 83' lang='lat' dir='ltr'>laudat</span> <span class='ocrx_word' id='word_1_88' title='bbox 267 1311 332 1348; x_wconf 86' lang='lat' dir='ltr'>vero</span> <span class='ocrx_word' id='word_1_89' title='bbox 355 1311 408 1366; x_wconf 90' lang='lat' dir='ltr'>pro</span> <span class='ocrx_word' id='word_1_90' title='bbox 435 1301 527 1347; x_wconf 80' lang='lat' dir='ltr'>autem</span> <span class='ocrx_word' id='word_1_91' title='bbox 553 1295 606 1348; x_wconf 83' lang='lat' dir='ltr'>Ed.</span> <span class='ocrx_word' id='word_1_92' title='bbox 627 1295 661 1345; x_wconf 87' lang='grc'><strong>11.</strong></span> <span class='ocrx_word' id='word_1_93' title='bbox 689 1303 753 1364; x_wconf 88' lang='lat' dir='ltr'>post</span> <span class='ocrx_word' id='word_1_94' title='bbox 777 1302 868 1347; x_wconf 82' lang='lat' dir='ltr'>autem</span> <span class='ocrx_word' id='word_1_95' title='bbox 884 1293 970 1347; x_wconf 85' lang='lat' dir='ltr'>babet</span> <span class='ocrx_word' id='word_1_96' title='bbox 991 1299 1101 1363; x_wconf 85' lang='lat' dir='ltr'>partem</span> <span class='ocrx_word' id='word_1_97' title='bbox 1119 1296 1213 1362; x_wconf 72' lang='lat' dir='ltr'>affert.</span> 
     </span>
     <span class='ocr_line' id='line_1_12' title="bbox 62 1364 1216 1508; baseline 0.001 -19"><span class='ocrx_word' id='word_1_98' title='bbox 62 1364 549 1508; x_wconf 55' lang='lat' dir='ltr'>etaerttt·.etmttz</span> <span class='ocrx_word' id='word_1_99' title='bbox 567 1365 1216 1492; x_wconf 46' lang='lat' dir='ltr'>lineamentiattententes</span> 
     </span>
     <span class='ocr_line' id='line_1_13' title="bbox 62 1506 1217 1578; baseline 0 -18"><span class='ocrx_word' id='word_1_100' title='bbox 62 1522 178 1576; x_wconf 77' lang='lat' dir='ltr'>quoque.</span> <span class='ocrx_word' id='word_1_101' title='bbox 215 1509 295 1562; x_wconf 86' lang='lat' dir='ltr'>Unus</span> <span class='ocrx_word' id='word_1_102' title='bbox 315 1509 364 1560; x_wconf 83' lang='lat' dir='ltr'>Ox.</span> <span class='ocrx_word' id='word_1_103' title='bbox 384 1508 469 1559; x_wconf 87' lang='lat' dir='ltr'>habet</span> <span class='ocrx_word' id='word_1_104' title='bbox 489 1506 631 1578; x_wconf 80' lang='lat' dir='ltr'>quomoda.</span> <span class='ocrx_word' id='word_1_105' title='bbox 652 1506 725 1560; x_wconf 82' lang='lat' dir='ltr'>Gud</span> <span class='ocrx_word' id='word_1_106' title='bbox 744 1506 834 1561; x_wconf 80' lang='lat' dir='ltr'>liehd</span> <span class='ocrx_word' id='word_1_107' title='bbox 854 1507 951 1560; x_wconf 89' lang='lat' dir='ltr'>Duisb.</span> <span class='ocrx_word' id='word_1_108' title='bbox 977 1506 1083 1560; x_wconf 84' lang='lat' dir='ltr'>habent</span> <span class='ocrx_word' id='word_1_109' title='bbox 1110 1520 1217 1578; x_wconf 80' lang='lat' dir='ltr'>qaoque</span> 
     </span>
     <span class='ocr_line' id='line_1_14' title="bbox 63 1578 1123 1649; baseline 0.001 -19"><span class='ocrx_word' id='word_1_110' title='bbox 63 1593 137 1631; x_wconf 81' lang='lat' dir='ltr'>esee.</span> <span class='ocrx_word' id='word_1_111' title='bbox 164 1578 246 1631; x_wconf 88' lang='lat' dir='ltr'>Unde</span> <span class='ocrx_word' id='word_1_112' title='bbox 265 1579 352 1630; x_wconf 80' lang='lat' dir='ltr'>facile</span> <span class='ocrx_word' id='word_1_113' title='bbox 370 1579 476 1648; x_wconf 87' lang='lat' dir='ltr'>aliquis</span> <span class='ocrx_word' id='word_1_114' title='bbox 494 1579 665 1648; x_wconf 86' lang='lat' dir='ltr'>suspicetur,</span> <span class='ocrx_word' id='word_1_115' title='bbox 684 1594 790 1649; x_wconf 83' lang='lat' dir='ltr'>quoque</span> <span class='ocrx_word' id='word_1_116' title='bbox 809 1597 821 1631; x_wconf 87' lang='lat' dir='ltr'>s</span> <span class='ocrx_word' id='word_1_117' title='bbox 841 1578 940 1630; x_wconf 89' lang='lat' dir='ltr'>urium</span> <span class='ocrx_word' id='word_1_118' title='bbox 958 1595 1026 1631; x_wconf 86' lang='lat' dir='ltr'>esse.</span> <span class='ocrx_word' id='word_1_119' title='bbox 1063 1578 1123 1631; x_wconf 88' lang='grc' dir='ltr'>Μν.</span> 
     </span>
    </p>

    <p class='ocr_par' dir='ltr' id='par_1_5' title="bbox 63 1645 1216 2057">
     <span class='ocr_line' id='line_1_15' title="bbox 138 1645 1216 1720; baseline 0.002 -19"><span class='ocrx_word' id='word_1_120' title='bbox 138 1650 212 1720; x_wconf 82' lang='lat' dir='ltr'>qaod</span> <span class='ocrx_word' id='word_1_121' title='bbox 229 1656 321 1700; x_wconf 77' lang='lat' dir='ltr'>autem</span> <span class='ocrx_word' id='word_1_122' title='bbox 338 1648 369 1701; x_wconf 84' lang='lat' dir='ltr'>s&#39;n</span> <span class='ocrx_word' id='word_1_123' title='bbox 385 1650 510 1702; x_wconf 81' lang='lat' dir='ltr'>merdam</span> <span class='ocrx_word' id='word_1_124' title='bbox 528 1648 622 1715; x_wconf 88' lang='lat' dir='ltr'>cadat]</span> <span class='ocrx_word' id='word_1_125' title='bbox 657 1650 771 1715; x_wconf 86' lang='lat' dir='ltr'>„Venit</span> <span class='ocrx_word' id='word_1_126' title='bbox 788 1667 828 1701; x_wconf 81' lang='lat' dir='ltr'>mi</span> <span class='ocrx_word' id='word_1_127' title='bbox 853 1649 859 1663; x_wconf 78' lang='lat'>⁸</span> <span class='ocrx_word' id='word_1_128' title='bbox 882 1650 954 1702; x_wconf 88' lang='lat' dir='ltr'>olim</span> <span class='ocrx_word' id='word_1_129' title='bbox 972 1649 1002 1701; x_wconf 90' lang='lat' dir='ltr'>in</span> <span class='ocrx_word' id='word_1_130' title='bbox 1020 1657 1161 1702; x_wconf 83' lang='lat' dir='ltr'><strong>mentem:</strong></span> <span class='ocrx_word' id='word_1_131' title='bbox 1181 1645 1216 1703; x_wconf 78' lang='lat' dir='ltr'>itt</span> 
     </span>
     <span class='ocr_line' id='line_1_16' title="bbox 64 1718 1213 1789; baseline -0.001 -16"><span class='ocrx_word' id='word_1_132' title='bbox 64 1721 141 1789; x_wconf 77' lang='lat' dir='ltr'>quod</span> <span class='ocrx_word' id='word_1_133' title='bbox 157 1727 248 1773; x_wconf 84' lang='lat' dir='ltr'>autem</span> <span class='ocrx_word' id='word_1_134' title='bbox 265 1720 377 1772; x_wconf 82' lang='lat' dir='ltr'>morbus</span> <span class='ocrx_word' id='word_1_135' title='bbox 395 1721 508 1773; x_wconf 87' lang='lat' dir='ltr'>cadat.“</span> <span class='ocrx_word' id='word_1_136' title='bbox 526 1720 597 1776; x_wconf 81' lang='lat' dir='ltr'>Ern.</span> <span class='ocrx_word' id='word_1_137' title='bbox 635 1718 691 1773; x_wconf 83' lang='lat' dir='ltr'>Sed</span> <span class='ocrx_word' id='word_1_138' title='bbox 716 1719 774 1771; x_wconf 82' lang='lat' dir='ltr'>vid.</span> <span class='ocrx_word' id='word_1_139' title='bbox 800 1721 844 1772; x_wconf 88' lang='lat' dir='ltr'>Jo.</span> <span class='ocrx_word' id='word_1_140' title='bbox 863 1719 1009 1772; x_wconf 84' lang='lat' dir='ltr'>Vorstinm</span> <span class='ocrx_word' id='word_1_141' title='bbox 1036 1720 1071 1772; x_wconf 92' lang='lat' dir='ltr'>de</span> <span class='ocrx_word' id='word_1_142' title='bbox 1094 1719 1213 1773; x_wconf 83' lang='lat' dir='ltr'>Latinit.</span> 
     </span>
     <span class='ocr_line' id='line_1_17' title="bbox 63 1789 1214 1860; baseline 0.002 -19"><span class='ocrx_word' id='word_1_143' title='bbox 63 1790 138 1844; x_wconf 79' lang='lat' dir='ltr'>falso</span> <span class='ocrx_word' id='word_1_144' title='bbox 156 1800 285 1860; x_wconf 84' lang='lat' dir='ltr'>suspecta</span> <span class='ocrx_word' id='word_1_145' title='bbox 324 1829 330 1840; x_wconf 91' lang='lat'><strong>.</strong></span> <span class='ocrx_word' id='word_1_146' title='bbox 353 1794 462 1860; x_wconf 79' lang='lat' dir='ltr'>151sq.</span> <span class='ocrx_word' id='word_1_147' title='bbox 483 1792 563 1847; x_wconf 87' lang='lat' dir='ltr'>Unus</span> <span class='ocrx_word' id='word_1_148' title='bbox 572 1792 623 1843; x_wconf 84' lang='lat' dir='ltr'>Ox.</span> <span class='ocrx_word' id='word_1_149' title='bbox 644 1790 675 1842; x_wconf 91' lang='lat' dir='ltr'>in</span> <span class='ocrx_word' id='word_1_150' title='bbox 694 1807 771 1860; x_wconf 82' lang='lat' dir='ltr'>seqq.</span> <span class='ocrx_word' id='word_1_151' title='bbox 792 1789 833 1841; x_wconf 91' lang='lat' dir='ltr'>bis</span> <span class='ocrx_word' id='word_1_152' title='bbox 845 1794 957 1860; x_wconf 85' lang='lat' dir='ltr'>aatpro</span> <span class='ocrx_word' id='word_1_153' title='bbox 971 1794 1071 1842; x_wconf 82' lang='lat' dir='ltr'>autem.</span> <span class='ocrx_word' id='word_1_154' title='bbox 1091 1789 1174 1841; x_wconf 83' lang='lat' dir='ltr'>Vind.</span> <span class='ocrx_word' id='word_1_155' title='bbox 1183 1793 1214 1855; x_wconf 72' lang='lat'>1.</span> 
     </span>
     <span class='ocr_line' id='line_1_18' title="bbox 63 1809 1215 1942; baseline -0.001 -28"><span class='ocrx_word' id='word_1_156' title='bbox 63 1860 120 1914; x_wconf 79' lang='lat' dir='ltr'>Ed.</span> <span class='ocrx_word' id='word_1_157' title='bbox 140 1862 175 1913; x_wconf 84' lang='lat' dir='ltr'>ll.</span> <span class='ocrx_word' id='word_1_158' title='bbox 194 1861 282 1914; x_wconf 82' lang='lat' dir='ltr'>cadit.</span> <span class='ocrx_word' id='word_1_159' title='bbox 301 1809 392 1914; x_wconf 71' lang='lat' dir='ltr'>ioht.</span> <span class='ocrx_word' id='word_1_160' title='bbox 412 1862 496 1913; x_wconf 89' lang='lat' dir='ltr'>Vind.</span> <span class='ocrx_word' id='word_1_161' title='bbox 519 1866 541 1917; x_wconf 92' lang='lat' dir='ltr'>l.</span> <span class='ocrx_word' id='word_1_162' title='bbox 566 1861 599 1916; x_wconf 84' lang='lat' dir='ltr'>t&#39;d</span> <span class='ocrx_word' id='word_1_163' title='bbox 621 1867 652 1917; x_wconf 87' lang='lat' dir='ltr'>et</span> <span class='ocrx_word' id='word_1_164' title='bbox 691 1876 724 1913; x_wconf 92' lang='lat' dir='ltr'>ro</span> <span class='ocrx_word' id='word_1_165' title='bbox 747 1861 779 1912; x_wconf 85' lang='lat' dir='ltr'>t&#39;d</span> <span class='ocrx_word' id='word_1_166' title='bbox 805 1859 923 1912; x_wconf 82' lang='lat' dir='ltr'>etiam.</span> <span class='ocrx_word' id='word_1_167' title='bbox 951 1859 1024 1942; x_wconf 73' lang='lat' dir='ltr'>Aug.</span> <span class='ocrx_word' id='word_1_168' title='bbox 1044 1859 1143 1913; x_wconf 82' lang='lat' dir='ltr'>dolore</span> <span class='ocrx_word' id='word_1_169' title='bbox 1160 1875 1215 1930; x_wconf 77' lang='lat' dir='ltr'>pm)</span> 
     </span>
     <span class='ocr_line' id='line_1_19' title="bbox 63 1878 940 2057; baseline 0.002 -72"><span class='ocrx_word' id='word_1_170' title='bbox 63 1930 273 2057; x_wconf 53' lang='grc' dir='ltr'>αὖαὶινιΜνίιιᾶ.</span> <span class='ocrx_word' id='word_1_171' title='bbox 296 1937 318 1988; x_wconf 94' lang='grc'><strong>1.</strong></span> <span class='ocrx_word' id='word_1_172' title='bbox 339 1933 450 1986; x_wconf 87' lang='lat' dir='ltr'>omittit</span> <span class='ocrx_word' id='word_1_173' title='bbox 468 1948 545 2003; x_wconf 75' lang='lat' dir='ltr'>erga.</span> <span class='ocrx_word' id='word_1_174' title='bbox 565 1878 697 1987; x_wconf 69' lang='lat' dir='ltr'>belidi»</span> <span class='ocrx_word' id='word_1_175' title='bbox 934 1928 940 1942; x_wconf 91' lang='lat'>&#39;</span> 
     </span>
     <span class='ocr_line' id='line_1_20' title="bbox 88 2021 214 2055; baseline 0.008 -1"><span class='ocrx_word' id='word_1_176' title='bbox 88 2021 117 2055; x_wconf 85' lang='lat' dir='ltr'>x.</span> <span class='ocrx_word' id='word_1_177' title='bbox 189 2021 214 2055; x_wconf 92' lang='lat' dir='ltr'>r.</span> 
     </span>
    </p>
   </div>
   <div class='ocr_carea' id='block_1_4' title="bbox 34 2090 1320 4510">
    <p class='ocr_par' dir='ltr' id='par_1_6' title="bbox 62 2090 1218 3306">
     <span class='ocr_line' id='line_1_21' title="bbox 136 2090 1215 2163; baseline 0.004 -20"><span class='ocrx_word' id='word_1_178' title='bbox 136 2106 161 2143; x_wconf 88' lang='lat' dir='ltr'>c.</span> <span class='ocrx_word' id='word_1_179' title='bbox 181 2094 224 2147; x_wconf 80' lang='lat'>3³.</span> <span class='ocrx_word' id='word_1_180' title='bbox 262 2093 339 2147; x_wconf 83' lang='lat' dir='ltr'>ilaec</span> <span class='ocrx_word' id='word_1_181' title='bbox 356 2090 452 2160; x_wconf 71' lang='lat' dir='ltr'>refelli</span> <span class='ocrx_word' id='word_1_182' title='bbox 467 2091 592 2162; x_wconf 82' lang='lat' dir='ltr'>poseant]</span> <span class='ocrx_word' id='word_1_183' title='bbox 627 2094 698 2147; x_wconf 81' lang='lat' dir='ltr'>Ven.</span> <span class='ocrx_word' id='word_1_184' title='bbox 718 2091 778 2148; x_wconf 80' lang='lat' dir='ltr'>Alt.</span> <span class='ocrx_word' id='word_1_185' title='bbox 798 2091 864 2148; x_wconf 81' lang='lat' dir='ltr'>laec</span> <span class='ocrx_word' id='word_1_186' title='bbox 889 2092 985 2160; x_wconf 74' lang='lat' dir='ltr'>refelli</span> <span class='ocrx_word' id='word_1_187' title='bbox 1007 2090 1125 2161; x_wconf 72' lang='lat' dir='ltr'>facile</span> <span class='ocrx_word' id='word_1_188' title='bbox 1145 2106 1215 2163; x_wconf 78' lang='lat' dir='ltr'>poe-</span> 
     </span>
     <span class='ocr_line' id='line_1_22' title="bbox 62 2164 1214 2239; baseline 0.003 -26"><span class='ocrx_word' id='word_1_189' title='bbox 62 2167 140 2217; x_wconf 79' lang='lat' dir='ltr'>eant.</span> <span class='ocrx_word' id='word_1_190' title='bbox 177 2164 276 2238; x_wconf 80' lang='lat' dir='ltr'>Pergit</span> <span class='ocrx_word' id='word_1_191' title='bbox 294 2165 366 2239; x_wconf 79' lang='lat' dir='ltr'>Aug.</span> <span class='ocrx_word' id='word_1_192' title='bbox 395 2172 459 2217; x_wconf 83' lang='lat' dir='ltr'>sant</span> <span class='ocrx_word' id='word_1_193' title='bbox 484 2166 558 2218; x_wconf 79' lang='lat' dir='ltr'>caim</span> <span class='ocrx_word' id='word_1_194' title='bbox 580 2165 815 2234; x_wconf 77' lang='lat' dir='ltr'>ignoranter,</span> <span class='ocrx_word' id='word_1_195' title='bbox 841 2183 901 2218; x_wconf 87' lang='lat' dir='ltr'>cum</span> <span class='ocrx_word' id='word_1_196' title='bbox 924 2164 1009 2218; x_wconf 80' lang='lat' dir='ltr'>daec</span> <span class='ocrx_word' id='word_1_197' title='bbox 1034 2167 1068 2219; x_wconf 91' lang='lat' dir='ltr'>de</span> <span class='ocrx_word' id='word_1_198' title='bbox 1092 2170 1147 2218; x_wconf 88' lang='lat' dir='ltr'>aet.</span> <span class='ocrx_word' id='word_1_199' title='bbox 1167 2180 1214 2218; x_wconf 79' lang='lat' dir='ltr'>aa.</span> 
     </span>
     <span class='ocr_line' id='line_1_23' title="bbox 64 2232 1214 2305; baseline 0.003 -19"><span class='ocrx_word' id='word_1_200' title='bbox 64 2233 243 2287; x_wconf 78' lang='lat' dir='ltr'>dicantur.</span> <span class='ocrx_word' id='word_1_201' title='bbox 265 2235 390 2289; x_wconf 83' lang='lat' dir='ltr'>Additur</span> <span class='ocrx_word' id='word_1_202' title='bbox 406 2232 473 2288; x_wconf 76' lang='lat' dir='ltr'>baec</span> <span class='ocrx_word' id='word_1_203' title='bbox 491 2238 578 2289; x_wconf 88' lang='lat' dir='ltr'>etiam</span> <span class='ocrx_word' id='word_1_204' title='bbox 595 2237 629 2289; x_wconf 91' lang='lat' dir='ltr'>ab</span> <span class='ocrx_word' id='word_1_205' title='bbox 646 2252 704 2288; x_wconf 90' lang='lat' dir='ltr'>uno</span> <span class='ocrx_word' id='word_1_206' title='bbox 714 2237 781 2302; x_wconf 80' lang='lat'>01.;</span> <span class='ocrx_word' id='word_1_207' title='bbox 801 2252 924 2305; x_wconf 88' lang='lat' dir='ltr'>quorum</span> <span class='ocrx_word' id='word_1_208' title='bbox 941 2245 1001 2290; x_wconf 89' lang='lat' dir='ltr'>tres</span> <span class='ocrx_word' id='word_1_209' title='bbox 1019 2254 1086 2289; x_wconf 88' lang='lat' dir='ltr'>cum</span> <span class='ocrx_word' id='word_1_210' title='bbox 1099 2238 1174 2288; x_wconf 85' lang='lat' dir='ltr'>Mon.</span> <span class='ocrx_word' id='word_1_211' title='bbox 1189 2240 1214 2290; x_wconf 86' lang='lat'>1.</span> 
     </span>
     <span class='ocr_line' id='line_1_24' title="bbox 63 2304 1216 2380; baseline 0.002 -25"><span class='ocrx_word' id='word_1_212' title='bbox 63 2305 150 2356; x_wconf 84' lang='lat' dir='ltr'>Vind.</span> <span class='ocrx_word' id='word_1_213' title='bbox 170 2307 196 2359; x_wconf 74' lang='lat'>2.</span> <span class='ocrx_word' id='word_1_214' title='bbox 216 2307 286 2380; x_wconf 79' lang='lat' dir='ltr'>lieg.</span> <span class='ocrx_word' id='word_1_215' title='bbox 306 2305 379 2360; x_wconf 86' lang='lat' dir='ltr'>Gud.</span> <span class='ocrx_word' id='word_1_216' title='bbox 401 2307 674 2361; x_wconf 66' lang='lat' dir='ltr'>inconsentiens</span> <span class='ocrx_word' id='word_1_217' title='bbox 702 2322 769 2359; x_wconf 85' lang='lat' dir='ltr'>oum</span> <span class='ocrx_word' id='word_1_218' title='bbox 787 2304 860 2380; x_wconf 80' lang='lat' dir='ltr'>Aug.</span> <span class='ocrx_word' id='word_1_219' title='bbox 888 2306 920 2357; x_wconf 93' lang='lat' dir='ltr'>in</span> <span class='ocrx_word' id='word_1_220' title='bbox 945 2307 1101 2376; x_wconf 79' lang='lat' dir='ltr'>scriptione</span> <span class='ocrx_word' id='word_1_221' title='bbox 1120 2306 1216 2358; x_wconf 75' lang='lat' dir='ltr'>dicare·</span> 
     </span>
     <span class='ocr_line' id='line_1_25' title="bbox 63 2375 1217 2450; baseline 0.001 -23"><span class='ocrx_word' id='word_1_222' title='bbox 63 2381 131 2440; x_wconf 76' lang='lat' dir='ltr'>ter3</span> <span class='ocrx_word' id='word_1_223' title='bbox 151 2375 227 2445; x_wconf 89' lang='lat' dir='ltr'>quod</span> <span class='ocrx_word' id='word_1_224' title='bbox 245 2387 287 2431; x_wconf 86' lang='lat' dir='ltr'>est</span> <span class='ocrx_word' id='word_1_225' title='bbox 304 2376 491 2430; x_wconf 79' lang='lat' dir='ltr'>librariorum</span> <span class='ocrx_word' id='word_1_226' title='bbox 518 2377 763 2430; x_wconf 83' lang='lat' dir='ltr'>constructionem</span> <span class='ocrx_word' id='word_1_227' title='bbox 788 2391 845 2428; x_wconf 92' lang='lat' dir='ltr'>non</span> <span class='ocrx_word' id='word_1_228' title='bbox 858 2436 860 2440; x_wconf 23' lang='lat'>¹</span> <span class='ocrx_word' id='word_1_229' title='bbox 873 2375 1108 2450; x_wconf 77' lang='lat' dir='ltr'>intelligentium.</span> <span class='ocrx_word' id='word_1_230' title='bbox 1146 2375 1217 2428; x_wconf 87' lang='lat' dir='ltr'>Vult</span> 
     </span>
     <span class='ocr_line' id='line_1_26' title="bbox 64 2444 1217 2516; baseline -0.001 -18"><span class='ocrx_word' id='word_1_231' title='bbox 64 2455 163 2498; x_wconf 86' lang='lat' dir='ltr'>antem</span> <span class='ocrx_word' id='word_1_232' title='bbox 182 2445 298 2500; x_wconf 85' lang='lat' dir='ltr'>Cicero:</span> <span class='ocrx_word' id='word_1_233' title='bbox 319 2463 402 2516; x_wconf 82' lang='lat' dir='ltr'>quum</span> <span class='ocrx_word' id='word_1_234' title='bbox 422 2449 455 2500; x_wconf 88' lang='lat' dir='ltr'>de</span> <span class='ocrx_word' id='word_1_235' title='bbox 473 2448 640 2501; x_wconf 78' lang='lat' dir='ltr'>aeternitate</span> <span class='ocrx_word' id='word_1_236' title='bbox 659 2447 816 2500; x_wconf 81' lang='lat' dir='ltr'>animorum</span> <span class='ocrx_word' id='word_1_237' title='bbox 834 2444 949 2512; x_wconf 76' lang='lat' dir='ltr'>dieitur,</span> <span class='ocrx_word' id='word_1_238' title='bbox 975 2447 1009 2500; x_wconf 90' lang='lat' dir='ltr'>de</span> <span class='ocrx_word' id='word_1_239' title='bbox 1034 2444 1217 2500; x_wconf 71' lang='lat' dir='ltr'>meatediei·</span> 
     </span>
     <span class='ocr_line' id='line_1_27' title="bbox 65 2516 1216 2594; baseline 0.001 -26"><span class='ocrx_word' id='word_1_240' title='bbox 65 2521 130 2568; x_wconf 78' lang='lat' dir='ltr'>tere</span> <span class='ocrx_word' id='word_1_241' title='bbox 148 2519 220 2585; x_wconf 77' lang='lat' dir='ltr'>quad</span> <span class='ocrx_word' id='word_1_242' title='bbox 237 2517 284 2571; x_wconf 79' lang='lat' dir='ltr'>tta·</span> <span class='ocrx_word' id='word_1_243' title='bbox 301 2518 446 2587; x_wconf 79' lang='lat' dir='ltr'>ignorant.</span> <span class='ocrx_word' id='word_1_244' title='bbox 484 2518 631 2594; x_wconf 82' lang='lat' dir='ltr'>intelligit</span> <span class='ocrx_word' id='word_1_245' title='bbox 649 2527 747 2570; x_wconf 87' lang='lat' dir='ltr'>autem</span> <span class='ocrx_word' id='word_1_246' title='bbox 763 2517 939 2569; x_wconf 79' lang='lat' dir='ltr'>Platonicam</span> <span class='ocrx_word' id='word_1_247' title='bbox 953 2516 1036 2569; x_wconf 88' lang='lat' dir='ltr'>illam</span> <span class='ocrx_word' id='word_1_248' title='bbox 1053 2516 1216 2569; x_wconf 85' lang='lat' dir='ltr'>distinctio-</span> 
     </span>
     <span class='ocr_line' id='line_1_28' title="bbox 64 2586 1218 2653; baseline 0.001 -13"><span class='ocrx_word' id='word_1_249' title='bbox 64 2604 135 2640; x_wconf 84' lang='lat' dir='ltr'>nem</span> <span class='ocrx_word' id='word_1_250' title='bbox 163 2591 275 2643; x_wconf 88' lang='lat' dir='ltr'>animae</span> <span class='ocrx_word' id='word_1_251' title='bbox 298 2591 330 2641; x_wconf 93' lang='lat' dir='ltr'>in</span> <span class='ocrx_word' id='word_1_252' title='bbox 356 2596 483 2652; x_wconf 73' lang='lat' dir='ltr'>mentesa,</span> <span class='ocrx_word' id='word_1_253' title='bbox 509 2590 569 2644; x_wconf 86' lang='lat' dir='ltr'>sive</span> <span class='ocrx_word' id='word_1_254' title='bbox 593 2588 735 2642; x_wconf 86' lang='lat' dir='ltr'>rationem</span> <span class='ocrx_word' id='word_1_255' title='bbox 758 2586 962 2653; x_wconf 86' lang='lat' dir='ltr'>immortalem,</span> <span class='ocrx_word' id='word_1_256' title='bbox 995 2595 1025 2641; x_wconf 89' lang='lat' dir='ltr'>et</span> <span class='ocrx_word' id='word_1_257' title='bbox 1058 2587 1125 2640; x_wconf 82' lang='lat' dir='ltr'>duas</span> <span class='ocrx_word' id='word_1_258' title='bbox 1148 2586 1218 2641; x_wconf 80' lang='lat' dir='ltr'>illas</span> 
     </span>
     <span class='ocr_line' id='line_1_29' title="bbox 63 2657 1216 2732; baseline 0.001 -21"><span class='ocrx_word' id='word_1_259' title='bbox 63 2659 202 2712; x_wconf 80' lang='lat' dir='ltr'>mortales</span> <span class='ocrx_word' id='word_1_260' title='bbox 229 2669 332 2730; x_wconf 86' lang='lat' dir='ltr'>partes,</span> <span class='ocrx_word' id='word_1_261' title='bbox 363 2678 434 2731; x_wconf 87' lang='lat' dir='ltr'>quae</span> <span class='ocrx_word' id='word_1_262' title='bbox 461 2660 702 2729; x_wconf 76' lang='lat' dir='ltr'>perturbarentur</span> <span class='ocrx_word' id='word_1_263' title='bbox 728 2659 807 2732; x_wconf 87' lang='lat' dir='ltr'>quasi</span> <span class='ocrx_word' id='word_1_264' title='bbox 831 2658 936 2711; x_wconf 87' lang='lat' dir='ltr'>morbis</span> <span class='ocrx_word' id='word_1_265' title='bbox 959 2658 1126 2728; x_wconf 86' lang='lat' dir='ltr'>quibusdam</span> <span class='ocrx_word' id='word_1_266' title='bbox 1152 2657 1216 2712; x_wconf 71' lang='grc' dir='ltr'>ὄνα-</span> 
     </span>
     <span class='ocr_line' id='line_1_30' title="bbox 64 2728 1216 2814; baseline 0.001 -33"><span class='ocrx_word' id='word_1_267' title='bbox 64 2729 187 2782; x_wconf 82' lang='lat' dir='ltr'>candiae</span> <span class='ocrx_word' id='word_1_268' title='bbox 205 2740 234 2783; x_wconf 89' lang='lat' dir='ltr'>et</span> <span class='ocrx_word' id='word_1_269' title='bbox 251 2730 412 2795; x_wconf 66' lang='lat' dir='ltr'>libidinante</span> <span class='ocrx_word' id='word_1_270' title='bbox 429 2730 486 2782; x_wconf 88' lang='lat' dir='ltr'>hoc</span> <span class='ocrx_word' id='word_1_271' title='bbox 503 2731 593 2806; x_wconf 79' lang='lat' dir='ltr'>vulgo</span> <span class='ocrx_word' id='word_1_272' title='bbox 611 2737 723 2794; x_wconf 88' lang='lat' dir='ltr'>notum,</span> <span class='ocrx_word' id='word_1_273' title='bbox 742 2729 818 2780; x_wconf 87' lang='lat' dir='ltr'>sicut</span> <span class='ocrx_word' id='word_1_274' title='bbox 837 2728 924 2781; x_wconf 84' lang='lat' dir='ltr'>etiam</span> <span class='ocrx_word' id='word_1_275' title='bbox 941 2728 1099 2814; x_wconf 71' lang='lat' dir='ltr'>assignatae</span> <span class='ocrx_word' id='word_1_276' title='bbox 1117 2729 1216 2805; x_wconf 73' lang='lat' dir='ltr'>singu-</span> 
     </span>
     <span class='ocr_line' id='line_1_31' title="bbox 64 2799 1217 2872; baseline 0.003 -22"><span class='ocrx_word' id='word_1_277' title='bbox 64 2799 104 2850; x_wconf 92' lang='lat' dir='ltr'>lis</span> <span class='ocrx_word' id='word_1_278' title='bbox 122 2800 200 2854; x_wconf 88' lang='lat' dir='ltr'>sedes</span> <span class='ocrx_word' id='word_1_279' title='bbox 223 2810 252 2853; x_wconf 89' lang='lat' dir='ltr'>et</span> <span class='ocrx_word' id='word_1_280' title='bbox 275 2803 357 2854; x_wconf 85' lang='lat' dir='ltr'>velut</span> <span class='ocrx_word' id='word_1_281' title='bbox 383 2799 530 2853; x_wconf 87' lang='lat' dir='ltr'>domicilia</span> <span class='ocrx_word' id='word_1_282' title='bbox 552 2799 703 2870; x_wconf 84' lang='lat' dir='ltr'>quaedam:</span> <span class='ocrx_word' id='word_1_283' title='bbox 728 2807 761 2851; x_wconf 92' lang='lat' dir='ltr'>ut</span> <span class='ocrx_word' id='word_1_284' title='bbox 788 2816 867 2852; x_wconf 86' lang='lat' dir='ltr'>mens</span> <span class='ocrx_word' id='word_1_285' title='bbox 891 2799 922 2851; x_wconf 92' lang='lat' dir='ltr'>in</span> <span class='ocrx_word' id='word_1_286' title='bbox 947 2809 1052 2871; x_wconf 73' lang='lat' dir='ltr'>capite,</span> <span class='ocrx_word' id='word_1_287' title='bbox 1078 2811 1217 2872; x_wconf 83' lang='lat' dir='ltr'>tanquam</span> 
     </span>
     <span class='ocr_line' id='line_1_32' title="bbox 65 2870 1217 2945; baseline 0.003 -22"><span class='ocrx_word' id='word_1_288' title='bbox 65 2871 177 2945; x_wconf 77' lang='lat' dir='ltr'>regina,</span> <span class='ocrx_word' id='word_1_289' title='bbox 195 2872 388 2941; x_wconf 78' lang='lat' dir='ltr'>praesideret:</span> <span class='ocrx_word' id='word_1_290' title='bbox 412 2888 503 2941; x_wconf 90' lang='lat' dir='ltr'>prope</span> <span class='ocrx_word' id='word_1_291' title='bbox 521 2880 627 2935; x_wconf 86' lang='lat' dir='ltr'>autem,</span> <span class='ocrx_word' id='word_1_292' title='bbox 650 2870 700 2923; x_wconf 84' lang='lat' dir='ltr'>sed</span> <span class='ocrx_word' id='word_1_293' title='bbox 718 2870 873 2922; x_wconf 87' lang='lat' dir='ltr'>intervallo</span> <span class='ocrx_word' id='word_1_294' title='bbox 897 2878 993 2925; x_wconf 86' lang='lat' dir='ltr'>tamen</span> <span class='ocrx_word' id='word_1_295' title='bbox 1013 2873 1143 2942; x_wconf 83' lang='lat' dir='ltr'>quodam,</span> <span class='ocrx_word' id='word_1_296' title='bbox 1168 2873 1217 2926; x_wconf 89' lang='lat' dir='ltr'>ad·</span> 
     </span>
     <span class='ocr_line' id='line_1_33' title="bbox 65 2939 1217 3012; baseline 0 -18"><span class='ocrx_word' id='word_1_297' title='bbox 65 2949 139 2994; x_wconf 82' lang='lat' dir='ltr'>esset</span> <span class='ocrx_word' id='word_1_298' title='bbox 157 2943 188 2994; x_wconf 91' lang='lat' dir='ltr'>in</span> <span class='ocrx_word' id='word_1_299' title='bbox 205 2952 324 3012; x_wconf 86' lang='lat' dir='ltr'>pectore</span> <span class='ocrx_word' id='word_1_300' title='bbox 342 2941 505 2994; x_wconf 85' lang='lat' dir='ltr'>iracundiae</span> <span class='ocrx_word' id='word_1_301' title='bbox 523 2942 576 3007; x_wconf 86' lang='lat' dir='ltr'>vis,</span> <span class='ocrx_word' id='word_1_302' title='bbox 595 2950 731 3011; x_wconf 84' lang='lat' dir='ltr'>tanquam</span> <span class='ocrx_word' id='word_1_303' title='bbox 748 2939 783 2991; x_wconf 84' lang='lat' dir='ltr'>ad</span> <span class='ocrx_word' id='word_1_304' title='bbox 801 2940 957 3011; x_wconf 89' lang='lat' dir='ltr'>imperium</span> <span class='ocrx_word' id='word_1_305' title='bbox 971 2943 1052 2994; x_wconf 87' lang='lat' dir='ltr'>illius</span> <span class='ocrx_word' id='word_1_306' title='bbox 1071 2943 1217 3012; x_wconf 86' lang='lat' dir='ltr'>accipien-</span> 
     </span>
     <span class='ocr_line' id='line_1_34' title="bbox 66 3011 1217 3097; baseline 0.002 -34"><span class='ocrx_word' id='word_1_307' title='bbox 66 3011 164 3097; x_wconf 44' lang='lat' dir='ltr'>dumr</span> <span class='ocrx_word' id='word_1_308' title='bbox 180 3013 303 3065; x_wconf 76' lang='lat' dir='ltr'>interius</span> <span class='ocrx_word' id='word_1_309' title='bbox 327 3021 431 3077; x_wconf 86' lang='lat' dir='ltr'>autem,</span> <span class='ocrx_word' id='word_1_310' title='bbox 460 3011 535 3065; x_wconf 85' lang='lat' dir='ltr'>sicut</span> <span class='ocrx_word' id='word_1_311' title='bbox 561 3012 597 3065; x_wconf 87' lang='lat' dir='ltr'>ad</span> <span class='ocrx_word' id='word_1_312' title='bbox 620 3027 765 3093; x_wconf 81' lang='lat' dir='ltr'>praesepe,</span> <span class='ocrx_word' id='word_1_313' title='bbox 788 3011 981 3093; x_wconf 73' lang='lat' dir='ltr'>alligarentur</span> <span class='ocrx_word' id='word_1_314' title='bbox 1005 3013 1140 3066; x_wconf 86' lang='lat' dir='ltr'>libidines</span> <span class='ocrx_word' id='word_1_315' title='bbox 1165 3030 1217 3094; x_wconf 74' lang='lat' dir='ltr'>seu</span> 
     </span>
     <span class='ocr_line' id='line_1_35' title="bbox 65 3083 1216 3224; baseline -0.001 -19"><span class='ocrx_word' id='word_1_316' title='bbox 65 3083 1048 3224; x_wconf 41' lang='lat' dir='ltr'>itittonaliter?‘telenditplectibili:</span> <span class='ocrx_word' id='word_1_317' title='bbox 1068 3085 1103 3203; x_wconf 74' lang='lat' dir='ltr'>ii.</span> <span class='ocrx_word' id='word_1_318' title='bbox 1123 3088 1216 3204; x_wconf 61' lang='lat' dir='ltr'>titt</span> 
     </span>
     <span class='ocr_line' id='line_1_36' title="bbox 65 3221 1213 3306; baseline -0.004 -28"><span class='ocrx_word' id='word_1_319' title='bbox 65 3223 141 3298; x_wconf 79' lang='lat' dir='ltr'>Aug.</span> <span class='ocrx_word' id='word_1_320' title='bbox 162 3224 240 3278; x_wconf 89' lang='lat' dir='ltr'>inter</span> <span class='ocrx_word' id='word_1_321' title='bbox 256 3242 366 3292; x_wconf 76' lang='lat' dir='ltr'>semper</span> <span class='ocrx_word' id='word_1_322' title='bbox 385 3233 413 3277; x_wconf 90' lang='lat' dir='ltr'>et</span> <span class='ocrx_word' id='word_1_323' title='bbox 432 3230 509 3278; x_wconf 85' lang='lat' dir='ltr'>vacet</span> <span class='ocrx_word' id='word_1_324' title='bbox 536 3224 687 3276; x_wconf 89' lang='lat' dir='ltr'>interserit</span> <span class='ocrx_word' id='word_1_325' title='bbox 710 3222 833 3306; x_wconf 75' lang='lat' dir='ltr'>glossam</span> <span class='ocrx_word' id='word_1_326' title='bbox 851 3239 910 3275; x_wconf 81' lang='lat' dir='ltr'>eum</span> <span class='ocrx_word' id='word_1_327' title='bbox 933 3221 973 3274; x_wconf 81' lang='lat' dir='ltr'>ait</span> <span class='ocrx_word' id='word_1_328' title='bbox 992 3228 1116 3278; x_wconf 81' lang='lat' dir='ltr'>aeterna.</span> <span class='ocrx_word' id='word_1_329' title='bbox 1152 3222 1213 3274; x_wconf 87' lang='lat' dir='ltr'>Mr.</span> 
     </span>
    </p>

    <p class='ocr_par' dir='ltr' id='par_1_7' title="bbox 65 3291 1320 4074">
     <span class='ocr_line' id='line_1_37' title="bbox 139 3291 1216 3363; baseline 0 -17"><span class='ocrx_word' id='word_1_330' title='bbox 139 3294 171 3346; x_wconf 80' lang='lat' dir='ltr'>e&#39;a</span> <span class='ocrx_word' id='word_1_331' title='bbox 188 3295 287 3363; x_wconf 81' lang='lat' dir='ltr'>quidue</span> <span class='ocrx_word' id='word_1_332' title='bbox 306 3294 511 3363; x_wconf 75' lang='lat' dir='ltr'>aegritudines]</span> <span class='ocrx_word' id='word_1_333' title='bbox 548 3293 635 3347; x_wconf 86' lang='lat' dir='ltr'>Rehd.</span> <span class='ocrx_word' id='word_1_334' title='bbox 661 3293 773 3345; x_wconf 77' lang='lat' dir='ltr'>omittit</span> <span class='ocrx_word' id='word_1_335' title='bbox 797 3292 904 3362; x_wconf 83' lang='lat' dir='ltr'>quidue.</span> <span class='ocrx_word' id='word_1_336' title='bbox 942 3293 1003 3345; x_wconf 83' lang='lat' dir='ltr'>Hoc</span> <span class='ocrx_word' id='word_1_337' title='bbox 1029 3302 1125 3344; x_wconf 90' lang='lat' dir='ltr'>autem</span> <span class='ocrx_word' id='word_1_338' title='bbox 1151 3291 1216 3346; x_wconf 86' lang='lat' dir='ltr'>loco</span> 
     </span>
     <span class='ocr_line' id='line_1_38' title="bbox 65 3362 1216 3447; baseline -0.001 -30"><span class='ocrx_word' id='word_1_339' title='bbox 65 3365 242 3417; x_wconf 89' lang='lat' dir='ltr'>monendum</span> <span class='ocrx_word' id='word_1_340' title='bbox 251 3368 376 3429; x_wconf 86' lang='lat' dir='ltr'>videtur,</span> <span class='ocrx_word' id='word_1_341' title='bbox 395 3384 431 3418; x_wconf 90' lang='lat' dir='ltr'>ne</span> <span class='ocrx_word' id='word_1_342' title='bbox 450 3366 514 3433; x_wconf 86' lang='lat' dir='ltr'>quis</span> <span class='ocrx_word' id='word_1_343' title='bbox 533 3382 568 3416; x_wconf 85' lang='lat' dir='ltr'>ex</span> <span class='ocrx_word' id='word_1_344' title='bbox 587 3381 619 3416; x_wconf 87' lang='lat' dir='ltr'>ea</span> <span class='ocrx_word' id='word_1_345' title='bbox 636 3365 747 3447; x_wconf 72' lang='lat' dir='ltr'>regula,</span> <span class='ocrx_word' id='word_1_346' title='bbox 767 3363 943 3433; x_wconf 85' lang='lat' dir='ltr'>quaCicero,</span> <span class='ocrx_word' id='word_1_347' title='bbox 963 3380 1027 3416; x_wconf 89' lang='lat' dir='ltr'>cum</span> <span class='ocrx_word' id='word_1_348' title='bbox 1046 3364 1103 3415; x_wconf 89' lang='lat' dir='ltr'>tria</span> <span class='ocrx_word' id='word_1_349' title='bbox 1118 3362 1216 3430; x_wconf 82' lang='lat' dir='ltr'>verba,</span> 
     </span>
     <span class='ocr_line' id='line_1_39' title="bbox 65 3431 1215 3504; baseline 0.001 -17"><span class='ocrx_word' id='word_1_350' title='bbox 65 3436 250 3500; x_wconf 77' lang='lat' dir='ltr'>substantiva,</span> <span class='ocrx_word' id='word_1_351' title='bbox 275 3438 425 3501; x_wconf 84' lang='lat' dir='ltr'>adiectiva,</span> <span class='ocrx_word' id='word_1_352' title='bbox 444 3434 582 3488; x_wconf 86' lang='lat' dir='ltr'>adverbia</span> <span class='ocrx_word' id='word_1_353' title='bbox 607 3443 699 3504; x_wconf 78' lang='lat' dir='ltr'>pontt,</span> <span class='ocrx_word' id='word_1_354' title='bbox 728 3431 869 3498; x_wconf 75' lang='grc' dir='ltr'>ἀσυνδέτφ</span> <span class='ocrx_word' id='word_1_355' title='bbox 894 3435 939 3487; x_wconf 90' lang='lat' dir='ltr'>uti</span> <span class='ocrx_word' id='word_1_356' title='bbox 962 3434 1043 3497; x_wconf 89' lang='lat' dir='ltr'>solet,</span> <span class='ocrx_word' id='word_1_357' title='bbox 1067 3433 1123 3486; x_wconf 86' lang='lat' dir='ltr'>hoc</span> <span class='ocrx_word' id='word_1_358' title='bbox 1150 3435 1215 3488; x_wconf 87' lang='lat' dir='ltr'>loco</span> 
     </span>
     <span class='ocr_line' id='line_1_40' title="bbox 66 3503 1320 3583; baseline -0.003 -24"><span class='ocrx_word' id='word_1_359' title='bbox 66 3508 196 3583; x_wconf 80' lang='lat' dir='ltr'>expungi</span> <span class='ocrx_word' id='word_1_360' title='bbox 213 3508 285 3560; x_wconf 83' lang='lat' dir='ltr'>velit</span> <span class='ocrx_word' id='word_1_361' title='bbox 303 3524 364 3576; x_wconf 81' lang='lat' dir='ltr'>que,</span> <span class='ocrx_word' id='word_1_362' title='bbox 384 3506 635 3574; x_wconf 87' lang='lat' dir='ltr'>scribendumque:</span> <span class='ocrx_word' id='word_1_363' title='bbox 663 3503 867 3572; x_wconf 75' lang='lat' dir='ltr'>aegritudines,</span> <span class='ocrx_word' id='word_1_364' title='bbox 892 3506 963 3571; x_wconf 83' lang='lat' dir='ltr'>irae,</span> <span class='ocrx_word' id='word_1_365' title='bbox 988 3505 1136 3560; x_wconf 71' lang='lat' dir='ltr'>libidines:</span> <span class='ocrx_word' id='word_1_366' title='bbox 1163 3504 1215 3559; x_wconf 85' lang='lat' dir='ltr'>hie</span> <span class='ocrx_word' id='word_1_367' title='bbox 1315 3545 1320 3555; x_wconf 94' lang='lat'>.</span> 
     </span>
     <span class='ocr_line' id='line_1_41' title="bbox 65 3575 1216 3661; baseline 0 -31"><span class='ocrx_word' id='word_1_368' title='bbox 65 3576 162 3652; x_wconf 76' lang='lat' dir='ltr'>igitur</span> <span class='ocrx_word' id='word_1_369' title='bbox 178 3579 413 3661; x_wconf 86' lang='lat' dir='ltr'>praecipiendum</span> <span class='ocrx_word' id='word_1_370' title='bbox 431 3577 557 3641; x_wconf 84' lang='lat' dir='ltr'>videtur,</span> <span class='ocrx_word' id='word_1_371' title='bbox 583 3575 679 3627; x_wconf 84' lang='lat' dir='ltr'>videri</span> <span class='ocrx_word' id='word_1_372' title='bbox 697 3583 818 3641; x_wconf 87' lang='lat' dir='ltr'>tantum,</span> <span class='ocrx_word' id='word_1_373' title='bbox 846 3592 903 3630; x_wconf 89' lang='lat' dir='ltr'>non</span> <span class='ocrx_word' id='word_1_374' title='bbox 927 3594 995 3643; x_wconf 84' lang='lat' dir='ltr'>esse,</span> <span class='ocrx_word' id='word_1_375' title='bbox 1024 3577 1216 3630; x_wconf 84' lang='lat' dir='ltr'>enumeratio-</span> 
     </span>
     <span class='ocr_line' id='line_1_42' title="bbox 66 3647 1217 3720; baseline 0.002 -21"><span class='ocrx_word' id='word_1_376' title='bbox 66 3665 134 3700; x_wconf 88' lang='lat' dir='ltr'>nem</span> <span class='ocrx_word' id='word_1_377' title='bbox 152 3658 251 3700; x_wconf 82' lang='lat' dir='ltr'>trrum.</span> <span class='ocrx_word' id='word_1_378' title='bbox 289 3648 493 3716; x_wconf 78' lang='lat' dir='ltr'>Aegritudiaee</span> <span class='ocrx_word' id='word_1_379' title='bbox 512 3647 589 3699; x_wconf 89' lang='lat' dir='ltr'>enim</span> <span class='ocrx_word' id='word_1_380' title='bbox 607 3654 674 3697; x_wconf 90' lang='lat' dir='ltr'>sunt</span> <span class='ocrx_word' id='word_1_381' title='bbox 691 3663 791 3720; x_wconf 83' lang='lat' dir='ltr'>genus,</span> <span class='ocrx_word' id='word_1_382' title='bbox 818 3647 898 3698; x_wconf 86' lang='lat' dir='ltr'>cuius</span> <span class='ocrx_word' id='word_1_383' title='bbox 925 3648 1136 3718; x_wconf 86' lang='lat' dir='ltr'>subsequuntur</span> <span class='ocrx_word' id='word_1_384' title='bbox 1152 3664 1217 3719; x_wconf 85' lang='lat' dir='ltr'>spe·</span> 
     </span>
     <span class='ocr_line' id='line_1_43' title="bbox 67 3715 1216 3796; baseline 0.002 -26"><span class='ocrx_word' id='word_1_385' title='bbox 67 3719 135 3781; x_wconf 83' lang='lat' dir='ltr'>cies,</span> <span class='ocrx_word' id='word_1_386' title='bbox 154 3719 217 3772; x_wconf 79' lang='lat' dir='ltr'>irae</span> <span class='ocrx_word' id='word_1_387' title='bbox 236 3729 264 3772; x_wconf 87' lang='lat' dir='ltr'>et</span> <span class='ocrx_word' id='word_1_388' title='bbox 283 3719 426 3773; x_wconf 80' lang='lat' dir='ltr'>libidines.</span> <span class='ocrx_word' id='word_1_389' title='bbox 465 3717 609 3786; x_wconf 83' lang='lat' dir='ltr'>Loquitur</span> <span class='ocrx_word' id='word_1_390' title='bbox 627 3715 730 3796; x_wconf 70' lang='lat' dir='ltr'>igitur,</span> <span class='ocrx_word' id='word_1_391' title='bbox 749 3717 829 3786; x_wconf 87' lang='lat' dir='ltr'>quasi</span> <span class='ocrx_word' id='word_1_392' title='bbox 846 3715 934 3770; x_wconf 90' lang='lat' dir='ltr'>dicat:</span> <span class='ocrx_word' id='word_1_393' title='bbox 955 3718 987 3772; x_wconf 81' lang='lat' dir='ltr'>t&#39;n</span> <span class='ocrx_word' id='word_1_394' title='bbox 1005 3718 1103 3789; x_wconf 79' lang='lat' dir='ltr'>quibua</span> <span class='ocrx_word' id='word_1_395' title='bbox 1116 3717 1216 3788; x_wconf 78' lang='lat' dir='ltr'>aegri·</span> 
     </span>
     <span class='ocr_line' id='line_1_44' title="bbox 67 3786 1217 3872; baseline 0.001 -31"><span class='ocrx_word' id='word_1_396' title='bbox 67 3790 181 3843; x_wconf 81' lang='lat' dir='ltr'>tadinee</span> <span class='ocrx_word' id='word_1_397' title='bbox 200 3798 355 3856; x_wconf 81' lang='lat' dir='ltr'>versentur,</span> <span class='ocrx_word' id='word_1_398' title='bbox 382 3790 445 3841; x_wconf 86' lang='lat' dir='ltr'>s&#39;ras</span> <span class='ocrx_word' id='word_1_399' title='bbox 467 3789 531 3842; x_wconf 84' lang='lat' dir='ltr'>dico</span> <span class='ocrx_word' id='word_1_400' title='bbox 555 3794 582 3840; x_wconf 91' lang='lat' dir='ltr'>et</span> <span class='ocrx_word' id='word_1_401' title='bbox 604 3786 746 3841; x_wconf 68' lang='lat' dir='ltr'>libidines.</span> <span class='ocrx_word' id='word_1_402' title='bbox 785 3787 880 3840; x_wconf 87' lang='lat' dir='ltr'>Posuit</span> <span class='ocrx_word' id='word_1_403' title='bbox 901 3798 997 3841; x_wconf 89' lang='lat' dir='ltr'>autem</span> <span class='ocrx_word' id='word_1_404' title='bbox 1020 3790 1083 3842; x_wconf 80' lang='lat' dir='ltr'>irae</span> <span class='ocrx_word' id='word_1_405' title='bbox 1105 3789 1217 3872; x_wconf 83' lang='lat' dir='ltr'>plurali</span> 
     </span>
     <span class='ocr_line' id='line_1_45' title="bbox 67 3856 1217 3940; baseline 0.003 -29"><span class='ocrx_word' id='word_1_406' title='bbox 67 3877 199 3926; x_wconf 89' lang='lat' dir='ltr'>numero,</span> <span class='ocrx_word' id='word_1_407' title='bbox 219 3878 276 3914; x_wconf 92' lang='lat' dir='ltr'>non</span> <span class='ocrx_word' id='word_1_408' title='bbox 296 3870 328 3912; x_wconf 92' lang='lat' dir='ltr'>ut</span> <span class='ocrx_word' id='word_1_409' title='bbox 347 3870 445 3931; x_wconf 86' lang='lat' dir='ltr'>poetae</span> <span class='ocrx_word' id='word_1_410' title='bbox 463 3878 490 3910; x_wconf 86' lang='lat' dir='ltr'>v.</span> <span class='ocrx_word' id='word_1_411' title='bbox 511 3877 535 3910; x_wconf 90' lang='lat' dir='ltr'>c.</span> <span class='ocrx_word' id='word_1_412' title='bbox 556 3859 587 3908; x_wconf 90' lang='lat' dir='ltr'>in</span> <span class='ocrx_word' id='word_1_413' title='bbox 606 3857 658 3909; x_wconf 90' lang='lat' dir='ltr'>illo</span> <span class='ocrx_word' id='word_1_414' title='bbox 677 3856 855 3940; x_wconf 73' lang='lat' dir='ltr'>Virgiliano:</span> <span class='ocrx_word' id='word_1_415' title='bbox 882 3865 1011 3913; x_wconf 79' lang='lat' dir='ltr'>tantaene</span> <span class='ocrx_word' id='word_1_416' title='bbox 1029 3860 1133 3913; x_wconf 77' lang='lat' dir='ltr'>animae</span> <span class='ocrx_word' id='word_1_417' title='bbox 1151 3874 1217 3915; x_wconf 80' lang='lat' dir='ltr'>eae·</span> 
     </span>
     <span class='ocr_line' id='line_1_46' title="bbox 67 3927 1217 3994; baseline 0.003 -12"><span class='ocrx_word' id='word_1_418' title='bbox 67 3929 187 3985; x_wconf 77' lang='lat' dir='ltr'>testibus</span> <span class='ocrx_word' id='word_1_419' title='bbox 205 3931 288 3984; x_wconf 78' lang='lat' dir='ltr'>irae?</span> <span class='ocrx_word' id='word_1_420' title='bbox 307 3931 377 3984; x_wconf 83' lang='lat' dir='ltr'>Aen.</span> <span class='ocrx_word' id='word_1_421' title='bbox 398 3933 420 3984; x_wconf 88' lang='lat' dir='ltr'>l.</span> <span class='ocrx_word' id='word_1_422' title='bbox 442 3936 490 3994; x_wconf 88' lang='lat' dir='ltr'>ll;</span> <span class='ocrx_word' id='word_1_423' title='bbox 518 3927 567 3981; x_wconf 88' lang='lat' dir='ltr'>sed</span> <span class='ocrx_word' id='word_1_424' title='bbox 584 3929 620 3981; x_wconf 90' lang='lat' dir='ltr'>ad</span> <span class='ocrx_word' id='word_1_425' title='bbox 637 3927 830 3981; x_wconf 79' lang='lat' dir='ltr'>imitationem</span> <span class='ocrx_word' id='word_1_426' title='bbox 847 3929 953 3982; x_wconf 86' lang='lat' dir='ltr'>Graeci</span> <span class='ocrx_word' id='word_1_427' title='bbox 970 3930 1104 3983; x_wconf 83' lang='lat' dir='ltr'>vocabuli</span> <span class='ocrx_word' id='word_1_428' title='bbox 1122 3931 1217 3985; x_wconf 89' lang='lat' dir='ltr'>Plato-</span> 
     </span>
     <span class='ocr_line' id='line_1_47' title="bbox 66 3999 1213 4074; baseline 0 -20"><span class='ocrx_word' id='word_1_429' title='bbox 66 4003 128 4055; x_wconf 89' lang='lat' dir='ltr'>nici</span> <span class='ocrx_word' id='word_1_430' title='bbox 148 4004 238 4072; x_wconf 75' lang='grc' dir='ltr'>ὀργαί.</span> <span class='ocrx_word' id='word_1_431' title='bbox 277 4002 320 4054; x_wconf 83' lang='lat' dir='ltr'>Ad</span> <span class='ocrx_word' id='word_1_432' title='bbox 338 4021 400 4055; x_wconf 87' lang='lat' dir='ltr'>rem</span> <span class='ocrx_word' id='word_1_433' title='bbox 420 4003 457 4055; x_wconf 83' lang='lat' dir='ltr'>ci.</span> <span class='ocrx_word' id='word_1_434' title='bbox 477 4001 559 4074; x_wconf 78' lang='lat' dir='ltr'>Diog.</span> <span class='ocrx_word' id='word_1_435' title='bbox 579 3999 674 4050; x_wconf 71' lang='lat' dir='ltr'>baert.</span> <span class='ocrx_word' id='word_1_436' title='bbox 694 3999 749 4062; x_wconf 85' lang='lat'>111,</span> <span class='ocrx_word' id='word_1_437' title='bbox 767 4001 812 4064; x_wconf 77' lang='lat'>4⁰,</span> <span class='ocrx_word' id='word_1_438' title='bbox 831 4002 874 4054; x_wconf 87' lang='grc'><strong>67.</strong></span> <span class='ocrx_word' id='word_1_439' title='bbox 894 3999 964 4070; x_wconf 85' lang='lat' dir='ltr'>ibiq.</span> <span class='ocrx_word' id='word_1_440' title='bbox 985 4000 1124 4071; x_wconf 84' lang='lat' dir='ltr'>interprr.</span> <span class='ocrx_word' id='word_1_441' title='bbox 1154 4003 1213 4057; x_wconf 77' lang='grc' dir='ltr'>Μα.</span> 
     </span>
    </p>

    <p class='ocr_par' dir='ltr' id='par_1_8' title="bbox 66 4067 1218 4422">
     <span class='ocr_line' id='line_1_48' title="bbox 137 4067 1215 4140; baseline 0.002 -15"><span class='ocrx_word' id='word_1_442' title='bbox 137 4074 295 4140; x_wconf 72' lang='lat' dir='ltr'>versemur]</span> <span class='ocrx_word' id='word_1_443' title='bbox 333 4072 477 4127; x_wconf 88' lang='lat' dir='ltr'>Scribitur</span> <span class='ocrx_word' id='word_1_444' title='bbox 500 4075 652 4125; x_wconf 82' lang='lat' dir='ltr'>vereantur</span> <span class='ocrx_word' id='word_1_445' title='bbox 675 4069 707 4119; x_wconf 89' lang='lat' dir='ltr'>in</span> <span class='ocrx_word' id='word_1_446' title='bbox 725 4067 809 4122; x_wconf 83' lang='lat' dir='ltr'>Codd.</span> <span class='ocrx_word' id='word_1_447' title='bbox 836 4069 923 4123; x_wconf 84' lang='lat' dir='ltr'>Marb.</span> <span class='ocrx_word' id='word_1_448' title='bbox 944 4070 1027 4125; x_wconf 87' lang='lat' dir='ltr'>Vind.</span> <span class='ocrx_word' id='word_1_449' title='bbox 1049 4075 1073 4126; x_wconf 91' lang='lat' dir='ltr'>l.</span> <span class='ocrx_word' id='word_1_450' title='bbox 1093 4075 1168 4126; x_wconf 86' lang='lat' dir='ltr'>Mon.</span> <span class='ocrx_word' id='word_1_451' title='bbox 1189 4077 1215 4130; x_wconf 85' lang='lat' dir='ltr'>l.</span> 
     </span>
     <span class='ocr_line' id='line_1_49' title="bbox 67 4137 1218 4214; baseline 0.003 -20"><span class='ocrx_word' id='word_1_452' title='bbox 67 4142 197 4214; x_wconf 88' lang='lat' dir='ltr'>quinque</span> <span class='ocrx_word' id='word_1_453' title='bbox 217 4147 287 4199; x_wconf 84' lang='lat' dir='ltr'>Oxx.</span> <span class='ocrx_word' id='word_1_454' title='bbox 308 4153 337 4196; x_wconf 89' lang='lat' dir='ltr'>et</span> <span class='ocrx_word' id='word_1_455' title='bbox 354 4145 407 4197; x_wconf 85' lang='lat' dir='ltr'>Ed.</span> <span class='ocrx_word' id='word_1_456' title='bbox 427 4144 462 4195; x_wconf 88' lang='lat' dir='ltr'>ll.</span> <span class='ocrx_word' id='word_1_457' title='bbox 489 4141 545 4196; x_wconf 89' lang='lat' dir='ltr'>Sed</span> <span class='ocrx_word' id='word_1_458' title='bbox 562 4158 629 4192; x_wconf 89' lang='lat' dir='ltr'>cum</span> <span class='ocrx_word' id='word_1_459' title='bbox 646 4139 684 4190; x_wconf 88' lang='lat' dir='ltr'>sit</span> <span class='ocrx_word' id='word_1_460' title='bbox 702 4137 888 4193; x_wconf 84' lang='lat' dir='ltr'>hocverbum</span> <span class='ocrx_word' id='word_1_461' title='bbox 901 4160 965 4212; x_wconf 88' lang='lat' dir='ltr'>pars</span> <span class='ocrx_word' id='word_1_462' title='bbox 978 4143 1039 4196; x_wconf 89' lang='lat' dir='ltr'>eius</span> <span class='ocrx_word' id='word_1_463' title='bbox 1058 4144 1111 4209; x_wconf 89' lang='lat' dir='ltr'>rei,</span> <span class='ocrx_word' id='word_1_464' title='bbox 1131 4156 1218 4214; x_wconf 84' lang='lat' dir='ltr'>qnam</span> 
     </span>
     <span class='ocr_line' id='line_1_50' title="bbox 67 4209 1217 4288; baseline 0 -20"><span class='ocrx_word' id='word_1_465' title='bbox 67 4214 202 4288; x_wconf 71' lang='lat' dir='ltr'>ignorare</span> <span class='ocrx_word' id='word_1_466' title='bbox 222 4216 360 4267; x_wconf 91' lang='lat' dir='ltr'>dicuntur</span> <span class='ocrx_word' id='word_1_467' title='bbox 377 4215 409 4280; x_wconf 89' lang='lat' dir='ltr'>ii,</span> <span class='ocrx_word' id='word_1_468' title='bbox 435 4230 504 4285; x_wconf 90' lang='lat' dir='ltr'>quos</span> <span class='ocrx_word' id='word_1_469' title='bbox 529 4212 623 4281; x_wconf 85' lang='lat' dir='ltr'>carpit</span> <span class='ocrx_word' id='word_1_470' title='bbox 641 4211 761 4273; x_wconf 84' lang='lat' dir='ltr'>Marcus,</span> <span class='ocrx_word' id='word_1_471' title='bbox 785 4209 883 4264; x_wconf 85' lang='lat' dir='ltr'>eodem</span> <span class='ocrx_word' id='word_1_472' title='bbox 909 4213 992 4266; x_wconf 76' lang='lat' dir='ltr'>inodo</span> <span class='ocrx_word' id='word_1_473' title='bbox 1010 4213 1217 4268; x_wconf 81' lang='lat' dir='ltr'>Coniunctivua</span> 
     </span>
     <span class='ocr_line' id='line_1_51' title="bbox 67 4279 1218 4406; baseline -0.001 -69"><span class='ocrx_word' id='word_1_474' title='bbox 67 4295 149 4339; x_wconf 89' lang='lat' dir='ltr'>recte</span> <span class='ocrx_word' id='word_1_475' title='bbox 173 4286 300 4356; x_wconf 90' lang='lat' dir='ltr'>ponitur,</span> <span class='ocrx_word' id='word_1_476' title='bbox 368 4303 384 4339; x_wconf 94' lang='lat' dir='ltr'>o</span> <span class='ocrx_word' id='word_1_477' title='bbox 407 4285 506 4356; x_wconf 83' lang='lat' dir='ltr'>paullo</span> <span class='ocrx_word' id='word_1_478' title='bbox 530 4281 660 4406; x_wconf 69' lang='lat' dir='ltr'>supprius</span> <span class='ocrx_word' id='word_1_479' title='bbox 684 4286 775 4334; x_wconf 78' lang='lat' dir='ltr'>vacet:</span> <span class='ocrx_word' id='word_1_480' title='bbox 800 4279 848 4334; x_wconf 89' lang='lat' dir='ltr'>ubi</span> <span class='ocrx_word' id='word_1_481' title='bbox 873 4280 945 4336; x_wconf 82' lang='lat' dir='ltr'>item</span> <span class='ocrx_word' id='word_1_482' title='bbox 963 4283 1018 4338; x_wconf 89' lang='lat' dir='ltr'>duo</span> <span class='ocrx_word' id='word_1_483' title='bbox 1035 4283 1111 4337; x_wconf 89' lang='lat' dir='ltr'>libro</span> <span class='ocrx_word' id='word_1_484' title='bbox 1138 4283 1218 4348; x_wconf 83' lang='lat' dir='ltr'>(oon-</span> 
     </span>
     <span class='ocr_line' id='line_1_52' title="bbox 66 4357 929 4422; baseline -0.006 -12"><span class='ocrx_word' id='word_1_485' title='bbox 66 4364 179 4411; x_wconf 80' lang='lat' dir='ltr'>stanter</span> <span class='ocrx_word' id='word_1_486' title='bbox 197 4357 286 4422; x_wconf 89' lang='lat' dir='ltr'>certe)</span> <span class='ocrx_word' id='word_1_487' title='bbox 305 4357 343 4410; x_wconf 88' lang='lat' dir='ltr'>ha</span> <span class='ocrx_word' id='word_1_488' title='bbox 363 4366 412 4410; x_wconf 89' lang='lat' dir='ltr'>ent</span> <span class='ocrx_word' id='word_1_489' title='bbox 429 4361 518 4409; x_wconf 83' lang='lat' dir='ltr'>vacat.</span> <span class='ocrx_word' id='word_1_490' title='bbox 592 4370 617 4404; x_wconf 86' lang='lat' dir='ltr'>r.</span> <span class='ocrx_word' id='word_1_491' title='bbox 683 4395 699 4403; x_wconf 93' lang='lat'>..</span> <span class='ocrx_word' id='word_1_492' title='bbox 928 4384 929 4388; x_wconf 63' lang='lat'><em>=</em></span> 
     </span>
    </p>

    <p class='ocr_par' dir='ltr' id='par_1_9' title="bbox 34 4420 1214 4510">
     <span class='ocr_line' id='line_1_53' title="bbox 34 4420 1214 4510; baseline -0.002 -28"><span class='ocrx_word' id='word_1_493' title='bbox 34 4426 42 4438; x_wconf 86' lang='lat'><em>&#39;</em></span> <span class='ocrx_word' id='word_1_494' title='bbox 144 4435 244 4483; x_wconf 85' lang='lat' dir='ltr'>contra</span> <span class='ocrx_word' id='word_1_495' title='bbox 268 4444 347 4499; x_wconf 78' lang='lat' dir='ltr'>quem</span> <span class='ocrx_word' id='word_1_496' title='bbox 373 4427 441 4484; x_wconf 82' lang='lat' dir='ltr'>baec</span> <span class='ocrx_word' id='word_1_497' title='bbox 464 4421 645 4490; x_wconf 78' lang='lat' dir='ltr'>dieantur]</span> <span class='ocrx_word' id='word_1_498' title='bbox 686 4420 812 4510; x_wconf 71' lang='lat' dir='ltr'>qulgo</span> <span class='ocrx_word' id='word_1_499' title='bbox 836 4423 940 4480; x_wconf 83' lang='lat' dir='ltr'>vitiose</span> <span class='ocrx_word' id='word_1_500' title='bbox 966 4423 1124 4481; x_wconf 77' lang='lat' dir='ltr'>dieantur.“</span> <span class='ocrx_word' id='word_1_501' title='bbox 1145 4424 1214 4480; x_wconf 79' lang='lat' dir='ltr'>Ere.</span> 
     </span>
    </p>
   </div>
   <div class='ocr_carea' id='block_1_5' title="bbox 698 1929 1215 2002">
    <p class='ocr_par' dir='ltr' id='par_1_10' title="bbox 698 1929 1215 2002">
     <span class='ocr_line' id='line_1_54' title="bbox 698 1929 1215 2002; baseline 0 -18"><span class='ocrx_word' id='word_1_502' title='bbox 698 1929 761 1986; x_wconf 85' lang='lat' dir='ltr'>abet</span> <span class='ocrx_word' id='word_1_503' title='bbox 787 1946 857 2002; x_wconf 70' lang='lat' dir='ltr'>ergo</span> <span class='ocrx_word' id='word_1_504' title='bbox 874 1936 909 1985; x_wconf 92' lang='lat' dir='ltr'>et</span> <span class='ocrx_word' id='word_1_505' title='bbox 927 1937 1047 1984; x_wconf 68' lang='lat' dir='ltr'>salerne</span> <span class='ocrx_word' id='word_1_506' title='bbox 1071 1947 1139 1983; x_wconf 90' lang='lat' dir='ltr'>cum</span> <span class='ocrx_word' id='word_1_507' title='bbox 1156 1945 1215 1984; x_wconf 87' lang='lat' dir='ltr'>uno</span> 
     </span>
    </p>
   </div>
   <div class='ocr_carea' id='block_1_6' title="bbox 0 0 1424 5070">
    <p class='ocr_par' dir='ltr' id='par_1_11' title="bbox 0 0 1424 5070">
     <span class='ocr_line' id='line_1_55' title="bbox 0 0 1424 5070; baseline 0 0"><span class='ocrx_word' id='word_1_508' title='bbox 0 0 1424 5070; x_wconf 95' lang='lat' dir='ltr'> </span> 
     </span>
    </p>
   </div>
  </div>
 </body>
</html>
