2828 5070
122 301 185 366 tta
332 297 566 366 CICERONIS
586 296 833 366 tuscum.
859 288 1106 360 DISPUTA'I'.

286 464 438 534 Paciait:
458 467 537 530 baec
556 457 751 550 biccirporem
772 461 900 550 afflixit
919 476 1085 524 namne·

284 551 527 638 Erymdatbiam
549 551 628 613 baec
647 551 824 635 castificata
845 549 963 613 abiecit
987 539 1142 607 belnam.-

286 635 418 698 Haece
442 633 600 698 Tartarea
622 625 785 698 renotari
805 624 1000 699 abstractam
1022 623 1140 704 {¹1⁰3ss

288 717 474 799 Tricipitem
495 720 608 781 ederit
628 712 696 804 113!
698 719 758 780 dra
777 715 960 801 generatim
982 725 1117 778 canem:

122 869 196 933 cut.
218 874 240 925 l.
260 873 286 927 2
306 870 369 925 001.
398 871 597 943 [probentibaa
621 871 653 924 Α.
673 868 809 927 Tarnabo
836 874 867 926 in
894 874 985 926 Adrr.
1007 875 1049 927 11.
1081 877 1111 928 0.
1140 891 1176 945 p.
1198 875 1245 930 46.
1269 880 1293 927 at

122 940 170 993 rr.
196 941 341 1007 Fabricio]
373 940 460 996 Marb.
490 941 561 997 Edd.
590 941 618 996 S.
643 942 677 995 E.
704 944 766 997 mc.
793 945 825 992 V.
851 944 932 998 Boul.
953 945 1020 998 Gar.
1050 943 1163 1016 Steph-
1186 944 1290 999 stum

120 1012 238 1065 Lambb.
259 1011 347 1066 Goth.
368 1013 456 1068 Gebb
477 1015 560 1067 Verb.
580 1013 651 1066 Era.
671 1013 761 1067 Nobb.
781 1013 853 1067 Tbn.
890 1016 924 1067 ln
944 1016 1012 1069 cot.
1038 1016 1138 1071 Rebd.
1172 1027 1222 1071 est
1239 1031 1291 1068 ma·

120 1089 196 1136 ctata
205 1090 316 1138 extenta
331 1084 434 1150 iareim
449 1086 480 1138 in
492 1086 566 1141 Gud.
584 1087 638 1137 tra'
653 1089 725 1139 etra*
736 1093 881 1138 macerata
893 1093 1021 1151 (κείνας
1038 1087 1119 1163 Aug.
1135 1093 1290 1140 mactatam

120 1155 221 1223 ydram
239 1156 362 1224 excepit.
391 1174 465 1210 anas
485 1157 537 1210 Ox.
556 1157 588 1209 ἐκ
607 1162 737 1220 mactata,
763 1155 838 1210 alius
857 1164 1021 1222 mactatam
1048 1159 1132 1212 alius
1159 1160 1306 1223 excedra·

121 1225 197 1278 aliar
217 1235 339 1293 excerta,
358 1228 433 1281 atius
453 1229 596 1284 excedera.
624 1229 699 1281 aliae
718 1235 853 1284 exertam.
891 1229 1048 1283 hambinns
1074 1231 1201 1300 primus
1230 1247 1289 1284 car·

120 1298 199 1350 rexit
217 1297 323 1364 locum,
343 1308 376 1351 ut
396 1317 460 1352 eam
480 1316 531 1353 nos
551 1297 730 1364 exhibemus,
750 1301 809 1363 sed,
829 1308 862 1352 at
881 1300 912 1352 in
930 1300 1070 1371 plurimis
1092 1303 1185 1369 tecit,
1212 1299 1287 1354 nulla

120 1368 217 1420 addita
236 1371 300 1423 aire
318 1369 460 1422 librorum
479 1372 752 1435 auctoritates-eive
776 1371 897 1427 ratione.
936 1369 1057 1424 Secutus
1084 1383 1133 1424 est
1159 1390 1231 1426 eum
1257 1370 1287 1424 G.

120 1439 147 1490 J.
168 1441 284 1494 veseina
302 1441 334 1492 in
353 1439 468 1516 Fragm.
489 1440 596 1518 Tragg.
617 1440 730 1497 Romm.
751 1440 771 1492 l.
791 1460 816 1496 c.
877 1459 1011 1512 amquam
1034 1451 1148 1496 neuter
1166 1443 1286 1497 verbam

119 1509 245 1593 placarit
272 1513 410 1564 correxit.
438 1513 587 1566 Bentleiae
613 1509 718 1566 deinde
737 1514 768 1565 in
788 1531 839 1566 ean
862 1530 918 1577 em,
948 1513 979 1565 in
1006 1530 1097 1583 qaam
1119 1515 1286 1575 Lambinus,

120 1582 466 1731 :titttazimegsssgii
493 1583 989 1724 ittii1332⁰m¹20523355⁰3:12
1013 1591 1112 1708 32:113
1112 1583 1286 1727 '23:833

117 1722 246 1789 placaret
270 1741 301 1777 re
325 1727 429 1790 ‘cnem,
461 1744 520 1780 nan
544 1729 647 1780 iratam
671 1743 764 1796 nequa
789 1727 952 1779 infensam?
989 1724 1039 1778 sed
1061 1729 1204 1793 pacanda
1229 1735 1286 1780 erat

121 1796 215 1869 regio,
234 1793 327 1866 hydra
352 1797 405 1851 illa
429 1798 535 1851 infesta
559 1806 587 1850 ct
610 1795 732 1850 turbata.
777 1797 913 1849 Probavit
937 1794 996 1860 (vel
1023 1799 1127 1866 potius
1159 1799 1286 1852 correxit

121 1864 196 1935 ipse)
223 1867 301 1921 tetrd
319 1867 470 1922 Turnebus
489 1869 508 1919 i.
529 1885 554 1925 c.
580 1884 665 1939 qnam
709 1885 754 1920 am
774 1868 980 1920 Accusativum
1006 1867 1082 1920 ferri
1111 1885 1204 1938 posse
1223 1884 1286 1921 can·

121 1941 216 1991 cessit.
253 1938 388 1993 Probavit
413 1949 576 2008 utramque,
606 1940 677 1992 Bent
692 1941 731 1992 eii
751 1947 779 1992 et
805 1937 927 2003 Davisii,
955 1937 1197 1992 emendationem
1217 1940 1286 1991 Roa-

120 2005 243 2069 hierius,
267 2012 397 2080 priorem
423 2010 575 2074 Erneetus,
601 2010 804 2063 ballemannua
824 2008 924 2072 δώῃ
952 2007 1118 2078 atramque'
1139 2010 1284 2067 rtwott

121 2077 168 2130 0r.
189 2079 356 2141 Kiihneras,
374 2079 550 2133 Wakefield.
572 2078 652 2133 Koel.
683 2079 725 2134 De
744 2089 842 2149 etymo
860 2079 990 2135 Walfius
1009 2077 1190 2136 Servianam
1209 2081 1285 2135 vacis

121 2157 236 2202 excetra
261 2151 486 2221 explicationem
512 2150 558 2215 (ad
583 2152 652 2204 Aen.
679 2153 706 2216 6,
732 2153 800 2206 28⁷:
826 2168 887 2205 esse
915 2168 976 2204 eam
995 2151 1038 2203 sic
1062 2150 1189 2218 dictam,
1214 2151 1286 2223 quad

120 2237 178 2274 nno
198 2237 280 2275 caesa
297 2222 355 2275 trie
375 2223 469 2293 capita
488 2221 703 2287 excrescebant)
727 2220 829 2275 falsam
855 2230 884 2276 et
901 2221 986 2292 plane
1004 2219 1095 2275 nabili
1122 2240 1190 2279 eene
1210 2229 1286 2278 recte

121 2294 280 2357 contendit,
311 2292 449 2364 additque
475 2294 576 2349 videre
604 2294 658 2347 sibi
682 2298 823 2347 excetram
847 2295 889 2346 ita
916 2301 1087 2364 corruptum
1114 2311 1155 2348 ex
1175 2296 1285 2349 Graeca

121 2365 227 2434 ἔχιδνα,
252 2373 286 2418 at
310 2366 472 2419 catamitum
491 2385 526 2421 ex
545 2365 711 2436 Ganymede.
748 2367 802 2417 Pro
822 2365 949 2417 tectione
964 2367 1081 2432 pacavit
1099 2368 1224 2420 confert
1247 2365 1287 2418 la-

122 2440 271 2492 cutionem
289 2455 367 2491 mare
381 2453 486 2506 pacare
505 2441 523 2491 i.
545 2456 569 2495 e.
589 2455 605 2489 a
623 2437 727 2509 piratis
744 2454 803 2507 pur
824 2453 882 2489 are.
910 2436 958 2489 Or.
976 2452 1046 2489 vera
1066 2436 1170 2489 laudat
1185 2436 1284 2491 Senec.

120 2507 205 2562 Herc.
226 2512 285 2562 tur.
305 2513 374 2565 tta:
405 2517 568 2576 pacatam
590 2525 672 2562 mana
692 2454 852 2576 [Hercafis]
878 2507 1055 2578 qaodcunque
1082 2507 1172 2561 Titan
1192 2537 1225 2547 -
1246 2507 1287 2560 ai-

122 2579 176 2632 det.
203 2580 271 2632 Add.
293 2580 393 2632 Horat.
413 2580 462 2634 Od.
483 2581 529 2633 lv.
551 2584 576 2636 5.
599 2586 638 2637 19.
678 2582 738 2634 Mr.

193 2649 260 2703 baec
277 2651 452 2718 bicorporem
472 2651 579 2718 afflixit
597 2651 718 2717 manum]
755 2651 952 2714 „Centauros,
973 2649 1024 2722 qni
1041 2650 1217 2722 bicorpores
1243 2649 1288 2702 bi·

121 2724 289 2791 formesque
311 2724 442 2787 fuerunt,
471 2743 521 2775 rua
545 2741 576 2776 se
594 2724 702 2776 ,dextra
726 2732 864 2776 inactasee
898 2722 1077 2800 significat.“
1109 2722 1286 2775 Beroaldac.

123 2794 158 2846 ln
178 2793 246 2845 Cod.
267 2792 352 2844 Vind.
375 2799 398 2845 1.
420 2800 465 2846 est
483 2795 656 2860 bicorporem
676 2793 911 2846 Ceatbauram
930 2794 1037 2860 afflixit
1055 2810 1188 2847 manue.
1228 2793 1288 2845 Ha·

121 2864 170 2918 bet
188 2880 287 2916 manae
307 2866 394 2917 etiam
415 2861 475 2918 cad
491 2865 565 2989 Αιιῆ).
586 2874 615 2919 et
633 2883 723 2941 marg.
736 2866 800 2918 Asc.
812 2868 837 2921 2
853 2865 962 2920 Moab.
982 2864 1055 2917 Eam
1074 2881 1176 2917 vocem
1195 2865 1288 2934 plane

123 2937 235 2988 omittit
260 2936 334 2988 Mon.
355 2940 377 2990 1.
414 2936 448 2988 ln
473 2936 543 2989 Dnie
598 2944 641 2989 eet
661 2954 745 2988 -ae
764 2945 793 2989 et
813 2954 900 3005 supra
927 2936 982 2988 lin.
1001 2954 1055 2988 am.
1093 2933 1285 3009 PergitCod.

123 3008 210 3060 Merb.
231 3004 456 3060 berimaacbiam.
494 3008 625 3090 Atticen
643 3007 709 3060 Bill.
732 3007 858 3076 explicat
876 3008 1015 3074 affligere.
1041 3007 1121 3061 Certe
1138 3003 1283 3055 adiectam

123 3079 247 3132 animam
264 3081 357 3150 poesis
377 3080 525 3150 explicare
545 3095 668 3132 animam
685 3080 829 3143 afflictam.
868 3077 923 3131 Sed
942 3082 1053 3132 rectius
1069 3073 1192 3147 explicat
1204 3073 1286 3126 For·

122 3150 219 3204 cellia.
237 3159 427 3220 prosternere,
448 3158 480 3203 ut
500 3169 582 3221 saepe
602 3159 645 3202 est
664 3149 737 3221 apud
758 3150 817 3203 cic.
838 3165 868 3200 ee
887 3148 1010 3203 adiicere
1055 3165 1088 3202 ro
1107 3162 1136 3200 ee
1152 3152 1289 3215 praeter-

123 3241 189 3277 aere
207 3242 233 3276 v.
255 3240 278 3276 c.
300 3224 348 3277 Or.
369 3225 391 3276 1.
413 3230 444 3287 73
465 3230 494 3275 et
512 3223 546 3276 de
565 3223 653 3296 Legg.
674 3223 742 3278 1.9.
764 3221 882 3289 scripsit
899 3219 1019 3275 Cicero:
1067 3225 1151 3272 atara
1170 3226 1288 3271 ceterae

123 3294 284 3348 animantes
303 3295 405 3347 abiecit
423 3294 461 3347 ad
477 3300 599 3360 pastam,
619 3294 708 3345 talam
725 3291 861 3345 bominem
880 3292 980 3345 erexit.
1019 3293 1080 3345 Mr.

195 3368 273 3420 Haec
296 3383 311 3419 e
339 3362 478 3417 Tartarea
504 3365 645 3416 tenebrica
673 3364 844 3418 abetraetam
873 3363 971 3432 plaga]
1013 3363 1126 3416 Habent
1152 3378 1167 3416 e
1193 3361 1286 3416 Codd.

123 3439 179 3493 MS,
202 3439 232 3490 in
251 3454 341 3508 marg.
363 3435 426 3488 Asc.
448 3439 473 3491 2.
494 3435 560 3510 Heg.
581 3435 665 3487 Bern.
686 3433 785 3489 Duisb.
805 3433 880 3489 Gud.
903 3440 927 3489 Ι.
947 3438 972 3489 2
994 3437 1067 3486 Mon.
1091 3439 1114 3489 1.
1134 3451 1213 3486 unus
1234 3434 1287 3487 0¹.

123 3510 195 3562 Edd.
224 3506 251 3560 S.
276 3507 310 3558 E.
331 3507 363 3556 V.
385 3505 453 3558 Rob.
480 3504 579 3576 Steph.
605 3505 725 3557 HWolf.
751 3507 836 3562 Leod.
861 3504 932 3561 Dav.
959 3504 1100 3561 FAWolt.
1129 3504 1215 3558 Koel.
1238 3506 1286 3563 Or,

124 3579 195 3633 Tbn.
233 3578 269 3629 Et
294 3576 400 3628 habent
425 3575 514 3629 Godd.
540 3575 630 3632 Rehd.
657 3577 731 3631 Gud.
756 3576 828 3629 Edd.
850 3577 877 3630 P.
905 3585 1028 3646 quatuor
1053 3572 1173 3630 Reisk'k,
1196 3576 1231 3629 A.
1253 3575 1285 3629 Β.

122 3651 193 3702 Ven.
215 3655 306 3700 nostr.
326 3643 390 3702 Aac.
414 3651 436 3700 l.
457 3651 482 3703 2.
504 3647 602 3714 Junt.;
628 3649 769 3701 omittant
791 3647 910 3700 eCodd.
939 3649 1012 3725 Aug.
1034 3647 1120 3702 Marb.
1147 3648 1238 3702 vind
1263 3654 1286 3705 l.

123 3720 179 3773 duo
199 3718 268 3770 Oxx.
296 3716 472 3786 lareiiquis
493 3726 580 3772 esta.
618 3719 769 3772 Adiectiva
789 3720 988 3790 praecedentis
1016 3728 1045 3775 et
1062 3718 1151 3772 huius
1170 3737 1289 3786 versus,

123 3790 273 3854 castificae,
294 3790 457 3850 tenebricae,
486 3798 553 3843 eunt
575 3789 650 3859 apud
670 3788 840 3844 Ciceronem
864 3791 938 3851 ἅπαξ
963 3794 1104 3857 λεγόμενα.
1144 3790 1292 3846 Obserrat

124 3861 304 3917 FAWolfius
323 3863 353 3914 in
374 3859 492 3926 scholia,
514 3861 623 3916 solutae
642 3862 782 3913 orationis
796 3863 952 3932 scriptores
963 3863 1060 3916 dicere
1079 3863 1290 3931 tenebricatur,

123 3942 222 4006 poetas
241 3935 408 3987 tenebrosus.
429 3933 565 3986 Ceterum
585 3951 599 3985 a
623 3931 660 3984 ud
672 3931 820 3985 Catullum
839 3932 925 3986 habes
945 3934 998 3985 111.
1022 3939 1062 3987 lt.
1083 3933 1140 3985 t'ter
1160 3935 1292 3989 tenebri-

124 4021 226 4060 cosum.
264 4004 348 4059 Salus
369 4004 436 4059 Cod.
457 4005 541 4056 Vina.
563 4009 586 4059 1.
601 3951 692 4058 babet
712 4011 878 4057 tartaream.
899 4006 971 4080 Aug.
995 4006 1106 4058 tenebra
1126 4021 1193 4058 cum
1214 4006 1292 4061 dno·

124 4076 175 4130 bue
200 4076 279 4133 Oxx..
311 4095 386 4130 anua
412 4076 547 4131 tenebrea.
586 4078 678 4130 Versu
706 4093 765 4144 seq.
791 4075 897 4128 babent
922 4076 1061 4142 triplicem
1092 4077 1160 4130 Cod.
1192 4077 1290 4135 Rehd.

124 4148 194 4203 Edd
216 4146 242 4200 S.
263 4147 316 4213 R„
333 4167 407 4201 nnus
431 4149 481 4202 Ox.
508 4147 645 4216 tricipem.
682 4147 768 4201 Plana
792 4155 824 4198 ut
848 4147 949 4201 Cicero
970 4148 1127 4202 Cerberum
1155 4150 1293 4201 circum·

124 4220 244 4347 ppripsilt
262 4217 420 4344 Sappoclee
443 4224 595 4288 τρίκρανον
616 4221 743 4273 σκύλακα.
780 4217 855 4273 Ante
875 4220 975 4289 Hydra
996 4221 1100 4273 inserit
1130 4235 1165 4271 ea
1187 4219 1291 4274 Codex

149 4311 179 4345 an
201 4335 207 4347 .
248 4328 255 4344 .
329 4309 353 4344 r.

195 4350 296 4433 Hydra
314 4369 478 4429 generatum
496 4361 600 4427 canem]
620 4361 693 4414 Gud.
707 4364 732 4414 t.
752 4359 851 4430 icbyra
869 4361 1001 4430 genitam.
1023 4358 1200 4426 „Ecbidaam
1219 4382 1292 4419 ver-

125 4433 163 4488 tit
180 4434 308 4507 Hydram
326 4435 438 4499 Cicero,
465 4449 531 4488 cam
550 4432 683 4509 Hyginus
708 4433 815 4487 scribat
841 4431 1004 4504 eYypboae
1031 4442 1060 4487 et
1078 4431 1208 4488 Echidna
1224 4436 1293 4508 Hy-
