2828 5070
6 377 10 381 ,
119 309 184 378 186
318 302 1070 382 clctttoNlewchnlN.D18PUTlT.

119 482 156 536 at
175 473 413 557 quinquaginta
432 472 605 550 Priamum
625 492 645 535 6
666 472 788 553 quibus
797 469 1035 554 septemdecim
1055 471 1145 532 iusta
1166 488 1278 535 uxore

119 659 245 714 Bentleii
263 660 435 713 sententiam
452 660 578 713 accessit.
614 657 746 728 Denique
769 659 881 712 Nissen.
905 658 940 711 ad
965 658 1052 710 verba
1075 655 1224 712 honoratis
1242 685 1275 697 ·—

119 733 199 799 filiis,
219 731 340 797 „Unde,
357 731 409 795 ait,
427 729 546 783 ablativi
562 730 707 800 pendent?
742 729 784 782 De
807 728 962 782 honoribus
981 729 1108 797 quidem,
1136 747 1208 799 quos
1227 729 1276 782 illi

120 811 305 872 acceperunt,
331 802 448 866 deinde,
480 817 557 852 nunc
580 803 615 853 de
633 817 754 853 numero
773 800 912 853 liliorum.
949 799 1109 853 Honoratie
1128 810 1225 854 autem
1245 801 1276 852 iu

122 874 334 947 quinquaginta
352 872 425 925 tiliis
443 872 551 924 Priami
569 873 663 942 repeti
686 889 744 925 non
761 880 863 940 potest.
901 871 991 937 Quare
1014 890 1054 924 vu
1087 880 1168 924 atum
1191 869 1277 925 116116·

122 949 203 997 rotae
229 961 329 996 sanum
353 951 406 1007 est,
430 942 516 1013 idque
543 943 653 995 dictum
676 959 730 1013 pro
752 941 901 995 ornatus.“
932 943 966 993 Ε.
992 944 1025 993 V.
1081 980 1088 993 .
1113 943 1217 1017 Vogel.
1245 943 1278 997 in

121 1015 232 1067 Prolus.
258 1013 321 1084 Bip.
348 1016 426 1068 1830.
455 1012 545 1076 (Obss.
572 1014 607 1066 ad
633 1013 711 1078 Cic.)
736 1031 764 1083 p.
785 1016 819 1068 16
837 1032 879 1083 sq.
905 1009 1053 1066 honoratis
1077 1014 1149 1065 item
1168 1012 1279 1079 reiicit,

123 1085 193 1155 quia
211 1084 422 1158 quinquaginta
438 1085 546 1137 Priami
564 1084 620 1137 lilii
637 1083 772 1136 honorati
791 1083 851 1135 dici
870 1101 928 1136 non
945 1083 1102 1154 potuerint.
1140 1083 1204 1137 Mr.

193 1172 357 1239 honoratis]
394 1175 438 1225 lta
464 1173 568 1243 scripsi
591 1190 658 1226 cum
683 1172 773 1225 Bouh.
800 1174 872 1225 Ern.
898 1173 1043 1227 PAWolf.
1072 1171 1157 1226 Schs.
1185 1172 1277 1226 Nobb.

123 1246 188 1308 Or.;
207 1262 261 1298 nec
278 1260 348 1298 vero
365 1243 427 1296 sine
444 1243 586 1297 librorum
604 1245 790 1296 auctoritate:
818 1243 859 1295 ita
877 1244 956 1295 enim
974 1243 1040 1295 cod.
1060 1243 1279 1310 antiquissimus

123 1316 197 1370 Gud.
219 1321 254 1383 1.,
273 1315 322 1367 661
339 1315 478 1366 accedunt
497 1315 582 1368 Codd.
601 1313 698 1366 Duisb.
719 1323 748 1366 61
766 1313 840 1366 Gud.
860 1315 886 1368 1.
906 1331 973 1366 cum
995 1312 1048 1365 Ed.
1069 1315 1104 1365 11.
1124 1313 1280 1395 Anonpmo

123 1386 232 1442 Oliveti
266 1385 434 1455 respondeo,
463 1386 614 1439 Metellum
640 1385 728 1437 illum
751 1385 819 1437 satis
844 1402 899 1453 per
924 1402 953 1436 se
979 1383 1152 1437 honoratum
1177 1385 1279 1451 fuisse,

124 1456 238 1509 etiamsi
267 1456 362 1506 nullos
385 1455 529 1508 habuisset
551 1455 640 1507 lilios:
671 1455 815 1519 Nisseuio,
849 1472 907 1507 non
933 1455 991 1517 dici
1018 1455 1109 1508 latine
1141 1453 1280 1507 honorari

122 1526 208 1592 tiliis:
236 1525 285 1577 sed
307 1526 426 1595 proprie
444 1534 545 1578 contra
561 1526 620 1577 dici
645 1523 818 1590 honoratum,
846 1527 896 1594 qui
915 1525 1071 1579 honoribus
1089 1527 1128 1578 sit
1145 1528 1279 1590 functum

123 1596 282 1648 ablativum
308 1603 406 1648 autem
432 1596 473 1648 ita
499 1596 648 1670 intelligo,
672 1605 706 1649 ut
731 1597 808 1648 dicat
826 1599 937 1649 Marcus
954 1597 1106 1649 ltletellum
1125 1614 1185 1650 esse
1203 1613 1281 1649 mon-

123 1674 216 1731 tuum,
235 1682 302 1718 cum
319 1675 443 1734 quatuor
459 1667 537 1720 filios
554 1667 708 1720 honoratos
725 1667 853 1719 vidisset.
889 1665 934 1719 Ad
952 1669 1102 1736 sequentia
1119 1676 1218 1721 autern
1235 1669 1282 1720 in-

124 1737 241 1811 telligo:
267 1742 297 1790 61
316 1736 522 1807 quinquaginta
541 1735 667 1790 habuit
684 1737 794 1802 filios
811 1737 953 1790 Priamus.
988 1739 1051 1791 Mr.

196 1831 233 1879 111
260 1825 465 1897 quinquaginta
490 1825 655 1892 Matuta]
691 1826 773 1879 Unus
799 1826 849 1879 Ox.
884 1827 995 1879 omittit
1023 1833 1062 1893 ot,
1090 1845 1164 1878 unus
1194 1827 1282 1882 habet

124 1903 206 1967 atque
232 1894 305 2018 deig.
331 1912 373 1964 ac,
402 1898 521 1953 (16111.
552 1898 598 1962 od,
627 1901 701 1950 Mon.
721 1900 747 1951 1.
772 1904 831 1962 out,
859 1897 946 1949 Marb.
971 1915 1062 1949 mar.
1090 1898 1148 1951 MS.
1168 1895 1233 1951 Asc.
1253 1903 1280 1954 1.

124 1968 200 2023 Edd.
216 1965 244 2020 S·
293 1974 362 2032 ,εἱς
381 1985 447 2020 cum
466 1967 801 2023 cadamitate.
839 1967 918 2033 Quod
935 1968 1020 2020 habet
1067 1985 1112 2020 on.
1127 1971 1164 2030 1.,
1185 1971 1282 2023 66616-

125 2040 168 2090 cit
185 2037 371 2091 Bouhierius:
388 2038 457 2112 legi
476 2039 554 2090 enim
571 2038 637 2090 vult
655 2044 719 2090 outa
741 2048 775 2090 ut
792 2038 863 2091 haec
881 2040 920 2090 sit
939 2040 1094 2092 sententia:
1126 2041 1194 2104 „fac
1222 2058 1282 2095 esse

124 2108 273 2160 hominem
297 2107 424 2176 aliquem
450 2107 655 2174 beatissimum,
686 2109 774 2160 sicuti
799 2109 932 2161 Metellus
958 2111 1027 2176 fuit,
1059 2110 1120 2180 qui,
1149 2110 1210 2180 ipse
1234 2113 1284 2164 vir

125 2177 310 2242 clarissimus,
336 2177 490 2230 honoratos
518 2179 607 2231 etiam
623 2178 699 2231 vidit
717 2187 841 2249 quatuor
863 2180 938 2231 tilios
965 2189 1119 2250 antequam
1142 2181 1279 2235 decessit:

126 2253 177 2301 aaut
195 2248 333 2313 Priamus,
360 2249 412 2318 qui
438 2249 649 2324 quinquaginta
670 2249 767 2302 beatus
792 2259 855 2302 erat
878 2251 958 2316 tiliis,
990 2268 1114 2320 quorum
1133 2237 1284 2306 decem⁸et

125 2327 236 2390 septem
263 2327 345 2372 erant
371 2319 433 2371 nati
465 2337 501 2372 ex
528 2321 713 2373 matrimonio
739 2320 887 2394 legitimo:
924 2322 1069 2375 Fortunae
1102 2322 1220 2391 quidem
1252 2325 1285 2376 in

126 2399 286 2460 utrumque
301 2391 399 2443 eadem
417 2391 475 2442 tuit
493 2399 630 2460 potestas:
666 2391 715 2444 sed
740 2409 813 2443 unus
837 2399 950 2443 tantum
974 2394 1035 2445 eius
1060 2392 1285 2447 inconstantiam

127 2471 262 2545 expertus
280 2460 354 2514 est.“
388 2462 455 2515 Non
472 2462 556 2514 male.
596 2461 652 2516 Sed
668 2470 764 2534 potest
782 2463 870 2514 etiam
893 2463 1035 2533 explicari
1063 2470 1105 2529 ot,
1133 2473 1162 2516 ct
1179 2465 1286 2518 melius

128 2532 259 2601 qmdem:
290 2539 332 2596 61,
357 2531 489 2603 pluribus
508 2533 595 2584 etiam
613 2533 684 2584 filiis
702 2533 808 2597 beatus,
832 2532 960 2585 Priarnus
977 2535 1072 2588 videri
1090 2544 1206 2605 poterat
1224 2539 1285 2589 son-

127 2602 339 2654 tuuatissimus:
367 2619 540 2673 quamquam
567 2603 599 2654 in
624 2602 680 2656 hoc
706 2603 823 2673 quidem
849 2621 899 2655 usa
922 2612 964 2656 est
989 2606 1118 2659 fortuna
1143 2615 1286 2677 potestate

127 2688 186 2736 sua,
205 2673 236 2723 in
255 2671 347 2724 altero
370 2689 429 2726 666
452 2675 532 2726 11616.
570 2673 698 2740 Quattuor
722 2674 799 2727 lilios
824 2674 959 2727 Metellus
982 2676 1086 2729 habuit
1110 2679 1285 2745 consulares,

128 2758 199 2810 quoa
217 2743 259 2793 ita
276 2752 427 2796 enumerat
454 2744 590 2797 Billerb.:
622 2744 652 2810 Q.
673 2745 806 2797 Metellus
822 2746 987 2798 Balearicus
1011 2747 1084 2812 (Cos.
1104 2765 1128 2799 a.
1148 2767 1177 2801 6.
1197 2751 1284 2816 630),

127 2813 160 2863 la.
179 2812 312 2864 Metellus
334 2812 515 2867 Diadematus
539 2815 624 2882 (666.)
646 2816 837 2868 meletenus
861 2815 945 2882 (638.)
970 2817 1002 2872 0.
1028 2818 1161 2871 Metellus
1180 2820 1287 2891 Capra·

128 2881 189 2934 rius
208 2882 294 2947 (640.)
312 2883 372 2936 016.
393 2883 428 2937 de
446 2885 493 2937 01.
514 2887 537 2938 1.
557 2889 592 2941 48
611 2903 653 2956 sq.
672 2887 753 2938 nme.
772 2889 815 2941 11.
836 2888 970 2941 Freinsh.
990 2888 1091 2960 Suppl.
1110 2889 1175 2942 Liv.
1191 2895 1237 2958 53,
1257 2900 1285 2953 5.

101 2954 103 2958 ⁸
127 2952 169 3006 De
187 2955 301 3007 Priamo
318 2972 346 3006 v.
367 2955 406 3009 11.
426 2956 475 3019 Π,
494 2958 555 3011 144.
576 2957 684 3031 Hygin.
704 2958 770 3010 Fab.
791 2960 835 3012 00.
871 2959 930 3011 Mr.

198 3024 224 3078 Ε
242 3026 341 3094 quibua
358 3026 554 3094 septemdecim
577 3027 653 3080 iusta
675 3044 765 3081 uxore
782 3027 860 3095 nati]
898 3029 947 3083 Sic
964 3036 1042 3081 recte
1061 3029 1132 3079 Ven.
1154 3032 1233 3084 1491.
1255 3041 1287 3085 61

127 3096 241 3150 Erasmi
259 3096 446 3165 Frobeniana,
465 3102 520 3151 666
538 3097 626 3151 aliter
644 3098 735 3151 edidit
755 3100 917 3152 Lambinus.
940 3099 1045 3183 Vulgo,
1064 3098 1163 3169 quibua
1178 3108 1288 3168 septem

127 3173 156 3220 et
174 3169 268 3222 decem
280 3194 315 3206 -
332 3170 422 3236 natis,
441 3187 474 3222 ac
492 3170 533 3222 ita
551 3171 613 3223 tere
623 3170 716 3223 Mssti:
736 3171 786 3222 sed
803 3188 915 3242 purum,
933 3179 968 3223 ut
978 3169 1104 3236 videtur,
1124 3174 1284 3228 commode.

127 3241 216 3294 Porro
233 3248 332 3293 noster
350 3241 488 3293 memoria
506 3240 600 3310 lapsus
619 3248 671 3306 est,
696 3241 752 3292 nisi
775 3243 851 3295 forte
870 3241 1012 3295 [librariis
1030 3241 1167 3295 debeatur
1185 3261 1286 3311 error,

127 3328 194 3363 nam
212 3311 328 3364 Hecuba
345 3311 458 3365 Priamo
475 3311 542 3364 xlx
559 3311 666 3363 liberos
683 3312 807 3382 peperit.
844 3313 918 3365 Vide
936 3314 1093 3366 Homerum
1110 3315 1150 3366 Jl.
1168 3315 1203 3377 st,
1220 3318 1283 3371 496.

128 3381 307 3436 Scholiasten
326 3382 362 3435 ad
378 3381 529 3451 Euripidis
554 3381 661 3434 11661111.
687 3401 728 3434 vs.
748 3386 809 3438 419.
835 3392 864 3436 61
881 3384 1022 3436 Tzetsem
1039 3384 1115 3438 chit.
1137 3387 1202 3451 Vll,
1221 3389 1284 3441 344.

128 3453 288 3504 Fatendum
306 3461 405 3504 tamen
432 3453 511 3505 inter
533 3461 663 3506 auctores
681 3453 716 3506 de
743 3469 864 3507 numero
882 3454 1012 3507 tiliorum
1039 3472 1097 3508 non
1116 3458 1283 3510 convenire.

127 3522 300 3575 Theocritus
328 3522 500 3593 1d511.,xv,
521 3526 580 3578 139.

295 3589 363 3644 Odt'
386 3593 489 3663 Ἕκτωρ
505 3592 616 3663 &aristae
633 3593 650 3647 δ
668 3599 825 3669 γεραίτερος
842 3600 983 3650 ΕΙΚΑΤΙ
998 3591 1141 3652 παίδων)
1179 3597 1184 3605 ’

127 3663 184 3718 Ubi
201 3663 268 3716 vide
292 3663 480 3716 Scholiasteu.
522 3664 562 3717 At
585 3665 776 3736 Apollodorus
799 3667 873 3721 Bibl.
899 3669 949 3722 lib.
976 3670 1028 3722 111.
1054 3670 1184 3739 cap.X1.
1213 3669 1237 3736 §-
1257 3675 1283 3727 ὅ.

128 3733 346 3807 quatuordecim
363 3741 476 3786 tantum
494 3745 642 3791 memorat.
678 3737 714 3790 D.

198 3823 214 3860 e
237 3804 355 3877 quitus}
389 3805 462 3858 Male
489 3806 566 3860 abest
591 3824 607 3860 e
631 3826 647 3860 a
669 3808 754 3861 Codd.
782 3809 894 3880 aliquot
921 3810 990 3863 Oxx.
1017 3811 1100 3935 liegs.t
1117 3811 1191 3865 Gud.
1214 3817 1238 3866 1.
1258 3815 1284 3867 1.

126 3877 216 3930 1161111.
245 3877 341 3930 011161).
366 3876 440 3930 Gud.
467 3879 541 3930 1166.
563 3881 586 3932 1.
615 3878 699 3932 Vind.
719 3882 745 3936 2·
772 3881 844 3934 Edd.
864 3883 893 3933 P.
912 3882 945 3931 V.
973 3881 1041 3934 Rob.
1102 3883 1168 3954 eph.
1197 3883 1283 3935 Grut.

127 3950 287 4018 Utramque
311 3965 413 4002 vocem
436 3948 547 4001 omittit
570 3952 691 4004 111661.
713 3977 746 3988 -
782 3952 981 4021 Septemdecim
1003 3953 1103 4024 recepi
1128 3971 1195 4005 cum
1213 3953 1283 4005 Dav.

128 4035 163 4070 ex
182 4020 268 4072 Codd.
288 4020 380 4072 tribus
399 4019 468 4072 Oxx.
494 4021 581 4073 Marb.
612 4022 652 4073 lle
675 4059 681 4073 .
707 4021 780 4075 Gud.
803 4025 966 4078 1111166.
988 4027 1012 4076 1.
1033 4025 1283 4078 1011111111616.

127 4089 198 4142 Edd.
220 4090 364 4145 PAWolf.
385 4089 468 4142 Schz.
489 4090 535 4144 Or.
567 4093 601 4145 16
619 4039 685 4146 ech.
707 4093 782 4147 Gud.
804 4103 832 4146 et
849 4094 902 4146 Ed.
922 4095 958 4145 H.
987 4103 1030 4146 est
1048 4096 1137 4148 xvn.
1159 4095 1191 4146 16
1209 4095 1282 4148 Edd.

128 4160 203 4213 oliv.
223 4161 307 4212 Verb.
327 4162 397 4213 Ern.
417 4161 513 4214 lieisk.
532 4163 634 4228 Nobb,
653 4172 810 4234 praeeunte
826 4165 970 4219 nimirum
990 4165 1141 4218 Gebhardo
1160 4182 1195 4217 ex
1213 4165 1284 4217 duo-

126 4232 177 4284 bus
201 4230 286 4292 Codd.
312 4232 375 4283 Vid.
404 4232 494 4286 Geth.
521 4234 663 4319 Crepund.
691 4253 719 4305 p.
744 4238 804 4295 toa.
854 4236 971 4305 Reliqui
999 4236 1105 4289 habent
1133 4235 1225 4291 decem
1254 4244 1283 4289 et

126 4309 240 4371 eeptm,
260 4303 294 4353 11.
314 4310 409 4355 autem
428 4304 556 4360 Wolfius
575 4325 606 4357 m
623 4305 790 4376 parenthesi
808 4307 901 4359 decem
919 4314 947 4360 et
965 4323 1076 4360 nooeen:
1105 4315 1135 4360 et
1159 4307 1283 4360 116661-

126 4374 186 4449 rigi
204 4373 339 4426 volebant
357 4374 467 4428 Gamer.
495 4384 524 4429 et
543 4377 703 4431 06666661.
728 4393 862 4447 anonym.
887 4395 931 4447 ap.
951 4379 1036 4433 heod.
1057 4395 1212 4448 equesen,
1248 4395 1282 4432 ex

125 4444 166 4498 11.
189 4445 287 4499 mv.
312 4448 373 4503 496.
411 4447 471 4501 Me.
846 4495 848 4498 ,
