2828 5070
535 317 716 421 uretur,
735 320 788 391 o.
834 340 837 345 ,
880 348 886 357 ·-
1178 318 1243 389 roe

85 484 337 566 sempiternum.
379 484 518 549 Portum
546 489 659 568 potius
689 496 844 568 paratum
874 485 969 549 nobis
991 493 1025 549 et
1050 485 1240 573 perfugium

84 580 250 649 putemus.
293 567 366 630 Quo
391 570 521 630 utinam
549 572 633 632 volis
652 571 760 655 passis
781 568 920 652 pervehi
948 570 1064 632 liceat!
1106 569 1166 632 Sin
1187 573 1320 640 τις-1111.

84 652 243 713 flantibus
272 652 382 712 ventis
416 653 630 732 reiiciemur,
672 661 783 716 tomen
818 650 934 715 eodem
966 652 1078 733 paullo
1110 649 1241 747 tardius

94 776 1241 791 *mmm

155 855 432 909 exanclavisset
448 870 543 909 omnes
561 856 682 924 ledones]
705 856 747 910 De
764 857 821 910 hoc
837 855 925 909 verbo
942 855 994 908 hic
1012 856 1089 909 nihil
1108 854 1242 909 addemus

85 933 149 996 post
174 943 215 989 ea,
249 942 321 994 quae
348 925 472 977 diximus
499 929 533 980 sd
552 927 612 980 cic.
638 920 672 979 de
697 927 763 979 niv.
783 929 820 982 11.
841 930 883 981 30.
912 944 941 996 p·
961 930 1028 990 4073
1064 926 1242 979 laudabimus

86 997 169 1051 modo
188 998 330 1051 Goerenz.
358 997 393 1049 ad
411 996 470 1049 cic.
495 996 598 1050 Acadd.
627 999 664 1051 11.
684 999 728 1053 34.
774 1035 781 1051 .
803 1001 863 1053 137.
889 997 964 1051 Ern.
991 998 1069 1051 clav.
1089 998 1149 1050 (lic.
1169 1015 1191 1050 s.
1210 1010 1240 1053 v.

86 1066 231 1120 scribitur
257 1067 460 1122 exanclavisset
485 1068 517 1119 in
544 1067 629 1121 Godd.
659 1068 732 1121 Gud.
784 1069 856 1120 uisb.
885 1069 952 1142 Reg.
973 1066 1046 1121 Gud.
1068 1067 1138 1122 12.
1166 1067 1211 1120 Au
1234 1104 1241 1119 .

85 1139 172 1190 Marb.
193 1140 267 1193 Mon.
289 1143 312 1193 1.
332 1139 357 1191 2.
389 1136 460 1189 Edd.
488 1146 560 1191 vett.
584 1139 730 1208 plurimis,
758 1148 873 1209 praeter
891 1138 926 1190 E.
946 1139 978 1189 V.
999 1139 1030 1190 1..
1060 1138 1147 1191 Goth.
1172 1085 1241 1191 noi.

86 1208 187 1277 Steph.
207 1208 270 1261 Ger.
291 1207 389 1277 Steph.
410 1207 486 1260 Cam.
507 1208 630 1265 HWolr.
646 1208 725 1280 sylb.
738 1209 818 1262 Boul.
839 1208 954 1278 Gryph.
969 1209 1093 1273 Sturm.;
1112 1226 1147 1260 ex
1165 1224 1241 1262 rece.

85 1281 158 1332 Ern.
187 1279 262 1331 oliv.
288 1279 350 1346 Bip.
376 1276 458 1330 Solus
485 1279 552 1331 (lod.
580 1279 669 1333 liehd.
696 1279 781 1331 huius
807 1279 891 1332 verbi
909 1279 974 1332 loco
999 1279 1086 1332 habet
1103 1280 1241 1354 glossam:

86 1347 206 1416 sortiter
231 1348 430 1416 superavisset.
476 1349 654 1404 FAWoliius
682 1351 714 1401 in
739 1350 846 1405 scholis
876 1349 1024 1403 exantlare
1056 1367 1093 1402 no
1120 1351 1242 1405 latinum

87 1420 206 1488 quidem
225 1435 283 1472 esse
301 1428 408 1484 censet,
437 1436 529 1488 neque
547 1420 679 1474 homines
705 1421 810 1474 latinos
827 1418 953 1492 potuisse
971 1421 1122 1473 enuntiare
1141 1421 1243 1479 litem

87 1492 131 1543 ull
148 1490 188 1541 ita
209 1491 384 1543 coniunctas.
404 1490 437 1540 V.
449 1507 501 1542 nos
513 1490 592 1543 inira
609 1490 644 1544 aa
656 1492 693 1545 11.
701 1494 726 1546 8.
734 1493 777 1547 20.
794 1492 884 1546 Verba
892 1507 986 1546 onam
1005 1493 1114 1551 luderet
1132 1491 1243 1545 omittit

87 1577 160 1613 uuus
179 1561 245 1626 01.;
264 1561 337 1612 alius
354 1560 439 1613 habet
458 1567 517 1613 lum
534 1577 587 1630 pro
606 1577 675 1615 cuma
694 1562 746 1615 Ed.
766 1563 864 1617 lieret.
892 1562 1122 1624 intercideret„
1144 1563 1205 1616 Mr.

157 1647 273 1702 Portum
287 1649 383 1717 potius
398 1655 535 1716 paratum
551 1649 640 1716 ociis]
678 1650 745 1703 eod.
765 1654 839 1705 lton.
861 1655 885 1706 l.
913 1651 996 1704 otius'.
1016 1651 1105 1706 liehd.
1131 1652 1243 1719 poiens

84 1719 179 1787 potius
201 1726 331 1788 putemur
356 1725 382 1772 et
407 1718 588 1787 profugium
609 1726 744 1787 paratum
768 1721 863 1784 nolin
889 1720 986 1773 Duisb.
1010 1727 1124 1788 portum
1145 1722 1243 1789 potin

86 1792 164 1843 nobis
182 1797 209 1843 et
225 1789 389 1859 perfugium
405 1797 538 1856 paratum
551 1796 688 1858 putemus.
715 1792 769 1844 Ed.
789 1792 824 1843 ll
851 1796 960 1860 portum
977 1792 1058 1844 nobie
1073 1792 1168 1860 potius
1186 1799 1241 1844 etc.

86 1861 170 1913 Vind.
190 1865 215 1915 2.
235 1861 315 1914 nodis
352 1866 470 1914 orutunu
507 1861 560 1912 Est
578 1861 664 1913 etiarn
680 1863 862 1929 profugium
880 1862 912 1912 in
929 1861 1014 1915 Godd.
1034 1862 1119 1915 Vind.
1141 1866 1165 1917 1.
1185 1876 1243 1917 uno

87 1931 139 1984 Ox.
168 1932 240 1984 Edd.
260 1932 291 1983 Β.
339 1933 399 1985 ‚ll
420 1931 450 1984 G.
476 1930 512 1982 11.
532 1932 565 1982 V.
593 1929 661 1984 liolu
688 1931 738 1984 ste
759 1931 788 1984 ln
814 1932 878 1984 Asc.
898 1934 925 1986 2.
952 1931 1030 1984 Canu
1065 1935 1130 1987 Mox
1155 1931 1241 1987 codd

86 2001 176 2055 Rehd.
197 2002 271 2055 Gud.
290 2004 316 2057 2.
335 2003 407 2056 veiis
424 2000 584 2070 sparum
605 2018 684 2053 unus
703 2002 754 2056 01.
773 2001 869 2055 Duisb.
887 2001 1003 2070 pontiu
1027 2002 1076 2056 sed
1098 2003 1249 2075 posterior

88 2073 203 2125 inverso
223 2072 332 2126 ordine.
367 2073 411 2126 Ad
429 2074 517 2126 verbu
534 2072 605 2126 velis
619 2071 716 2141 putitio
732 2073 886 2127 Beroaldus
904 2073 988 2128 haec:
1008 2074 1048 2138 „i.
1066 2091 1090 2127 e.
1111 2073 1243 2128 ocissimo

87 2160 175 2196 cursu
192 2151 223 2196 et
240 2144 374 2197 festinata
400 2144 559 2198 celeritate.
595 2143 758 2197 Translatio
782 2153 895 2214 sumpta
918 2162 934 2197 a
956 2144 1166 2219 navigantibus,
1190 2144 1243 2215 qni

86 2214 162 2267 velis
181 2216 311 2284 expansis
329 2231 362 2266 ac
383 2215 478 2285 plenis
503 2222 621 2285 portum
638 2215 760 2268 subeunt
776 2216 938 2267 volitantes.
975 2214 1067 2268 Puera
1084 2215 1145 2269 ocia
1171 2215 1244 2268 dioi-

87 2303 149 2337 mus
169 2303 299 2355 expansa,
328 2286 459 2351 distenta,
483 2288 635 2355 explicata,
664 2295 751 2338 vento
769 2285 911 2338 tumentia
929 2303 962 2338 ac
976 2285 1073 2356 plena.
1111 2284 1137 2337 A
1153 2285 1243 2338 verbo

28 2389 30 2392 >
84 2357 177 2423 pundo
192 2371 311 2424 possum
327 2364 441 2409 veteres
459 2356 572 2418 dixisse,
603 2371 660 2409 non
681 2371 810 2424 panum,
835 2364 864 2408 et
887 2371 1045 2424 expostum,
1073 2354 1107 2407 A.
1128 2355 1243 2409 Gellius

87 2426 260 2498 Serviusque
279 2436 430 2481 testantur.
469 2426 614 2494 Cupiilo
630 2442 744 2493 paese.
764 2443 822 2480 esse
840 2426 978 2489 mulieres
996 2427 1142 2490 dicuntur,
1162 2426 1244 2496 quusi

86 2507 220 2567 porrecto
245 2508 275 2552 et
298 2515 434 2569 expanso:
468 2507 497 2552 et
519 2499 616 2566 passis
639 2498 764 2552 mosibus
782 2497 914 2562 dicimus,
943 2497 1020 2565 quod
1037 2496 1182 2574 sig-nificat
1199 2496 1255 2551 ‹ii-⁴

87 2569 181 2622 ductis
199 2577 284 2639 atque
303 2570 442 2623 distentis.
480 2568 597 2636 Plautus
624 2569 700 2622 dixit
718 2567 857 2639 diapente
873 2566 1003 2627 munibus
1025 2586 1078 2640 pro
1098 2584 1140 2634 eo,
1167 2567 1244 2638 quod

87 2649 129 2692 est
153 2640 295 2707 diapossia
319 2641 510 2711 distentioque.
550 2640 747 2694 Tertullianus
773 2649 870 2694 tamen
889 2656 1041 2711 oppansum
1059 2640 1148 2694 celum
1166 2639 1243 2692 dixit

85 2727 139 2780 pro
159 2727 276 2780 opposeo
295 2718 321 2763 el
340 2718 462 2765 extento.
503 2711 583 2765 ldem
602 2712 755 2780 Remos,
774 2713 805 2764 in
828 2714 880 2778 uit,
900 2712 1022 2779 ungulae
1039 2711 1159 2776 fodiant,
1178 2724 1244 2764 cru·

86 2798 131 2905 ples
139 2782 640 2913 1⁴pusppnldlaafssprio!leerppjrrefets'sset
660 2731 826 2906 igneus}
861 2783 959 2906 {insui
975 2783 1081 2907 plcplrpis
1098 2781 1242 2908 dipptc'pp

106 2870 287 2906 e...
345 2893 351 2906 .
425 2870 1109 2924 ..0n.e1a1nausueJ.a-1.la.p.
1166 2890 1172 2903 .

86 2923 173 2975 Puris.
194 2928 271 2989 1618.
294 2927 330 2962 -’
363 2924 388 2979 T
389 2944 440 2978 um
458 2925 544 2980 eodd.
562 2925 651 2980 Rehd.
671 2873 800 2980 Viridql.
820 2925 845 2979 2.
864 2922 989 2993 provehi.
1009 2924 1052 2977 Ad
1070 2922 1244 2978 sententiam

87 2996 200 3062 confert
215 2995 363 3050 'Ochsnen
393 2999 453 3051 Cic.
478 2997 513 3051 do
538 2997 603 3051 Seu.
624 3000 665 3053 19.
703 3004 776 3050 extr.
806 2993 905 3050 Senec.
933 2995 1026 3065 Epist.
1053 2996 1137 3049 Lxx.
1163 2995 1189 3049 2.
1210 2995 1243 3050 3.

86 3064 126 3135 [p.
147 3067 208 3120 211.
231 3068 333 3134 Gron]
353 3067 468 3123 Portum
486 3073 512 3121 et
530 3067 675 3137 refugium
696 3067 792 3120 iunxit
814 3075 912 3120 noster
929 3064 976 3119 Or.
1002 3082 1055 3136 pro
1075 3064 1188 3118 cluent.
1208 3065 1243 3133 ³3

84 3141 198 3202 portum
215 3144 241 3189 et
257 3139 421 3206 perfugium
440 3140 487 3193 Or.
528 3156 561 3192 ru>
580 3139 699 3195 Caecina
716 3140 761 3201 34,
782 3139 840 3194 1⁰⁰.
867 3139 922 3191 Pro
940 3136 986 3191 tiu
1005 3145 1047 3191 est
1065 3135 1113 3190 sin
1131 3139 1245 3189 autem

86 3206 119 3254 in
137 3222 194 3256 uno
214 3207 263 3259 Ox.
294 3216 322 3259 et
341 3209 415 3284 Aug.
445 3157 527 3279 (puni>
546 3209 567 3273 §.
588 3213 649 3264 11⁷.
674 3217 704 3262 et
724 3209 782 3265 118.
809 3206 896 3259 huius
923 3207 1025 3278 capitis
1043 3207 1071 3259 le
1095 3208 1183 3259 imus:
1211 3204 1244 3258 in

87 3274 140 3356 Ed.
161 3276 196 3325 ll.
225 3275 253 3329 si
274 3293 376 3359 ve·ro;
403 3280 434 3330 in
460 3279 533 3402 Rep‘.
551 3279 624 3332 Gud.
645 3282 670 3335 2.
699 3277 796 3332 Duisb.
823 3278 897 3331 Gud.
923 3277 1002 3361 siue
1028 3294 1061 3330 re
1083 3317 1088 3328 .
1118 3276 1264 3337 (11111,

86 3347 377 3472 111531931ἕέ
395 3348 480 3485 sliu
495 3349 639 3473 ...3231
656 3348 1028 3486 i.it⁰.;..iif'l·...l.⁰¹2·.
1042 3346 1119 3473 ili
1133 3342 1241 3491 ieet
1288 3419 1290 3423 ν

87 3498 116 3541 et
137 3506 234 3543 ornnes
253 3508 321 3560 quas
339 3489 436 3544 Reisk.
456 3490 581 3545 contulit
600 3438 731 3561 {ncepta
749 3488 811 3542 Gur.
833 3488 946 3560 steph.)
970 3490 997 3542 si
1024 3490 1130 3544 enim.-
1156 3488 1244 3558 idque

86 3561 180 3630 ipsum
207 3570 249 3615 est
269 3561 301 3612 in
316 3564 383 3615 ⁴vet.
399 3561 477 3615 eod.
503 3561 597 3614 caroli
623 3560 769 3683 Stephani.
812 3561 857 3613 Ex
883 3561 1041 3631 scriptione
1069 3561 1244 3642 optinport'm

86 3631 229 3687 librorum
248 3631 310 3686 sinc
327 3635 471 3716 scriptum
489 3631 649 3701 antiquitus
681 3633 754 3684 uisse
766 3631 919 3702 suspiceris
937 3630 966 3684 ei
983 3648 1026 3686 ue.
1047 3631 1067 3683 i.
1081 3648 1105 3686 e.
1125 3645 1153 3684 et
1167 3636 1243 3697 uero,

88 3710 121 3752 ut
137 3702 222 3756 hebet
240 3703 293 3756 Ed.
313 3703 348 3755 H.
369 3723 393 3756 ss
411 3703 467 3757 hoc
486 3711 558 3756 esset
578 3719 612 3755 ex
629 3721 681 3754 usu
699 3701 854 3756 Ciceronis.
891 3702 952 3756 Mr.

159 3792 333 3845 Reflautibus
351 3793 451 3860 ventis]
477 3792 571 3867 Vulgo
589 3789 773 3857 restuititur,
793 3800 894 3844 contra
912 3808 998 3861 quam
1016 3791 1096 3843 iubet
1113 3789 1245 3845 omniun

88 3862 240 3914 ltlssrornm
258 3880 417 3917 consensus.
454 3862 491 3931 D.

158 3951 388 4016 ret'lonts'iua
419 3948 528 4016 ventis]
564 3946 705 4018 Quod'ait
724 3951 793 4002 Dav.
811 3949 901 4024 vulgo
919 3948 981 4022 legi
999 3947 1182 4016 restantibus,
1209 3966 1245 4003 ex

87 4022 217 4074 omnibus
236 4022 307 4075 Edd.
327 4031 392 4076 aute
410 4022 557 4075 Damoln
583 4023 668 4076 habet
686 4022 739 4074 Ed.
759 4021 848 4090 Gron.
869 4037 1033 4091 operarum,
1061 4028 1095 4072 ut
1116 4019 1244 4087 videtur,

88 4110 194 4159 errore,
215 4110 301 4162 quem
320 4093 435 4146 nonnisi
461 4093 514 4147 Ed.
535 4093 683 4164 Wippelii
701 4091 736 4144 ad
754 4091 965 4145 Gronovianam
984 4107 1116 4161 expressa
1139 4090 1243 4155 (Berol.

90 4167 165 4220 1745.
189 4165 243 4228 12.)
263 4165 412 4234 repetivit.
449 4166 552 4234 Neque
572 4166 603 4216 in
621 4165 674 4218 Ed.
694 4164 779 4216 Grut.
800 4162 902 4229 (1618.)
925 4179 980 4216 nec
1006 4162 1037 4214 iu
1056 4152 1140 4215 verb.
1167 4160 1246 4214 aliis·

89 4253 144 4301 que
164 4236 201 4298 (v.
222 4254 247 4289 c.
267 4234 386 4288 Amstel.
408 4239 485 4292 1659.
506 4237 561 4301 12.)
582 4253 653 4306 quae
672 4235 823 4308 vulgatum
840 4233 945 4288 habere
965 4233 1104 4287 dicuntur
1121 4241 1245 4296 tentum,

90 4305 150 4356 eius
170 4306 277 4358 erroris
294 4307 452 4384 vestigium
470 4316 597 4429 apparet.
634 4305 776 4358 Duooxx.
795 4304 986 4373 perflantibus,
1006 4323 1079 4357 unus
1098 4303 1246 4366 refiuman·

89 4374 174 4425 tibur.
212 4376 329 4443 Eodem,
363 4396 419 4448 quo
437 4379 466 4431 h.
501 4416 519 4442 .‚
552 4378 639 4432 verbo
666 4395 732 4429 usus
757 4383 799 4429 est
824 4385 921 4431 noster
947 4375 981 4430 de
1005 4374 1059 4430 off.
1085 4374 1123 4427 11.
1148 4377 1173 4430 6.
1196 4375 1243 4431 ld:

86 4461 224 4513 parspere
242 4447 308 4508 timu
326 4450 460 4514 (ortunae
477 4449 582 4506 utimur
599 4481 634 4494 -
651 4463 714 4504 cum
731 4445 902 4514 reflavit,
930 4446 1106 4518 attigissem
1129 4442 1164 4497 ad
1178 4441 1242 4504 litt.
