2828 5070
117 288 184 357 626
320 282 551 349 CICERONIS
569 282 818 351 wscmaa.
838 284 1094 355 nlsrttrar.

247 450 295 516 s.-
316 451 346 514 ο
366 448 547 525 ruma,
574 450 714 536 (maie)
732 453 779 516 aa
795 448 854 518 aa
872 454 1077 549 ωυαζω,
1099 449 1273 521 assus

883 547 1022 602 mim
1043 559 1168 604 m

122 724 184 777 sua
202 722 347 776 insonis
364 723 468 799 agunt
485 730 516 775 u
532 721 680 777 uanum
697 726 944 796 nemen,
968 728 1028 797 qus
1047 727 1181 784 umes
1204 697 1231 784 'a
1239 743 1273 799 ρ

121 796 177 848 tris'
194 796 295 847 codes!
311 805 450 865 unquam
468 795 640 848 exclamatio
657 799 697 850 sit
712 797 748 849 ad
766 805 881 850 montes
897 801 1028 866 patrios.
1066 801 1141 877 Ego
1158 819 1193 855 re
1207 801 1274 855 aab

123 874 171 920 ter
188 868 331 938 pensitata
349 866 416 941 lego
430 865 620 931 OPatrocles,
639 875 668 918 et
685 876 718 918 ut
736 868 778 920 ita
795 868 894 944 legam
911 869 1023 922 suadet
1043 871 1209 938 Romans,

122 956 209 1009 quem
228 937 445 991 observavimus
469 937 546 988 tradi
570 938 601 988 in
624 936 673 989 xl.
694 938 808 1001 iliados,
831 939 1094 1008 quemadmodum

122 1027 197 1062 unus
216 1027 232 1062 e
249 1008 419 1078 proceribus
438 1008 628 1071 Graecorum,
655 1008 690 1061 ab
708 1009 873 1062 Alexandro
892 1012 1007 1083 sagitta
1026 1013 1217 1069 vulneram
1229 1030 1273 1067 ιιι

120 1082 213 1152 μηρὸν
231 1079 330 1143 iiim,
354 1081 395 1131 ita
416 1086 450 1129 nt
473 1079 584 1130 nunde
602 1079 717 1148 inipso
736 1081 859 1134 vulnere
877 1082 1098 1204 Ὓηω,
1128 1089 1185 1156 qui
1207 1084 1274 1139 esdr

123 1171 205 1205 mans
224 1170 260 1205 ex
277 1148 402 1203 vulnere
426 1150 466 1200 ait
484 1145 508 1202 al
528 1151 604 1221 pilos
619 1146 749 1217 'Apyetus
773 1153 901 1219 ἡγήτορες
919 1150 933 1217 ἢ
956 1156 1153 1220 ἑμέὀοηες,
1183 1162 1275 1211 states

121 1224 204 1278 Aiaci
223 1222 365 1275 auxilium
384 1222 474 1274 ferte.
503 1238 571 1273 mox
595 1223 689 1274 lactus
712 1232 756 1275 est
782 1222 885 1276 obrius
903 1223 1050 1279 Patroclo
1071 1227 1274 1282 claudiana

122 1294 245 1347 vulnere
263 1294 393 1347 femoris.
435 1291 524 1376 Quem
543 1292 690 1344 Patroclum
708 1295 874 1356 miseratus,
891 1293 967 1368 Age,
987 1299 1118 1369 inquit,
1136 1297 1225 1354 laeuus
1236 1297 1277 1352 aa

122 1365 241 1490 {ll'li'
255 1362 1278 1508 insssiiimclsffiislssffil?{Qilliiqiilmaffiflmiiii

122 1509 292 1574 Πατρόκλεις,
310 1508 397 1574 ἄλκαρ
411 1501 532 1572 Ἀχαιῶν
548 1508 669 1559 laceras:
698 1514 731 1558 tu
749 1526 796 1560 me
815 1515 847 1558 ut
866 1524 976 1572 serres,
1003 1511 1161 1566 obsecro:
1188 1515 1219 1567 in
1233 1520 1279 1564 tea·

122 1579 233 1631 tarium
252 1581 355 1632 clueas:
384 1577 517 1650 sagittam
537 1594 571 1628 ex
589 1578 701 1630 femore
720 1579 843 1631 evelles:
874 1580 1056 1652 sanguinem
1080 1586 1118 1636 u'
1227 1597 1279 1652 aqu

123 1647 217 1701 calida
235 1647 327 1712 ablue,
345 1647 463 1699 vulneri
482 1643 617 1718 φάρμακα
635 1645 721 1701 ἐσθλὰ
739 1665 862 1719 appone,
881 1666 955 1718 quae
971 1658 1006 1703 te
1016 1652 1119 1707 Achil
1135 1674 1168 1708 es
1179 1653 1280 1714 dunt

180 1738 195 1773 e
222 1721 285 1790 ipse
311 1737 327 1770 a
353 1718 480 1772 Chirone
504 1719 616 1771 didicit.
654 1719 728 1772 Nam
757 1719 863 1773 medici
887 1719 1059 1776 Podalirius
1089 1736 1123 1778 et
1152 1725 1281 1785 stamus

121 1737 289 1862 lllculapii
307 1790 376 1854 filii,
403 1790 543 1861 opitulari
566 1807 625 1843 non
643 1800 780 1861 possunt:
808 1807 933 1861 quorum
957 1793 1043 1846 alter
1062 1796 1217 1852 Machaon
1232 1793 1282 1847 sul·

120 1871 241 1917 neratus
266 1871 319 1926 est,
350 1862 427 1915 alter
453 1862 484 1912 in
510 1877 611 1932 campo
639 1863 764 1915 sustinet
786 1863 926 1915 ferociam
951 1861 1182 1921 Troianorum.
1217 1867 1282 1920 ‘lust

120 1934 271 1988 Patroclus
290 1933 417 1985 medium
437 1930 586 1985 hominem
605 1932 774 2003 complexus
792 1942 822 1987 et
840 1932 970 1986 baiulans
990 1934 1202 1992 tabernaculo
1218 1941 1282 1991 intr·

120 2005 168 2070 lit,
194 2023 227 2056 ac
252 2021 339 2071 super
364 2003 469 2055 bovina
495 2005 576 2055 coria
600 2004 759 2057 extendens
784 2004 917 2057 adhibuit
940 2006 1080 2059 tomenta
1112 2009 1281 2064 necessaria:

120 2083 268 2145 postremo
287 2074 414 2126 radicem
432 2073 573 2141 quandam
592 2075 685 2127 amari
704 2077 815 2144 saporis
834 2075 965 2128 manibus
983 2087 1159 2134 conterens
1183 2078 1283 2134 vanui

121 2147 265 2215 apposuit,
296 2160 369 2209 quae
388 2143 503 2196 dolores
522 2160 622 2199 omues
643 2146 764 2209 sedaret,
789 2147 895 2199 sulm
920 2147 1094 2230 mitigaret,
1122 2154 1283 2229 sanguinea

121 2217 327 2287 supprimeret
365 2216 412 2268 Ex
436 2214 491 2268 hac
509 2216 664 2269 Homerica
681 2218 850 2270 narratione
868 2225 947 2270 totus
965 2216 1019 2270 luc
1045 2220 1153 2284 locus,
1183 2226 1283 2294 opinor,

121 2288 331 2357 transscriptus
355 2289 414 2340 tuit
437 2305 453 2339 a
476 2295 576 2340 vetere
600 2288 736 2359 quopiam
753 2290 841 2357 polita
863 2288 965 2348 latino,
997 2291 1089 2343 cuius
1111 2291 1194 2348 haec
1211 2291 1285 2347 verbe

121 2368 199 2422 sunt,
231 2359 443 2413 introducentis
468 2357 655 2429 Eurypylum
680 2360 866 2412 vulneratum
892 2358 1113 2428 implorantem
1147 2365 1284 2436 suppetias

122 2447 263 2501 opemque
289 2450 306 2482 a
329 2431 470 2485 Patroclo.
511 2430 551 2481 Et
574 2432 615 2482 ita
638 2431 740 2496 nodus,
774 2432 826 2499 qui
851 2436 912 2483 erat
936 2430 1050 2500 alioqui
1077 2434 1284 2494 inenodabilis.

122 2502 210 2554 facile
234 2502 437 2555 dissolvitur.“
470 2501 638 2554 Beroaldus.
682 2502 876 2577 „Lugendum
908 2518 1007 2554 censeo
1037 2502 1197 2572 Patrocle,
1228 2521 1285 2558 nan

121 2590 224 2625 versus
243 2572 390 2624 Octonarii
410 2571 544 2625 ruodulus
562 2571 637 2624 hanc
649 2575 825 2642 scripturam
843 2571 989 2640 postulat:
1009 2581 1042 2624 et
1061 2590 1129 2628 uon
1146 2579 1192 2630 ita
1209 2577 1239 2629 lo

121 2642 215 2696 abest:
251 2643 365 2694 abducet
391 2643 546 2708 Patroclus,
574 2644 691 2696 credo.“
719 2643 864 2696 Turnebus
889 2641 909 2692 l.
929 2659 954 2694 c.
980 2643 1028 2694 lv.
1051 2648 1097 2699 18.
1123 2665 1157 2716 Ρ,
1179 2650 1233 2703 128
1250 2665 1284 2715 sq.

6 2735 12 2742 ·
123 2713 277 2780 „Patrocle
300 2713 377 2764 solus
403 2711 571 2767 Lambinus.-
602 2714 655 2766 alii
679 2714 814 2784 impressi
841 2729 940 2765 omnes
958 2712 1153 2768 Patroclum
1172 2719 1284 2770 Brutus

121 2783 332 2850 „Adhaesimns
351 2781 558 2838 Turnebianis:
578 2784 668 2859 vulgo
687 2785 842 2837 Patrocles.
863 2784 934 2836 Pall·
948 2791 1086 2854 quatuor,
1107 2787 1203 2842 Fabr.
1218 2786 1284 2841 Pitb

122 2852 290 2918 Patricoles,
310 2855 366 2906 Pal.
388 2872 443 2908 sec.
463 2855 526 2908 Ulr.
547 2856 718 2908 Patricole.“
745 2854 880 2908 Gebhard.

195 2941 398 3010 OPatrocles]
435 2945 577 3016 Dispositi
601 2954 669 2998 sunt
692 2943 725 2996 hi
755 2962 858 2998 versus
886 2962 922 2998 ex
948 2952 1049 2997 mente
1075 2945 1123 2999 Cl.
1148 2947 1284 3004 Bentleii.

123 3012 219 3089 Vulgo
239 3014 262 3066 0
280 3014 423 3069 Patrocles
442 3017 566 3086 (inquit)
584 3018 621 3070 ad
638 3031 686 3068 uos
704 3015 865 3081 adveniam,
884 3015 1023 3068 auritium
1046 3021 1074 3067 et
1092 3028 1216 3074 uestras
1232 3036 1285 3073 ne·

122 3099 175 3136 nus
189 3093 254 3152 peto
272 3086 440 3158 Priusquam
462 3096 515 3140 etc.
552 3089 589 3141 D.

195 3155 394 3223 OPatrocle.]
431 3159 562 3223 „Accedo
590 3161 621 3212 in
647 3159 779 3213 omnibus
806 3161 869 3212 tere
897 3158 1023 3212 Bentleii
1056 3165 1233 3218 sententiae
1255 3163 1285 3216 de

123 3223 172 3279 luis
191 3229 323 3282 versibus
351 3231 480 3304 legendis
505 3229 756 3299 disponendisque.
792 3229 964 3300 Respiciunt
982 3229 1019 3280 ad
1035 3230 1078 3281 Jl.
1099 3232 1125 3284 A
1153 3233 1188 3300 [1
1230 3243 1285 3286 ,Α

125 3297 145 3349 i.
167 3316 190 3351 e.
210 3300 274 3367 xl]
294 3304 346 3356 827
367 3320 428 3371 sqq·
467 3301 643 3369 Quamquam
662 3302 693 3353 in
710 3302 808 3371 primo
826 3318 916 3354 versu
934 3299 1075 3365 Patrocle,
1102 3306 1190 3371 quod

125 3368 169 3422 ed.
190 3388 252 3423 mea
272 3379 365 3435 vetus,
396 3389 487 3440 aeque
513 3373 619 3424 bonum
640 3380 691 3435 est,
717 3375 853 3441 praefero
876 3381 973 3424 tamen
998 3372 1161 3439 Patrocles,
1194 3386 1286 3430 motus

125 3443 300 3495 auctoritate
328 3441 415 3496 Codd.
442 3441 511 3514 fleg.
537 3451 566 3495 et
592 3442 683 3494 trium
708 3443 903 3499 Leidensiusn.
940 3441 1021 3495 Unus
1045 3460 1082 3495 ex
1107 3442 1160 3498 his
1188 3455 1221 3501 et
1245 3446 1283 3501 ed

124 3527 188 3563 mea
206 3519 289 3564 vetus
308 3510 395 3565 habet
413 3520 553 3579 oppetam.-
584 3520 613 3566 st
639 3514 703 3566 veri
731 3522 774 3566 est
802 3514 899 3567 simile
922 3516 1036 3582 poetam
1061 3530 1126 3567 nou
1151 3520 1284 3587 posuisse

121 3587 188 3648 peto
209 3589 238 3635 et
257 3588 354 3649 oppeto
378 3584 410 3634 iu
437 3584 537 3636 eodem
554 3600 652 3646 versu,
682 3600 747 3636 cum
771 3584 854 3637 nulla
879 3602 946 3638 eum
973 3586 1131 3638 necessitas
1156 3596 1284 3663 cogeret·

125 3648 229 3704 'sertio
247 3661 342 3706 autem
362 3671 449 3705 versu
468 3655 610 3706 sententia
635 3654 753 3707 videtur
776 3655 938 3708 desiderare
960 3656 988 3708 ai
1005 3656 1136 3723 sanguia.
1179 3658 1284 3724 Quarto

126 3720 195 3778 Cod.
216 3723 285 3800 aeg.
305 3723 392 3778 habet
409 3726 438 3777 ai
455 3724 505 3792 qui
520 3725 675 3793 sapientia,
703 3744 777 3779 uuus
795 3725 876 3779 Leid.
896 3726 924 3778 ai
943 3727 1021 3794 φώς
1046 3727 1123 3780 alius
1142 3743 1215 3785 cum
1233 3729 1282 3782 m

125 3804 267 3849 mearet.
295 3795 412 3866 siquid
431 3797 479 3848 eis.
517 3796 650 3849 Fortasse
674 3801 759 3866 poeta
786 3797 917 3866 scripsit:
951 3797 980 3850 ai
1006 3798 1118 3865 quidem
1143 3800 1284 3869 septenae

124 3867 212 3932 magi
239 3867 364 3920 devitari
388 3883 463 3922 mors
486 3872 584 3935 potest.
621 3867 695 3919 Nam
714 3876 808 3921 uestra
826 3865 876 3919 hic
900 3868 1017 3937 quidem
1037 3869 1186 3924 abundare
1205 3873 1284 3925 vide·

126 3939 208 3989 tur.“
226 3937 406 3992 Bouhierius.
444 3940 500 4003 „lu
526 3937 573 3991 his
599 3939 730 3991 versibus
754 3943 856 4010 po'e'tae
881 3941 988 3992 veteris
1011 3940 1122 3993 mirum
1143 3953 1282 4011 quantum

125 4008 243 4059 variant
263 4010 349 4062 Codd.
371 4018 400 4063 et
419 4010 500 4063 editi.
537 4010 596 4062 Hos
615 4012 725 4078 optime
743 4009 860 4063 videtur
878 4011 1042 4064 emendasse
1065 4009 1099 4066 ll.
1119 4012 1283 4077 Bentleius,

126 4079 175 4131 cui
194 4080 225 4129 in
245 4080 393 4148 plerisque
411 4081 551 4134 accedunt
571 4081 658 4134 Codd.
679 4081 772 4156 Regii.
810 4081 894 4133 Hunc
914 4098 984 4154 ergo
1003 4084 1165 4151 sequimur.
1191 4085 1282 4139 verba

124 4156 202 4202 certe
222 4149 384 4218 Eurypylus
403 4159 470 4204 sunt
483 4152 622 4206 Patroclis
632 4151 822 4223 Eurypylum
840 4155 1051 4225 agnoscentis.“
1070 4152 1281 4209 Lallemaaaus.

126 4221 241 4288 „Hasce
268 4238 368 4274 versus
397 4224 459 4276 sine
483 4223 604 4277 licentia
633 4225 676 4276 sic
700 4233 801 4293 putem
826 4223 1040 4277 rescribendos:
1067 4251 1099 4261 -
1128 4254 1164 4265 -
1189 4259 1225 4271 -.
1251 4253 1281 4264 -

126 4289 445 4358 apocrisariatus
464 4296 624 4360 adueniens,
644 4296 781 4348 auritium
804 4301 830 4346 et
853 4303 963 4346 reseras
985 4310 1082 4348 rnamse
1106 4305 1175 4363 peto
1188 4294 1282 4366 lPrs'u’

127 4380 210 4434 quam
229 4371 358 4433 oppetam
375 4367 478 4419 malam
494 4375 608 4435 pestem,
627 4367 787 4419 nsandatam
805 4364 894 4419 hostis
912 4363 1023 4429 manui
1054 4365 1151 4435 Neque
1169 4367 1284 4436 sanga?

126 4436 185 4489 ulto
206 4436 277 4506 pots*
300 4442 384 4507 pacto
404 4439 548 4508 profluens
574 4434 799 4505 consistere,lsi
823 4453 878 4507 qua
901 4436 1044 4507 sapientia
1062 4444 1158 4493 veura
1176 4438 1283 4495 esitass'
