2828 5070
517 298 646 362 LIBER
666 299 695 378 1,
727 301 779 368 33.
1119 335 1120 338 ¹
1164 301 1228 368 273

70 467 201 530 Omitto
231 463 530 530 dissimilitudines.
574 464 706 527 Vellem
737 465 853 528 adesse
879 475 991 548 posset
1026 467 1266 544 Panaetius3til

70 552 184 626 (vixit
215 568 291 610 cum
312 549 508 620 Africanos)
537 567 732 628 quaererem
754 570 793 611 ex
822 568 873 619 eo,
904 552 1000 612 cuius
1020 569 1159 612 suorum
1179 553 1227 612 si-

69 633 161 695 milis
190 634 308 693 fuisset
333 631 485 691 Africani
514 633 630 691 fratris
658 631 778 711 nepos!
806 632 892 692 facie
921 632 975 692 vel
992 635 1122 712 patris,
1153 629 1226 695 vita

70 716 221 778 omnium
243 711 454 795 perditorum
475 714 523 774 ita
549 713 680 789 similis,
709 721 749 774 ut
781 722 868 777 esset
888 714 984 775 facile
1005 713 1224 780 deterrimust

71 820 152 847 4-
163 835 233 843 .-.--
249 835 412 842 .-Μ-μ...
422 834 563 843 ..η-...μ
999 836 1071 844 -.-...

135 875 248 937 ‚Omitto
266 875 526 942 dissimilitudines]
563 875 657 949 Vulgo
686 873 895 931 eimilitudiuee.
933 879 1110 946 Lectionem,
1139 899 1225 950 quem

69 946 211 1013 dedimus,
231 947 345 1000 extudit
364 963 449 1020 sagax
467 947 510 1001 cl.
530 946 656 998 Bentleii
675 948 847 999 coniectura.
884 947 921 1000 D.

148 1018 255 1072 Omitto
284 1016 626 1082 dissimilitudines]
668 1017 713 1069 lta
738 1017 920 1070 scribendum
952 1028 1013 1071 erat
1041 1038 1107 1072 cum
1128 1023 1223 1074 Bentl.

69 1089 141 1140 Dav.
161 1090 233 1141 Ern.
255 1099 283 1142 et
301 1107 391 1158 seqq,
411 1105 584 1158 quamquain
602 1087 672 1138 libri
690 1103 788 1141 omnes
806 1089 837 1139 iu
856 1090 905 1140 vul
927 1098 972 1142 ata
989 1091 1104 1160 pridem
1132 1092 1225 1156 (simi-

71 1159 220 1224 litudines)
248 1160 426 1230 conspirant:
464 1159 521 1210 nisi
549 1159 625 1227 quod
650 1168 692 1211 est
717 1158 750 1212 in
777 1177 866 1233 marg.
886 1107 970 1213 Vgerb.
999 1163 1061 1214 sine
1085 1162 1170 1214 dubio
1188 1180 1224 1216 ex

71 1231 141 1283 cod.
166 1231 330 1283 aBentleio
357 1229 478 1294 laudato,
504 1229 727 1282 similitudinem.
770 1230 904 1282 Rationes
929 1232 1135 1284 emendationis
1159 1241 1224 1303 post

69 1301 236 1354 Bentleium
255 1302 368 1364 addere,
387 1309 498 1352 nonest
511 1301 716 1353 necessarium.
732 1300 1123 1370 quamquainhallemannus,
1143 1305 1224 1356 nulla

72 1373 186 1425 ratione
214 1372 318 1439 addita,
355 1372 550 1423 Bentleianam
574 1371 753 1422 conicturam
779 1388 1016 1441 supervacaneam
1040 1390 1099 1426 esse
1124 1375 1224 1426 existi·

71 1443 172 1495 mavit.
210 1441 360 1496 Sententia
379 1451 433 1495 est:
461 1441 604 1494 Accedere
622 1449 717 1511 posset
734 1444 913 1526 argumentis
929 1438 951 1495 ‘a
970 1460 1016 1495 me
1041 1445 1162 1514 prolatis
1186 1445 1225 1496 il·

71 1513 126 1565 lud
143 1529 267 1582 quoque,
286 1513 363 1583 quod
381 1513 468 1564 multi
486 1519 553 1564 sunt
570 1520 687 1582 patrum
709 1512 917 1566 dissimillimis
945 1514 993 1567 sed
1010 1514 1078 1568 nolo
1098 1514 1129 1567 id
1146 1532 1224 1568 nuno

70 1584 189 1637 uberius
207 1585 352 1654 persequi.
390 1584 450 1636 Mr.

149 1655 255 1709 Vellem
281 1657 379 1708 adesse
400 1661 495 1722 posset
513 1653 683 1718 Panaetius,
712 1652 801 1718 (uicit
827 1670 889 1707 cum
906 1655 1080 1723 Africanae)
1108 1673 1224 1727 quaere·

72 1742 136 1778 rem
153 1725 220 1791 etc]
256 1725 377 1791 „Aliter
400 1726 432 1776 in
449 1726 645 1795 manuscripto
668 1725 697 1777 le
719 1725 780 1777 itur
803 1724 853 1777 hic
870 1725 963 1777 locus:
991 1729 1085 1781 veliem
1109 1730 1223 1783 adesset

72 1797 242 1850 Panaetium
270 1795 464 1867 quaererem.“
492 1794 621 1851 Ursinus.
706 1796 767 1846 .11.
795 1795 874 1848 inter
896 1796 994 1849 adesse
1021 1806 1050 1850 et
1066 1806 1159 1866 posset
1179 1802 1225 1852 in·

72 1869 192 1921 terserit
219 1868 259 1920 ia.
286 1867 373 1920 blarb.
401 1866 487 1918 habet
517 1867 565 1919 vix
593 1882 647 1936 pro
674 1865 756 1918 vicit.
793 1867 882 1918 Recte
912 1876 1010 1920 monet
1035 1869 1224 1936 PAWolfius,

71 1939 161 1991 verba
183 1940 255 1992 vixit
283 1955 344 1990 cum
366 1954 426 1989 non
450 1938 615 2010 significare
643 1937 838 1989 tantummodo
864 1954 930 1989 eum
960 1938 1048 1990 fuisse
1079 1941 1224 2007 aequalem

72 2009 207 2062 Africani
233 2010 360 2074 maioris,
387 2009 436 2060 sed
460 2009 642 2072 familiarem.
680 2007 761 2061 Cous.
789 2026 845 2060 van
871 2008 1000 2078 Lyndcu.
1029 2009 1064 2063 de
1090 2012 1224 2065 Panaetio

72 2080 97 2146 ᾖ.
117 2082 165 2134 xl.
207 2083 297 2136 .³8s
341 2118 346 2129 .
384 2081 444 2133 Mr.

151 2099 230 2206 Vilis
249 2098 318 2203 esurii1
320 2097 477 2215 tldsricauo]
513 2149 642 2203 Velleius
660 2151 823 2203 Paterculus
842 2152 865 2216 1,
886 2153 927 2207 1³.
965 2150 1061 2221 Scipio
1084 2159 1143 2206 tam
1168 2154 1224 2207 ele·

73 2237 151 2290 gaece
167 2223 329 2274 liberalium
345 2221 503 2274 studiorum
521 2223 662 2291 onmisque
681 2222 828 2274 doctrinae
851 2228 878 2274 et
897 2231 992 2275 auctor
1019 2230 1046 2275 et
1064 2224 1224 2277 admirator

73 2294 142 2359 suit,
160 2300 192 2345 ut
208 2292 350 2362 Polybium
368 2292 599 2361 Panaetiumque,
615 2292 815 2361 praecellentes
832 2292 947 2359 iugenio
965 2293 1052 2357 eirea,
1077 2294 1152 2346 domi
1168 2294 1224 2346 mi-

74 2365 213 2433 litiaeque
240 2380 331 2416 secum
355 2361 492 2415 babuerit.
536 2364 608 2416 Vide
629 2363 816 2415 Plutarchum
841 2363 923 2415 Tom.
950 2363 987 2416 11.
1015 2379 1079 2436 pag.
1106 2367 1165 2416 777.
1193 2372 1224 2416 et

73 2436 239 2508 menagium
256 2436 291 2487 ad
309 2434 418 2486 Laertii
436 2434 500 2498 Vll,
520 2437 563 2488 39.
601 2437 703 2486 Parum
721 2451 772 2487 suo
789 2434 891 2509 generi
917 2433 1089 2504 respondere
1106 2431 1223 2498 liberos,

75 2503 730 2648 attulimuseeuellel
747 2503 1223 2651 battuerentur

74 2647 148 2701 Vide
167 2656 197 2700 et
215 2647 366 2699 stobaeum
385 2646 475 2698 Semn.
495 2648 568 2698 Lxx
595 2648 627 2697 V.
664 2646 701 2699 D.
1000 2686 1002 2691 .

148 2734 307 2788 quaererem
326 2733 360 2768 ex
378 2715 420 2780 ee]
475 2717 541 2769 Cod.
562 2717 649 2770 Marb.
670 2723 852 2784 quaerentem,
870 2717 895 2769 A
937 2757 943 2769 .
971 2725 1135 2786 querentem.
1173 2719 1224 2773 Se·

76 2789 178 2859 quitur
196 2790 227 2840 in
245 2788 329 2842 codd.
350 2787 432 2838 Vind.
453 2789 478 2840 2.
505 2788 578 2840 Gud.
604 2788 658 2840 cui
680 2805 800 2840 euomm.
838 2737 1018 2854 Proulaieset
1036 2791 1110 2865 Aug.
1138 2797 1220 2845 esset.
1260 2792 1264 2799 '

75 2863 141 2912 Post
158 2860 213 2911 hoc
230 2861 349 2911 verbum
369 2858 400 2909 in
418 2857 484 2910 cod.
506 2859 578 2911 Gud.
598 2859 714 2911 additur
730 2860 813 2922 facie.
850 2861 910 2913 Mr.

147 2929 282 2995 Africani
306 2928 412 2993 fratris
437 2928 529 2995 nepos]
565 2929 664 2995 „Quia
688 2928 839 2992 aldiaricios
866 2931 981 3000 quidam
1001 2935 1223 2986 commentarius

77 3002 121 3064 (in
138 3002 190 3053 Ed.
210 3000 295 3053 Leod.
315 3018 331 3052 a
349 3000 470 3064 Qucrcu.
491 3001 575 3051 Paris.
598 3002 674 3055 1562.
694 3002 732 3066 4.)
758 3010 854 3053 monet
877 3003 985 3054 rectius
1012 3004 1072 3078 legi
1091 3005 1123 3055 in
1139 3013 1223 3056 vetu-

76 3081 119 3126 sto
147 3072 304 3141 exemplari
322 3070 457 3135 Africani
481 3088 573 3138 nepae,
600 3071 704 3136 fratris
730 3072 804 3137 facie
826 3072 871 3123 cel
892 3073 995 3140 patrie,
1023 3092 1108 3142 quam
1135 3074 1164 3125 id
1183 3073 1221 3124 sit

74 3144 190 3206 falsum,
209 3143 275 3195 vide
294 3143 424 3194 Africani
449 3159 579 3205 minoris,
604 3143 655 3211 qui
679 3150 780 3194 natura
798 3142 891 3193 Paulli
909 3142 1028 3194 Aemilii
1053 3142 1131 3194 lilius
1154 3143 1228 3208 luit,

74 3215 168 3266 frater
185 3231 201 3264 a
219 3213 249 3279 Q.
269 3213 356 3265 Fabio
375 3213 506 3277 lllaximo,
531 3213 683 3265 Verrucosi
701 3212 773 3278 lilio,
797 3212 954 3282 adoptatus,
973 3221 1006 3264 ut
1025 3211 1171 3282 Appiauus
1189 3212 1222 3264 in

74 3284 258 3354 Hispaniensi
281 3284 380 3349 tradit,
409 3285 486 3349 etQ.
507 3283 609 3335 Fabius
626 3284 765 3335 lllaximus
783 3282 961 3334 Aemilianus
987 3283 1088 3346 dictus,
1116 3283 1222 3336 Consul

75 3356 135 3409 fuit
153 3374 177 3406 a.
197 3373 225 3406 u.
243 3355 370 3408 DCVlll.
409 3356 500 3406 Huius
518 3355 605 3417 filius,
631 3363 660 3407 et
678 3355 770 3422 Paulli
788 3369 874 3423 nepos
901 3353 958 3405 tuit
977 3354 1007 3419 Q.
1028 3353 1131 3406 Fabius
1157 3353 1237 3427 ille„

76 3426 137 3496 qui,
158 3426 262 3479 Consul
279 3445 303 3478 a.
323 3446 351 3477 u.
371 3426 534 3488 Dcxxxu,
553 3421 733 3499 Allobrogici
751 3441 909 3500 cognomen
929 3442 964 3476 ex
980 3425 1103 3477 victoria
1122 3433 1224 3487 contra¹

75 3497 246 3572 Allobroges
264 3498 385 3562 invenit,
411 3507 443 3548 ut
462 3496 562 3548 Cicero
589 3496 621 3548 in
637 3497 737 3562 Bruto,
762 3496 899 3550 Asconius
924 3495 955 3545 in
973 3496 1054 3550 Verr.
1075 3505 1104 3550 et
1122 3497 1223 3549 Livius

75 3567 126 3620 lib.
147 3571 190 3623 61.
220 3568 424 3620 demonstrant.
462 3569 522 3620 Iam
541 3567 571 3632 Q.
591 3567 672 3618 Fabii
692 3568 810 3620 Maximi
828 3567 1019 3642 Allobrogici,
1048 3578 1077 3621 et
1100 3569 1173 3620 civis
1192 3575 1223 3627 et
1315 3634 1319 3638 Ι

76 3638 261 3709 imperatoris
280 3639 442 3702 clarissimi,
462 3638 557 3689 filium
576 3637 606 3702 Q.
627 3637 748 3690 Fabium
765 3641 838 3693 Max.
887 3639 1089 3693 erditissimam
1106 3638 1227 3702 luxuria

75 3710 168 3762 vitam
188 3709 286 3784 egisse,
305 3709 436 3761 Valerius
455 3712 526 3761 llllax.
555 3707 616 3759 Lib.
637 3711 662 3763 5.
683 3726 743 3779 cap
763 3711 788 3764 3.
809 3657 918 3762 scribit.
955 3709 1044 3775 Quem
1054 3711 1154 3765 Cicero
1172 3709 1227 3769 hic,

75 3781 252 3855 significans,
280 3789 358 3832 recte
384 3779 514 3832 Africani
541 3778 640 3832 fratris
666 3790 800 3850 nepotem
826 3789 923 3833 vocat:
957 3798 1045 3863 quare
1071 3780 1224 3834 Beroaldus

76 3868 192 3920 quoque
214 3849 361 3915 fallitur,“
389 3852 438 3904 Fr.
464 3849 622 3904 Fabricius.
660 3850 751 3903 Locus
775 3851 885 3904 Valerii
904 3852 1019 3902 Maximi
1047 3866 1104 3901 non
1128 3860 1171 3903 est
1189 3851 1223 3908 L.

75 3924 110 3973 V.
131 3940 155 3974 c.
176 3923 200 3977 3.
222 3922 269 3974 sed
287 3923 339 3974 lll.
360 3925 385 3976 5.
405 3925 431 3976 t.
451 3940 478 3991 p.
499 3922 559 3975 286.
579 3914 631 3972 Ed.
651 3920 788 3973 Torrenii
812 3939 840 3991 p.
862 3923 921 3976 187.
949 3921 992 3973 ed.
1011 3921 1124 4044 Kappii.
1161 3921 1223 3974 Mr.

148 3993 224 4060 facie
251 3993 296 4045 uel
316 3993 423 4060 patris]
464 3992 517 4045 Vel
542 3990 682 4043 omittunt
705 4000 764 4045 tres
783 3992 851 4045 Oxx.
871 3991 943 4043 Edd.
967 3992 999 4043 V.
1020 3994 1051 4043 L.
1097 4010 1120 4044 r.
1140 3993 1224 4045 Fabr.

75 4064 145 4117 Rob.
166 4064 265 4134 steph.
286 4062 371 4114 Lcod.
396 4063 518 4118 HWolf.
547 4061 621 4114 Lall.
642 4061 715 4114 oliv.
753 4061 855 4115 Omnia
881 4064 938 4113 trie
956 4062 1094 4115 vocabula
1112 4062 1223 4115 omittit

76 4134 144 4188 Cod.
165 4135 261 4187 Duisb.
282 4133 424 4199 Reiskius,
444 4133 528 4199 „Sic,
547 4133 596 4197 ait,
616 4132 778 4207 distinguo:
798 4132 893 4198 facie?
911 4133 956 4185 vel
969 4132 1067 4202 patm'e
1086 4160 1118 4172 -
1138 4133 1223 4187 vitai

78 4206 201 4258 omnium
220 4205 296 4258 etc.“
335 4203 390 4258 Sed
416 4206 519 4267 merito
546 4204 693 4257 nemiuem
718 4205 920 4273 obsequentem
942 4203 1050 4256 habuit.
1087 4203 1232 4257 Kiihnero.

77 4277 112 4329 ad
130 4279 174 4329 oei
197 4277 423 4352 intelligendum
447 4276 565 4328 videtur
588 4275 759 4328 simillimus.
797 4276 849 4326 Pro
874 4274 934 4326 vita
959 4283 1001 4326 est
1025 4273 1080 4328 iste
1104 4276 1136 4326 in
1153 4272 1227 4326 Edd.

78 4349 158 4401 Junt.
184 4347 214 4400 C.
235 4353 300 4400 Asc.
321 4351 346 4403 2.
380 4347 440 4412 (sed
465 4347 536 4399 baec
564 4347 595 4397 in
618 4364 710 4421 marg.
739 4364 775 4399 ex
791 4343 849 4397 MS.
877 4345 963 4396 babet
986 4344 1056 4410 uita)
1080 4345 1156 4398 Cam.
1186 4343 1230 4407 (iu

78 4436 171 4493 marg.
197 4418 270 4470 item
292 4419 371 4483 uita).
411 4419 464 4470 Pro
486 4416 663 4484 perditorum
684 4434 758 4472 unus
785 4415 836 4471 ox.
861 4413 1064 4486 praeditorum,
1095 4432 1132 4468 ex
1154 4413 1232 4467 male

108 4521 189 4567 cicera
205 4522 271 4569 Puer.
287 4522 354 4579 Dim.
369 4522 404 4567 ed.
419 4521 505 4567 Maece.
521 4519 575 4563 M.
968 4519 1009 4586 10
