2828 5070
403 108 411 125 ·'
495 92 657 175 'utana
677 106 780 191 aaa.
1172 110 1246 179 aas.

71 294 176 363 qun
202 275 241 340 tn
279 282 355 338 rete
386 276 422 338 in
454 278 542 338 mari
575 279 750 358 immenso,
789 284 905 340 nostra
937 277 1075 343 vehitur
1110 279 1234 345 oratio

74 478 161 535 qum
176 462 209 517 in
226 469 290 517 rate
307 463 337 517 in
354 463 433 517 mari
449 462 592 530 inmmso)
609 462 698 519 habet
715 464 830 536 Gryph.
849 464 958 519 liber.“
974 466 1092 522 Brutus.
1117 467 1236 533 „Multa

75 537 200 589 dumea
226 541 382 588 reversam
407 536 514 600 oratio,
540 552 613 605 qnae
640 544 721 590 retro
749 539 827 591 redit
851 555 944 607 saepe,
971 546 1001 592 et
1023 539 1175 593 adversum
1204 557 1236 593 se

74 607 208 663 vertitur
230 623 258 662 v.
284 608 391 672 lemur,
415 607 579 677 pedemque
602 607 634 659 in
660 611 841 665 contrarium
869 611 980 673 retert,
1008 616 1166 679 contraque
1193 609 1235 674 id,

115 677 155 731 od
178 678 348 732 'sllirmasit
372 686 550 749 sequutaqus
577 685 638 740 est,
675 680 848 750 pronuntiat
875 688 962 748 atque
990 679 1153 733 adversum·
1170 688 1237 734 tan·

96 749 120 802 't
147 755 180 802 st
211 757 305 801 mutat
333 749 505 802 sententiam
534 750 567 802 in
598 751 785 804 diversum.“
824 751 967 804 Turnebus
999 751 1093 804 Advv.
1123 751 1156 803 X.
1192 752 1236 807 14.

74 839 104 892 p.
123 822 188 877 814.
209 845 243 859 -
280 817 406 874 Turnsb.
428 821 550 873 assentit
567 820 615 873 Fr.
636 819 748 875 Fabric.
768 822 911 887 „Pstrsns
939 829 1071 891 tanquam
1089 821 1179 874 insite
1205 820 1238 874 is

75 890 154 945 meri
171 889 312 947 uniuersa.
332 889 385 942 Ed.
406 891 477 944 Van.
498 894 582 947 1491:
608 896 736 959 tanquam
755 898 820 944 rate
837 893 870 945 in
888 892 966 944 mari
983 893 1126 946 immenso.
1160 890 1237 946 Gan·

75 962 150 1017 tsbr.
180 967 313 1032 tanquam
336 965 414 1014 rates
441 962 473 1014 in
498 962 574 1013 mari
600 962 744 1026 immenso,
776 980 842 1014 cum
870 979 928 1033 quo
953 965 1025 1016 tacit
1043 961 1099 1017 MS.
1119 961 1233 1017 Fabric.

74 1032 135 1091 nisi
155 1032 232 1102 qnod
251 1032 386 1085 ultimam
405 1047 518 1097 vocem,
541 1041 630 1102 prout
647 1034 680 1086 in
697 1034 826 1110 vulgatis
845 1042 898 1098 est,
917 1042 1125 1104 repraesentet.
1162 1035 1237 1089 Fon·

74 1115 152 1162 tasse
170 1102 232 1186 legi
250 1105 357 1173 possit:
382 1101 527 1156 laesitans
545 1105 643 1171 multa,
663 1120 697 1157 ac
714 1121 806 1170 unsa,
827 1110 980 1169 reuertens,
1006 1112 1135 1175 tanquam
1158 1113 1237 1161 rates

73 1181 103 1235 ἡ,
121 1190 203 1234 marr
222 1173 368 1241 immenso,
388 1179 486 1227 nostra
509 1172 624 1227 vellitur
641 1175 727 1229 ratio.
765 1177 861 1242 Ratio,
888 1184 977 1246 prout
1003 1195 1070 1230 curn
1095 1176 1130 1229 D.
1150 1178 1237 1231 Mm-

73 1253 143 1308 bino
170 1250 337 1313 scribimus,
368 1246 425 1298 rati
451 1247 483 1297 in
508 1247 620 1299 Oceano
644 1246 764 1301 iactatae
788 1249 1006 1318 comparatur.“
1034 1247 1175 1300 Davisius
1201 1249 1235 1302 in

72 1323 127 1379 m,
149 1329 175 1382 1,
197 1356 230 1370 ...
267 1322 303 1378 Η,
324 1315 487 1390 stephanus
506 1317 538 1369 in
559 1314 802 1372 Pseudocicerone
820 1336 849 1388 p.
869 1319 1042 1371 nvn-Lx.
1064 1318 1108 1372 ed.
1127 1317 1236 1374 lioloff.

72 1397 181 1453 merito
199 1392 330 1451 Turnebi
350 1410 365 1446 e
408 1386 577 1444 licationem
596 1388 676 1441 omni
696 1406 730 1441 ex
748 1397 831 1459 parte
849 1389 1008 1442 violentam
1033 1407 1094 1443 esse
1113 1399 1234 1444 conten·

71 1470 131 1524 dit:
151 1483 282 1521 reserens
301 1465 426 1521 rescribi
445 1464 534 1529 iubet,
557 1467 585 1510 et
603 1459 793 1528 scriptionem
812 1461 888 1513 ratis
907 1459 1060 1530 improbat.
1075 1459 1234 1516 Bonhisriu

121 1547 171 1594 cet
199 1555 338 1603 reverens,
370 1543 502 1606 tanquam
529 1540 600 1587 rate.
641 1529 701 1583 Mr.
739 1530 812 1595 „Gt
839 1529 870 1587 (l.
899 1531 950 1583 Fr.
975 1530 1129 1586 Heinrich.
1154 1533 1232 1586 0bss.

72 1629 102 1664 sn
121 1611 223 1663 Auctt.
243 1611 319 1662 Vstt.
350 1609 377 1661 P.
398 1609 421 1663 1.
447 1626 475 1680 p.
498 1610 557 1662 110.
588 1619 674 1675 quem
704 1601 841 1669 sequor.“
865 1601 961 1658 Klein,
997 1600 1041 1655 De
1067 1617 1138 1655 vose
1156 1601 1234 1655 ratis

71 1681 129 1737 vid.
152 1681 188 1733 Α.
209 1679 364 1734 Senttlebii
382 1679 462 1756 Argo
487 1696 516 1749 p.
539 1680 636 1746 seqq.
673 1672 733 1729 Mr.

143 1770 240 1825 Multa
258 1772 379 1823 aduersa
398 1785 547 1833 reverens,
573 1772 715 1837 tamquam
732 1762 804 1818 ratis
825 1788 858 1801 -
875 1767 972 1817 nostra
994 1761 1106 1818 celitur
1123 1760 1234 1829 oratio]

71 1842 180 1920 Vulgo,
206 1847 352 1895 revertens
370 1847 514 1910 tauroquam
539 1839 570 1892 in
590 1844 701 1892 rate-
722 1843 824 1893 nostra
850 1832 963 1888 retitur
987 1836 1089 1889 oratio.
1127 1834 1184 1889 Sed
1201 1835 1235 1889 in

72 1913 185 1968 Elisus.
205 1920 275 1966 tert.
295 1912 406 1965 etMed.
428 1919 471 1964 est
490 1926 630 1976 res-erens,
651 1927 771 1980 eamque
789 1907 947 1963 lectionem
962 1908 1106 1961 saniorem
1124 1906 1234 1960 merito

73 1985 217 2040 indicavit
234 1983 284 2036 Ph.
304 1980 471 2035 Beroaldus.
509 1981 594 2035 Ratis
610 1982 740 2034 manavit
759 1999 775 2032 a
793 1979 936 2042 Victoria,
966 1980 1014 2031 cui
1039 1985 1154 2031 tantum
1174 1993 1234 2031 non

71 2057 186 2111 accedit
203 2056 255 2108 las.
277 2052 394 2106 cantab.
430 2052 515 2107 Ratio
534 2068 616 2117 vero,
640 2067 699 2104 non
718 2050 825 2116 oraria,
853 2049 1018 2101 Cameraria
1035 2048 1234 2116 Lambinoqua

89 2126 196 2183 lacuit
234 2124 327 2178 Male:
359 2122 436 2176 hanc
461 2125 540 2177 enim
566 2124 813 2194 comparationem
839 2126 988 2173 mutuatus
1008 2127 1053 2172 est
1070 2138 1087 2172 a
1104 2118 1234 2171 Platonis

72 2146 217 2253 lisnedon.
232 2194 253 2261 5.
263 2194 370 2247 xxm.
390 2198 442 2248 Δεῖ
455 2227 487 2239 -
505 2196 554 2248 τὸν
568 2194 709 2260 βέλτιστον
728 2197 782 2247 τῶν
801 2189 990 2257 ἀνθρωπίνων
1008 2189 1100 2256 λόγων
1115 2190 1234 2254 λαβόντι

72 2273 118 2323 rui
152 2267 441 2336 δυςαξῖῖεγκιότατον,
483 2264 529 2319 inl
567 2272 663 2319 τούτου
697 2257 961 2324 exornarent,
992 2258 1125 2313 ὭΣΠΕΡ
1155 2258 1232 2308 ’aar

71 2339 252 2401 DOEAI’AZ,
294 2336 490 2390 astanetum
522 2335 686 2390 διαπλεῦσαι
719 2337 768 2387 τὸν
800 2340 871 2405 βίον.
920 2330 1069 2388 Similiter
1101 2329 1235 2388 catullus

70 2412 127 2466 Ei
168 2410 282 2468 .XXV.

94 2430 169 2489 pgr
238 2481 276 2533 Et
296 2478 450 2533 insolenter
474 2485 585 2533 aestuis
610 2478 701 2533 ueluti
718 2479 827 2534 minuta
845 2495 949 2549 magno

239 2551 386 2618 Deprensa
406 2551 486 2604 nauis
504 2552 535 2603 in
553 2551 640 2616 mari,
665 2552 825 2605 vesaniente
842 2559 931 2605 uento.

73 2625 194 2683 Ovidius
213 2624 244 2676 in
263 2622 357 2693 Epist.
380 2622 528 2692 Cydippes
546 2622 671 2675 Acontio
690 2641 732 2675 vs.
754 2623 798 2680 41.

246 2693 326 2761 ipsa,
351 2693 425 2744 uelut
444 2694 533 2757 nauis,
552 2693 655 2758 iactor,
682 2709 765 2762 quam
785 2701 877 2747 certas
896 2694 927 2748 in
944 2695 1031 2748 altum

242 2763 381 2832 Propellit
400 2765 520 2826 Boreas,
544 2771 640 2817 aestus
659 2772 685 2816 et
704 2767 781 2818 unda
800 2767 898 2833 refert.

73 2836 209 2892 sedulius
233 2835 329 2905 Epist.
358 2835 393 2886 ad
419 2835 626 2891 Macedonium.
658 2835 758 2903 Utpote
778 2837 827 2905 qui
848 2869 877 2879 -
898 2843 956 2888 tam
982 2838 1157 2890 immensum
1182 2852 1235 2902 pa-

72 2907 179 2961 schalis
196 2907 317 2981 pelagus
335 2906 497 2959 maiestatis
517 2938 549 2948 -
566 2922 658 2974 parua
685 2906 744 2958 tiro
764 2905 855 2960 lintre
874 2909 1059 2959 cucurrerim.
1095 2908 1236 2959 Videatur

72 2989 99 3033 et
131 2979 294 3052 Gregorius
323 2977 524 3032 Nazianzenus
554 2978 586 3030 in
617 2977 786 3030 carminum
815 2996 832 3030 a
859 2978 919 3030 lac.
952 2976 1051 3030 ‘lollio
1079 2977 1251 3043 editorum.¹

105 3086 115 3117 ⁹
146 3118 237 3172 multa
255 3120 373 3174 adversa
392 3127 546 3187 reuertens,
574 3127 710 3189 tanquam
728 3120 757 3173 in
775 3127 839 3173 rate
857 3117 929 3185 eta]
965 3118 1149 3197 „pbsecutus
1170 3134 1233 3170 sum

74 3192 182 3246 maiori
201 3192 352 3245 consensui
372 3189 446 3243 MSS.
470 3209 536 3245 cum
555 3191 690 3245 Tur-nebo
709 3209 742 3244 ac
760 3190 898 3247 Lambino
918 3191 1099 3244 iacientium.
1136 3188 1235 3242 Passe-

73 3264 167 3317 ratius
186 3262 302 3315 volebat
323 3264 466 3332 Tanquam
485 3263 547 3315 rati
566 3263 597 3315 in
616 3278 702 3317 mare.
740 3264 810 3317 Pell.
831 3271 891 3317 tres
909 3263 1025 3335 priores
1050 3268 1184 3332 tanquam
1202 3260 1236 3314 iss

73 3340 136 3387 rate
162 3335 191 3386 in
214 3349 303 3385 snare.
340 3332 371 3387 Si
399 3335 541 3386 autoritas
573 3344 754 3404 sequeretur,
783 3335 913 3411 legerem
939 3339 1073 3404 tanquam
1100 3339 1186 3386 rates·
1203 3331 1236 3386 in

73 3406 150 3458 mari
166 3404 242 3458 imm.
261 3412 350 3474 prout
369 3405 462 3458 estin
481 3404 549 3456 Fab.
570 3414 600 3458 et
618 3407 706 3459 tertio
725 3405 761 3459 ad
779 3424 873 3481 marg.
900 3406 1027 3459 Videtur
1045 3407 1163 3458 omnino
1182 3403 1236 3458 ali-

74 3494 161 3548 quem
182 3493 217 3529 ex
235 3483 307 3528 vett.
335 3484 452 3546 poetam
471 3476 653 3546 resipiscere.
692 3476 778 3530 Ratee
796 3487 892 3531 autem
910 3494 965 3548 pro
984 3477 1070 3540 ratis,
1100 3485 1134 3529 ut
1152 3490 1236 3529 canes

74 3547 212 3617 taliaque.
240 3546 372 3600 Lucilius
391 3547 531 3599 laniorum
552 3547 683 3601 immonis
694 3563 775 3602 canes
792 3557 822 3602 ut
840 3548 916 3603 etc.“
937 3546 1072 3602 Gebhard.
1087 3581 1120 3590 -
1139 3546 1236 3613 „For-

74 3625 147 3673 tasse
165 3616 239 3672 haec
250 3619 360 3671 veteris
380 3619 543 3688 cuiuspiam
562 3620 858 3691 podtsclinapaestici
877 3622 990 3675 tuerint
1004 3621 1047 3673 sic
1064 3617 1234 3672 ordinandis

323 3689 475 3754 Dubitans,
494 3690 741 3758 circumspectans,
759 3691 914 3754 haesitans,

325 3761 422 3814 Multa
442 3763 561 3814 aduersa
579 3762 758 3814 reuertens.“
778 3795 809 3804 -
849 3764 974 3829 Gujetus.

72 3832 245 3899 „Vitiosum
264 3848 326 3885 esse
345 3838 498 3895 reuertens,
517 3835 550 3885 in
568 3841 707 3903 promptu
729 3839 782 3887 est.
811 3832 947 3887 Davisius
967 3833 1060 3888 edidit
1075 3851 1109 3889 re
1127 3851 1235 3902 iterem,

72 3903 151 3974 quos
169 3904 293 3956 minime
320 3901 425 3972 placet.
467 3906 572 3960 Verens
598 3904 780 3958 tolerabilius
805 3912 888 3959 esset.
929 3905 1048 3959 conieci
1069 3907 1141 3960 olim
1160 3908 1236 3972 refu·

71 3975 173 4043 gienss
192 3991 247 4027 nec
266 3973 371 4026 melius
395 3976 466 4044 quid
485 3975 614 4046 reperi.“
632 3976 700 4028 lirn.
737 3974 823 4042 „Sola
851 3978 1089 4047 interpunctione
1113 3985 1237 4043 mutata,

71 4043 157 4123 lego:
191 4048 276 4098 nisslta
302 4045 433 4111 aduersa,
465 4053 619 4102 reuertens.
662 4047 747 4101 Nunc
777 4046 862 4101 video
888 4066 1012 4102 sensum.
1059 4048 1178 4102 Scilicet
1202 4055 1238 4099 ut

68 4130 163 4169 naves
189 4116 329 4169 dicuntur
355 4117 479 4183 adverti,
508 4120 551 4172 sic
573 4117 650 4171 ratio
677 4120 764 4184 (nam
796 4117 826 4170 id
849 4119 954 4173 melius
979 4116 1237 4196 vulgata'aralio)

68 4187 165 4239 multa
189 4186 254 4240 loca
281 4187 456 4252 advertitur,
489 4197 518 4242 et
536 4189 604 4243 inde
629 4190 993 4245 revertituri.s.1nulta
1032 4188 1173 4243 robabilia
1190 4204 1238 4242 rc·

68 4265 169 4327 perta,
185 4273 264 4324 mox,
278 4258 375 4313 dubiis
387 4256 526 4327 subortis,
541 4262 695 4333 relinquit.
715 4260 812 4318 Mutua
830 4263 850 4316 i.
861 4279 885 4316 o.
901 4279 949 4317 sss
964 4279 993 4315 m
1030 4261 1105 4314 tas.“
1123 4259 1236 4315 Nisam·
