2828 5070
197 338 262 408 Μ
405 335 636 403 CICERONIS
656 334 904 405 rosunum.
925 336 1156 403 DISPUTAT.

278 505 412 585 Ignaris
432 488 571 568 homines
591 507 626 568 in
646 506 716 568 ritu
734 504 890 567 mentibus
910 516 1039 569 erranti

276 586 367 651 Euth
413 608 471 650 oses
490 590 627 668 potitur,
648 587 791 666 futorum
811 589 946 662 numine,
969 586 1042 648 leto.

278 669 340 734 Sic
399 668 565 734 itutilius
584 673 676 754 finiri
697 672 833 752 ipsique,
856 670 986 750 tibique.

265 847 385 913 ignaria
409 845 581 900 homines-
602 847 711 914 errant]
747 849 851 902 Versus
879 847 1005 910 Oraculi,
1043 847 1142 915 prouti
1175 846 1289 920 legitur
1319 848 1352 900 in

193 925 265 970 vett.
285 919 366 971 libris
384 919 462 988 (ἤρου
480 928 559 984 νήπιε
578 918 667 986 vitonus
686 917 789 988 φρένας
807 917 947 983 ἀνδρῶν),
975 918 1096 968 mutilus
1119 926 1170 979 est,
1197 934 1250 970 nec
1275 919 1352 972 inte-

193 987 323 1063 griorem
341 991 457 1042 exhibet
475 988 648 1058 Stephanus:
667 984 736 1059 ἤρου
755 984 832 1054 riute
851 984 954 1053 ἦλιθιοι
973 991 1073 1056 φρένες
1091 986 1212 1053 ἀνδρων.
1238 987 1352 1042 Davisii

193 1060 347 1125 correcfio,
375 1078 459 1130 quam
478 1061 592 1129 profert
609 1063 697 1114 etiam
715 1060 870 1129 Wyttenb.
891 1059 912 1109 l.
933 1076 957 1110 c.
979 1058 1090 1110 etiarnsi
1109 1060 1282 1110 sententiam
1302 1077 1352 1112 ex-

191 1126 274 1181 hibet
291 1130 478 1201 probabilem,
491 1147 621 1198 ‚versum
645 1131 762 1184 exhibet
790 1131 911 1182 minime
930 1128 1115 1198 probabilem,
1142 1146 1257 1180 caesura
1275 1129 1352 1182 iusta

191 1209 348 1253 carentem.
385 1199 459 1266 Quid
476 1217 492 1250 a
509 1202 651 1271 scriptore
668 1219 768 1253 versus
786 1202 948 1271 proiectum
966 1199 1013 1263 sit,
1033 1200 1137 1251 nescio.
1175 1199 1289 1252 Scribas
1307 1209 1351 1252 ta·

192 1286 260 1324 men
277 1273 397 1325 tortasse
416 1270 492 1323 baud
509 1272 591 1341 peius
609 1273 740 1325 Davisio:

352 1344 452 1409 Ἤρου,
471 1347 566 1406 ortum
594 1341 695 1408 ἧλίθιαι
714 1342 770 1393 uisi
789 1342 884 1409 φρένες
903 1337 1024 1409 ἀνδρῶν.

192 1410 228 1464 In
245 1411 310 1465 Cod.
332 1410 405 1487 Aug.
425 1411 563 1464 scribitur
580 1413 717 1464 menibus
743 1411 780 1463 hi
787 1428 826 1463 nc
849 1417 964 1472 errunt;
993 1412 1023 1462 in
1046 1426 1102 1460 uno
1123 1411 1172 1464 01.
1193 1416 1292 1473 erunt;
1318 1411 1349 1462 in

192 1481 266 1536 (tud.
295 1490 393 1534 errant
417 1488 450 1533 et
475 1484 585 1548 potitur
610 1485 734 1546 sotorum
760 1483 801 1533 sic
826 1481 881 1545 suit
906 1481 1003 1533 utilius
1035 1479 1116 1544 finiri
1143 1479 1255 1548 ipsique
1282 1482 1347 1534 tihi.

192 1551 266 1606 (tud
287 1556 312 1606 1.
332 1557 438 1605 munt.
458 1551 504 1604 sic
521 1552 620 1606 ordine
637 1556 762 1619 futorum
780 1552 891 1620 potitur
909 1551 1021 1604 numine
1033 1550 1115 1603 lueto.
1153 1549 1202 1603 Sic
1219 1551 1277 1616 fuit
1293 1552 1350 1605 uti·

190 1621 247 1677 iius
263 1622 382 1693 ipsique.
402 1624 457 1676 His
476 1632 531 1675 etc.
552 1623 706 1678 llWolfius
723 1623 834 1675 oraculi
852 1639 968 1673 versum
986 1624 1026 1672 ita
1052 1622 1203 1673 emendare
1221 1623 1347 1675 studuit:

351 1688 440 1763 'Ilion
459 1690 648 1760 aelaniticus
666 1690 974 1764 φρίναςὲξαπατηθείς.
1013 1691 1072 1744 Μτ.

263 1763 415 1832 Euthynun
431 1764 542 1832 potitur
558 1767 683 1830 tutorum
700 1780 813 1817 munere
832 1763 918 1829 lueto]
955 1764 1070 1836 „Magis
1084 1762 1187 1832 plicet,
1206 1770 1241 1814 ut
1259 1772 1302 1816 est
1316 1764 1349 1815 in

190 1837 400 1906 manuscripto:
429 1834 636 1904 Euthynous
650 1836 761 1903 potitur
779 1837 905 1898 sutorum
922 1831 1078 1898 numine,
1098 1830 1230 1886 letho.“
1261 1832 1349 1888 Ursi-

192 1921 253 1961 nus.
290 1904 452 1976 Euthynous
472 1934 505 1943 —
522 1923 647 1969 munere,
665 1904 752 1959 letho:
772 1906 814 1956 sic
831 1904 996 1978 legendum,
1017 1921 1083 1966 non,
1102 1912 1135 1954 ut
1152 1903 1260 1977 vulgo:
1289 1905 1348 1957 Eu·

190 1972 306 2046 thynnus
325 2004 356 2014 -
375 1993 489 2030 nsuuere
506 1977 587 2029 lueto.
614 1976 762 2030 Sententia
780 1983 876 2026 autem
894 1973 965 2027 haec
984 1983 1039 2026 est:
1060 1971 1219 2043 Euthynous
1234 1977 1350 2042 potitur

190 2047 258 2113 isto,
277 2047 296 2098 i.
317 2065 341 2101 e.
361 2057 485 2100 mortem
504 2047 586 2112 obiit,
609 2048 734 2110 futorum
752 2062 874 2110 munere,
899 2044 928 2096 id
946 2054 997 2109 est,
1027 2046 1152 2097 fatorum
1175 2045 1348 2099 beneficio.“

190 2115 351 2171 hominus.
372 2119 532 2183 „Fatorum
549 2134 675 2182 munere,
693 2112 779 2171 letho:
800 2117 842 2168 ita
859 2114 942 2168 debet
960 2115 1059 2180 scribi,
1083 2125 1115 2166 ut
1134 2115 1241 2167 dudum
1258 2133 1348 2169 anno-

191 2189 266 2243 tavit
290 2189 416 2241 Turneb.
445 2189 517 2241 adv.
541 2189 639 2244 X.·18.
667 2197 697 2241 et
720 2189 782 2239 fere
808 2187 849 2239 ita
873 2185 1063 2239 membranae.
1099 2188 1152 2239 Pro
1180 2186 1260 2250 lueto,
1288 2187 1346 2240 leto

190 2259 274 2327 biart.
296 2259 408 2312 Gembl.
427 2259 511 2312 Febr.
547 2258 641 2334 Vulgo
658 2257 871 2323 nuntiatione:
890 2256 1076 2328 perperam.“
1094 2255 1232 2310 Gebhard.
1252 2257 1347 2322 „Cum

190 2328 319 2405 vulgatis
336 2331 408 2383 tacit
426 2329 482 2383 MS.
503 2332 546 2382 Lu
601 2329 706 2382 ensis.“
729 2327 864 2394 Verburg.
901 2328 943 2380 De
967 2327 1060 2380 forma
1084 2328 1297 2380 terminationis
1315 2330 1347 2380 in

190 2401 308 2454 nomine
327 2398 488 2470 Euthynous
505 2402 535 2452 vi
556 2399 735 2454 ‚Ruhnken
755 2399 863 2451 Hister.
883 2397 956 2450 Crit.
978 2399 1104 2452 Oratorr.
1126 2399 1192 2450 Grr.
1214 2418 1240 2468 p.
1257 2400 1345 2453 XLll.

191 2470 203 2535 (
224 2472 329 2524 raelira
347 2472 459 2525 Rutilio
477 2471 579 2540 Lupo).
618 2470 753 2524 Ceterum
773 2469 805 2520 in
820 2468 876 2521 hoc
896 2469 1013 2521 nomine
1031 2469 1115 2521 valde
1133 2471 1246 2522 variant
1263 2469 1344 2523 libri.

190 2489 253 2597 lino
272 2543 340 2596 011.
372 2540 532 2596 Euchinout
559 2559 624 2594 cum
651 2544 725 2595 bion.
747 2539 909 2597 1.·2.<Edd.
928 2541 957 2591 Ρ.
983 2538 1017 2595 A.
1035 2541 1067 2592 B.
1087 2539 1115 2593 S.
1136 2540 1170 2591 B.
1190 2541 1252 2591 Asc.
1275 2545 1299 2594 l.
1319 2544 1345 2594 2.

190 2613 370 2672 Ven.,nostr.
391 2614 471 2665 Juut.
509 2614 543 2665 ln
561 2612 668 2664 duobus
687 2612 756 2665 Oxx.
777 2619 819 2663 est
837 2608 998 2675 Euthiueue,
1018 2611 1048 2662 in
1067 2610 1153 2662 hlarb.
1183 2609 1347 2678 Euthiuoue,

191 2680 332 2757 inmarg.
354 2682 439 2735 Goth.
460 2683 497 2734 ol.
517 2680 714 2752 Euthydemus.
740 2683 774 2734 ln
789 2678 863 2732 Edd.
884 2683 920 2733 ot.
940 2681 1004 2733 Ald.
1024 2679 1184 2750 Euthymus.
1210 2709 1239 2719 —
1268 2682 1348 2735 Scri-

189 2751 321 2822 ptionem
340 2761 435 2806 sutem
452 2755 561 2822 potitur
580 2787 611 2796 -
632 2754 686 2805 leto
704 2768 804 2804 veram
823 2767 881 2803 esse
900 2749 964 2821 (pro
984 2752 1088 2818 laeto),
1106 2752 1185 2804 vides
1204 2770 1239 2804 ex
1257 2752 1347 2805 Auso·

190 2821 235 2875 nii
251 2822 384 2893 Eidyllio
403 2826 461 2876 XV.
480 2828 516 2880 49
533 2843 575 2905 sq.
596 2823 644 2875 ubi
663 2832 720 2875 est:

310 2956 312 2961 ,
358 2893 468 2961 Optimo
487 2894 638 2947 Graiorum
655 2893 805 2948 sententia:
834 2893 935 2963 quippe
953 2892 1059 2946 homini
1076 2893 1154 2945 aiunt

207 2984 211 2991 ⁹
354 2962 416 3033 Non
435 2965 517 3018 nasci
535 2981 594 3018 esee
613 2962 720 3032 bonrum,
740 2972 837 3017 notum
854 2964 979 3018 nutrito
997 2971 1106 3016 morte
1120 2962 1252 3030 potiri.

189 3033 336 3091 scribitur
352 3045 448 3088 autem
466 3039 521 3089 teto
541 3036 601 3100 (vel
620 3035 703 3100 letho)
731 3036 763 3087 in
781 3036 867 3088 codd.
886 3037 955 3108 Reg.
974 3035 1047 3109 Aug.
1068 3036 1141 3085 Mon.
1163 3039 1186 3087 1.
1207 3036 1231 3086 2.
1254 3036 1344 3086 lllarb.

188 3105 274 3161 Rern.
294 3107 379 3159 vind.
399 3109 424 3161 2.
444 3106 534 3160 Rehd.
553 3106 650 3159 Duisb.
670 3107 762 3158 tribus
781 3103 936 3168 Gebhardi,
961 3105 1030 3158 011.
1055 3102 1193 3168 omnibus,
1216 3103 1288 3155 Edu.
1310 3104 1346 3156 A.

187 3176 219 3235 B.
239 3179 309 3230 Ven.
329 3185 417 3229 nostr.
456 3178 554 3246 quue,
574 3195 747 3247 quanquam
770 3172 961 3240 subdubitans,
987 3173 1167 3227 scribendum
1195 3173 1253 3225 iam
1270 3175 1348 3227 vidit

189 3246 356 3312 HWollius,
376 3247 480 3300 collato
499 3266 584 3300 versu
602 3248 721 3299 Graeco.
757 3247 823 3300 Post
842 3243 1023 3301 Gebbedd
1049 3260 1147 3299 omnes
1170 3245 1225 3298 teto
1250 3264 1278 3296 v.
1307 3246 1348 3298 ie-

190 3316 250 3372 tto:
271 3318 319 3371 sed
339 3317 414 3370 illud
430 3326 562 3387 praestat.
583 3318 646 3369 Vid.
667 3316 838 3370 Groteiend.
856 3316 878 3369 1.
896 3315 919 3368 l.
937 3313 960 3383 i
981 3318 1041 3372 136.
1079 3316 1140 3370 Mr.

259 3389 394 3443 Fatorum
419 3388 553 3454 numine]
599 3389 692 3463 Vulgo
725 3404 847 3442 munere.
885 3386 941 3440 Sed
968 3395 1093 3459 praestat
1124 3387 1215 3440 altera
1245 3388 1344 3455 lectio,

188 3474 277 3580 gum
302 3468 517 3527 repraesentant
540 3458 609 3533 Reg.
635 3459 707 3511 llletl.
730 3459 828 3512 Ursin.
848 3456 959 3510 Eliens.
982 3477 1029 3528 pr.
1056 3475 1112 3511 sec.
1139 3468 1208 3511 tert.
1227 3459 1342 3512 Balliol.

212 3527 257 3578 ak.
287 3544 407 3596 earnque
435 3527 491 3580 iam
514 3529 607 3581 ridem
640 3537 812 3598 receperunt
837 3528 983 3581 Victorius
1008 3537 1036 3580 et
1067 3530 1228 3582 Lambinus.
1273 3530 1346 3583 Sane

188 3595 317 3668 μοιριδίῳ
336 3602 446 3666 θανάτῳ
465 3549 540 3652 heile
560 3601 721 3669 respondet,
742 3599 851 3662 (numen
870 3598 949 3649 enim
967 3606 1071 3650 nutum
1088 3599 1147 3653 sive
1166 3601 1347 3654 voluntatem

189 3666 347 3743 significat)
368 3678 396 3721 et
416 3672 506 3744 inagis
526 3679 569 3722 est
586 3671 707 3740 poetica.
744 3670 781 3722 1).

261 3740 388 3805 futorum
406 3740 562 3805 numine]
600 3742 715 3793 Praeter
741 3737 812 3803 Edd.
840 3747 897 3791 vet
925 3739 1016 3793 Bouh.
1045 3742 1079 3792 V.
1107 3742 1142 3793 H.
1172 3744 1267 3795 hamb.
1295 3743 1345 3796 Fr.

188 3809 264 3862 Patr.
285 3811 353 3863 Rob.
375 3810 473 3881 Steph.
493 3810 563 3863 Dav.
583 3808 837 3864 Parvuli-scm.
857 3827 936 3881 seqq.
962 3827 1059 3865 omnes
1085 3810 1191 3866 habent
1218 3829 1345 3868 micuere:

211 3882 267 3933 uod
285 3889 380 3934 tamen
420 3898 457 3933 on
513 3889 632 3933 noscunt
657 3880 741 3934 Codd.
766 3882 806 3935 Re
830 3916 836 3929 .
861 3880 946 3933 Bern.
966 3882 1076 3946 Ursini,
1101 3902 1174 3936 unus
1199 3885 1249 3937 Ox.
1271 3885 1346 3938 Gud.

190 3894 216 4004 i.
236 3953 262 4004 2.
283 3952 356 4025 Aug.
405 3954 462 4004 urb.
508 3897 1015 4004 ehd.hieni1nexhihentnumine.
1053 3954 1133 4007 Unus
1153 3956 1203 4008 Ox.
1231 3965 1260 4008 et
1278 3956 1345 4009 Cod.

189 4018 287 4072 Duisb.
307 4023 430 4085 minime,
458 4023 533 4090 quod
553 4031 649 4073 ortum
668 4032 710 4074 est
729 4020 904 4094 expnumine,
932 4037 998 4073 cum
1025 4023 1110 4077 litera
1129 4026 1142 4077 i
1159 4026 1219 4078 sine
1239 4036 1347 4096 puncto

189 4091 375 4159 scriberetur,
404 4108 497 4158 neque
525 4093 612 4144 facile
639 4093 741 4146 literae
767 4092 925 4145 simillimis
943 4092 1074 4146 ductibus
1097 4105 1227 4148 exaratae
1246 4098 1349 4150 distin-

231 4172 357 4214 erentur.
396 4164 533 4215 Fatorum
551 4179 649 4216 numen
667 4164 742 4216 dixit
761 4164 847 4215 etism
866 4163 945 4236 Virg.
965 4163 1066 4239 Eclog.
1089 4167 1134 4218 lV.
1155 4169 1198 4222 4⁷.
1219 4169 1348 4221 Nissenii

210 4234 387 4286 escensionem
399 4233 565 4299 scriptionis
578 4252 697 4298 metuere,
717 4250 789 4308 quae
808 4232 885 4283 nihil
902 4233 1014 4302 probat,
1034 4252 1091 4288 uon
1107 4255 1264 4290 moramur.
1285 4242 1347 4293 Mr.

262 4304 312 4355 Sic
329 4304 385 4368 fuit
402 4302 504 4355 utilius
523 4305 604 4368 finiri
621 4306 731 4374 ipsique
749 4302 866 4372 tibique]
890 4303 969 4355 Unus
988 4305 1037 4356 Ox.
1057 4306 1099 4359 Si.
1122 4309 1247 4361 Verbum
1267 4299 1350 4375 fiairi

190 4373 302 4425 omittit
320 4392 392 4424 unus
412 4374 476 4424 0x.:
498 4376 559 4427 cius
578 4376 641 4429 loco
660 4376 733 4451 Aug.
753 4375 838 4427 habet
855 4374 939 4438 firmi.
980 4376 1075 4429 Ft'niri
1099 4397 1151 4449 pro
1170 4380 1246 4432 mori
1271 4399 1350 4435 cosn-

192 4444 274 4497 mode
292 4463 307 4497 a
326 4453 410 4513 poeta
428 4442 496 4512 dici,
521 4463 614 4514 nemo,
638 4447 752 4516 opinor,
779 4446 811 4498 in
838 4444 957 4498 dubium
979 4447 1102 4501 vocabit.
1140 4450 1288 4505 Similiter
1316 4452 1350 4505 de
