2828 5070
519 314 647 377 mum
667 316 694 395 1,
718 318 767 382 13.
1165 318 1225 382 uu

57 476 292 543 incommodo.
334 478 462 541 Dolent
480 481 624 541 fumasse
645 486 680 541 et
699 485 887 565 anguntur:
911 480 969 542 sed
990 482 1048 543 illa
1068 483 1223 569 lugubri·

57 564 266 623 hmcututio
295 563 458 642 uetusque
484 580 635 623 maerens
655 580 697 621 ox
724 580 764 623 co
792 570 854 637 est,
886 562 975 643 quod
1002 583 1089 644 eum,
1125 586 1224 649 quem

56 642 256 719 dileximus,
276 644 368 705 vituc
387 642 569 705 commodis
590 644 760 723 privatum
782 643 1000 722 arbitramur,
1031 645 1130 729 idque
1150 668 1224 711 sen-

56 728 130 789 tire.
178 726 296 807 Atque
326 724 390 787 boc
417 728 465 787 itu
492 729 653 788 scutimus
681 731 802 787 natura
833 724 935 803 duce,
969 728 1062 789 nullu
1092 733 1225 793 ratione

55 809 225 889 nullaque
246 804 412 870 doctriua.

374 933 613 941 ---—-·-—---
624 934 636 941 .
646 933 1078 945 -n--Q-——n-m
1084 937 1212 945 -.-..--

54 1012 99 1051 ecc
117 994 247 1049 orbatos
265 993 343 1047 vitae
361 992 517 1046 commodis
535 992 702 1048 arbitretur.
721 994 850 1049 Credunt
868 994 963 1071 igitur
979 994 1121 1063 homines,
1140 998 1227 1051 smis-

51 1084 154 1121 sorum
180 1064 264 1117 vitae
283 1063 498 1117 commodorum
515 1083 629 1119 sensum
646 1064 681 1117 ud
699 1066 849 1123 defunctos
866 1068 1025 1149 pertinere,
1051 1076 1138 1137 atque
1156 1068 1227 1121 adeo

52 1138 172 1191 animos
194 1142 264 1207 post
280 1143 406 1189 mortem
423 1151 601 1205 permanere.
639 1134 714 1201 Quae
733 1137 831 1207 opinio
850 1137 907 1188 ursi
935 1138 967 1189 iu
985 1135 1138 1191 bominum
1164 1138 1227 1191 cui·

53 1210 109 1261 mir
126 1206 288 1271 haereret,
306 1203 342 1259 ob
359 1204 508 1258 deuinctos
527 1206 685 1259 inanimum
704 1204 791 1259 illum
809 1208 923 1260 luctum
941 1225 999 1261 non
1013 1210 1085 1263 susci
1108 1207 1224 1262 crent.“

53 1280 138 1335 idem
168 1275 411 1330 ad'scntentium
436 1275 589 1329 verborum
615 1276 761 1332 memdt'
787 1286 817 1331 et
843 1276 957 1333 dolendi
980 1279 1077 1332 laudet
1120 1298 1168 1351 pp.
1188 1278 1224 1332 ad

53 1350 115 1403 Αιι
135 1345 815 1403 xn.28.infr.1V.8.18.l¹'orceilin.s.v.
844 1358 1004 1403 moereret
1028 1350 1118 1405 dolor.
1147 1350 1223 1424 Aug.

51 1418 239 1477 Groteieud.
260 1416 368 1471 Corum.
397 1435 423 1469 z.
442 1416 470 1469 d.
489 1416 630 1471 Materiul.
651 1418 729 1473 vul.
748 1422 774 1474 2.
795 1424 820 1474 l.
846 1438 876 1503 p.
899 1423 958 1477 tut.
995 1421 1224 1475 Billerbeckiuur

51 1508 114 1545 uon
143 1506 313 1553 moramur,
340 1484 392 1570 qui
417 1487 533 1542 nonnisi
559 1486 711 1541 dimidiam
736 1491 928 1544 annouuonis
955 1492 1083 1547 Nisseuii
1109 1500 1224 1563 partem

52 1562 154 1617 deseri
181 1560 231 1611 ..it.
270 1556 396 1612 Orellrus
415 1557 472 1612 itu:
500 1556 625 1624 „Quodsi
643 1574 701 1611 uun
718 1568 825 1613 statuas
842 1570 970 1616 mortuos
997 1564 1075 1616 vitae
1099 1578 1226 1616 commo-

52 1632 98 1687 dis
118 1649 138 1685 o
198 1640 245 1683 tos
262 1627 361 1699 [idque
379 1628 514 1695 seutich,
542 1646 656 1681 irrueror
674 1629 776 1683 aberit.
814 1634 926 1685 biacror
953 1634 1032 1687 cuim
1050 1651 1164 1703 setupcr
1190 1632 1226 1685 ed

52 1704 128 1757 alins
216 1707 288 1766 ctat,
315 1714 385 1769 quos
411 1716 585 1753 moeremus:
615 1716 668 1753 nec
695 1716 765 1753 vero
784 1718 859 1765 euru,
889 1703 940 1771 qui
967 1720 1017 1757 suo
1043 1702 1226 1756 incommodo

52 1774 148 1839 dolet,
159 1718 279 1825 'fiune
299 1776 378 1821 recte
396 1768 504 1823 dixeris
522 1785 659 1835 merere,
677 1768 726 1823 sed
743 1771 837 1824 dolere
855 1781 969 1826 tantum
987 1774 1036 1827 vel
1060 1773 1160 1841 angi.“
1186 1772 1227 1825 Et

53 1846 113 1899 hoc
141 1840 272 1915 quidem
296 1838 364 1893 satis
387 1840 484 1909 placet
510 1840 695 1909 animumque
723 1842 787 1894 iere
815 1842 934 1913 explet3
969 1860 1141 1913 quamquam
1169 1858 1227 1894 nou

54 1932 192 2041 :1:33⁸
193 1910 270 1963 mibi
302 1925 416 1981 quoquc
447 1910 601 1981 aliquando
634 1910 668 1963 de
700 1928 769 1965 vom
803 1911 930 1967 lectione
962 1912 1021 1965 loci
1053 1913 1139 1965 dubia
1167 1928 1228 1965 osse

229 1982 271 2035 Et
298 1980 449 2034 emendare
476 1998 543 2035 eum
570 1982 627 2037 iam
645 1981 756 2035 studuit
781 1984 819 2035 Μ.
838 1982 986 2039 Weberus
1009 1984 1041 2035 iu
1060 1983 1227 2037 Proiusiouc

57 2058 100 2113 De
120 2052 335 2125 intempestiva
361 2068 394 2103 ec
412 2052 504 2105 nimia
521 2051 655 2106 lectionis
673 2052 863 2121 emendandae
894 2072 964 2107 cura
990 2052 1115 2119 (Witeb.
1137 2054 1227 2117 1⁷8³.)

58 2130 127 2201 ns
157 2143 225 2196 sqq.
253 2123 347 2178 denuc
373 2140 472 2177 recusa
498 2122 529 2177 iu
558 2122 593 2187 ej.
622 2122 767 2193 Symbolis
794 2124 829 2176 ad
856 2125 984 2179 Graium.
1013 2133 1044 2179 et
1070 2124 1143 2179 Crit.
1163 2126 1226 2178 lut.

60 2220 88 2269 p.
109 2201 168 2255 197
188 2212 252 2267 sqq.
281 2194 430 2269 corrigens
457 2209 573 2247 cuorum
598 2195 749 2247 commodo.
784 2194 810 2247 E
875 2211 944 2247 vero
969 2196 1150 2249 coniecerunt
1177 2211 1228 2248 cuc

62 2264 299 2325 incommodo
317 2263 466 2331 (maeret):
486 2272 519 2317 ut
537 2264 613 2317 dixit
631 2273 729 2318 noster
754 2282 780 2317 c.
800 2266 844 2319 2.
872 2265 958 2317 buius
981 2264 1069 2319 libri:
1098 2264 1229 2333 gloriari

63 2342 102 2395 iu
119 2356 174 2401 τος
192 2337 259 2390 vei:
279 2350 423 2389 cuorum
440 2334 478 2389 iu
497 2335 647 2389 comrucde.
683 2333 739 2388 Sed
756 2333 836 2387 nibil
860 2344 953 2399 muto.
986 2335 1048 2388 lam
1075 2336 1134 2387 vid.
1155 2351 1229 2403 quac

64 2412 98 2467 de
114 2410 179 2463 boc
196 2407 262 2461 loco
281 2406 371 2532 surgas
389 2407 432 2459 dis
453 2407 596 2460 utavimus
623 2406 655 2459 iu
681 2404 822 2477 Symboll.
842 2404 929 2459 Critt.
957 2404 992 2458 ad
1020 2404 1081 2459 Cic.
1100 2404 1228 2476 specim.

66 2480 392 2547 ill-ca.2.p-·i.
465 2494 490 2529 r.
818 2538 821 2543 Ι

139 2497 244 2605 Dolieut
260 2546 394 2615 fortasse]
430 2547 510 2613 „Cur
526 2550 653 2616 fortune
671 2546 704 2601 iu
721 2565 754 2603 rc
772 2548 893 2603 minime
911 2548 1018 2601 dubia?
1054 2546 1146 2601 Credo
1169 2563 1230 2601 esso

67 2622 227 2675 vitiosum:
256 2620 469 2673 correctionem
508 2619 665 2673 robabilem
682 2636 736 2673 nec
759 2619 820 2703 ipse
848 2621 955 2690 reperi,
985 2636 1039 2674 nec
1064 2618 1117 2671 alii
1144 2618 1230 2671 desti·

69 2691 221 2748 tuentibus
237 2689 355 2742 libris.“
372 2688 441 2743 Erat.
499 2690 534 2751 cd
561 2698 639 2744 recte
659 2688 747 2743 Orell.
773 2698 815 2743 rte
833 2690 1006 2745 seutentiam
1033 2698 1134 2761 utpote
1160 2689 1230 2743 sim-

69 2764 263 2837 piicissimam
286 2761 427 2832 explicat:
456 2759 560 2827 Quodsi
586 2762 663 2814 forte
691 2759 796 2831 aliquis
822 2778 926 2831 parum
952 2760 1037 2813 fortis
1056 2778 1089 2814 ac
1107 2760 1229 2831 sapiens,

70 2852 165 2959 regine
182 2834 317 2956 {ortum
336 2830 460 2953 ludibria
478 2840 664 2954 contemnere
681 2830 806 2953 egritctus,
834 2849 885 2885 suo
903 2831 1094 2953 contristetur
1120 2831 1229 2952 incogr-

70 2926 98 2959 m
154 2943 165 2971 ‚
197 2920 248 2955 um
285 2918 395 2956 ceree
426 2917 496 2969 augo
515 2920 582 2955 eum
600 2918 680 2955 recu
729 2920 817 2967 xoris,
844 2917 972 2956 maerere
990 2919 1050 2955 non
1067 2922 1078 2953 1
1094 2920 1149 2957 cur.
1213 2918 1228 2955 e

70 2974 287 3031 constructione
304 2970 411 3025 horum
428 2973 583 3026 verborum
599 2972 659 3025 vid.
679 2970 841 3025 Gcrnhard.
862 2972 898 3025 ad
914 2972 992 3025 luel.
1010 2972 1057 3025 tv.
1079 2973 1121 3026 14.
1164 2974 1227 3027 .36.

72 3081 102 3091 -
121 3048 180 3100 Pro
198 3042 365 3097 lamentatio
383 3061 446 3095 mar
467 3082 473 3095 .
494 3042 582 3097 Goth.
602 3042 716 3096 hcrnbb.
738 3051 766 3095 ct
784 3042 869 3095 Verb.
888 3042 1011 3095 habent:
1039 3042 1077 3094 ul.
1098 2988 1226 3095 eiuiatt'o.

70 3118 195 3185 Quinam
213 3130 283 3168 vero
301 3115 361 3167 sint
377 3112 410 3165 bi
428 3062 490 3178 aii,
518 3114 550 3165 in
575 3114 706 3167 omnium
731 3112 877 3165 librorum
901 3122 1067 3165 nostrerum
1090 3128 1229 3163 consensu

69 3190 168 3243 dicere
186 3201 245 3238 non
262 3202 384 3255 possum.
421 3184 486 3237 Post
504 3184 654 3241 dileximus
673 3184 704 3235 iu
713 3183 780 3237 cod.
800 3182 899 3247 birris„
919 3181 1002 3235 oculo
1020 3180 1130 3235 scribae
1149 3181 1230 3233 abor·

71 3268 155 3313 rante
172 3256 208 3311 td
226 3274 255 3310 se
296 3256 384 3321 entia,
403 3255 513 3307 intrusa
530 3266 598 3308 suut
614 3255 701 3308 verbu
718 3260 820 3306 nutura
845 3252 925 3316 duce,
955 3253 1084 3318 itemque
1114 3250 1145 3301 iu
1172 3266 1229 3303 uno

70 3334 121 3384 Ox.
152 3346 243 3399 eaque
282 3326 356 3380 ectio
385 3326 416 3377 in
442 3324 533 3378 altero
561 3328 612 3379 Ox.
640 3341 741 3377 vocem
767 3324 843 3378 uitae
861 3322 995 3375 extrusit.
1033 3319 1125 3375 Verba
1143 3321 1229 3391 idque

70 3401 178 3457 sentire
197 3398 300 3452 desunt
318 3396 350 3449 in
368 3395 454 3450 Codd.
472 3396 557 3447 Vind.
577 3400 602 3453 2.
624 3404 652 3449 et
670 3412 728 3448 uno
747 3394 797 3447 Ox.
835 3396 938 3461 Neque
965 3408 1035 3445 vero
1060 3409 1231 3461 supervacu-

69 3490 122 3525 nea
142 3476 219 3537 sunt,
238 3468 287 3522 sed
305 3466 577 3537 commodcrxplcnt
596 3465 777 3519 sententiam.
797 3464 862 3517 Vid.
874 3464 1014 3527 Goereuz.
1026 3462 1061 3513 ud
1069 3460 1173 3514 Acadd.
1189 3461 1227 3516 11.

73 3546 114 3598 tt.
134 3544 179 3598 32.
198 3558 229 3623 p.
248 3542 292 3597 64.
310 3537 397 3593 Verb.
417 3538 448 3590 in
468 3554 558 3613 marg.
587 3538 628 3590 ait
655 3554 746 3599 unum
765 3533 831 3588 Cod.
853 3532 991 3589 exhibere
1017 3534 1157 3587 commodo
1176 3550 1229 3604 pro

70 3610 232 3669 commun.
270 3610 331 3663 Mr.

144 3702 237 3770 Atque
253 3697 321 3764 boc]
359 3698 407 3751 Sic
426 3705 505 3751 rccte
523 3696 592 3750 nat.
620 3696 715 3771 Vulgo
732 3694 809 3752 baec.
847 3697 884 3751 D.

143 3793 235 3858 Atque
252 3786 325 3853 icc]
362 3787 405 3839 ita
423 3784 565 3838 dederunt
588 3786 676 3838 etiam
693 3784 838 3839 unwolf.
859 3783 948 3836 Orell.
978 3782 1092 3852 (quibus
1110 3785 1229 3835 assentit

71 3861 201 3937 buggius
218 3860 240 3910 i.
259 3876 286 3913 c.
305 3876 334 3927 p.
354 3857 411 3921 tt.)
437 3865 467 3908 et
485 3854 623 3909 exhibent
642 3856 727 3907 codd.
748 3855 838 3908 Rehd.
858 3854 932 3906 Gud.
952 3854 1038 3905 Bern.
1068 3852 1096 3915 (a
1112 3871 1158 3923 pr.
1177 3853 1230 3919 m.)

71 3950 148 3985 uuus
165 3932 215 3984 Ox.
236 3939 265 3983 et
283 3929 335 3981 Ed.
356 3929 391 3980 H.
419 3928 492 3979 Eam
511 3928 599 3979 etium
617 3927 816 3995 scriptionem,
837 3925 954 3976 laudans
972 3924 1069 3975 iocum
1088 3933 1230 3990 nostrum,

71 4002 243 4074 praetulisse
268 4000 384 4052 ridetur
402 3997 538 4051 Ochsncr.
568 3996 602 4049 ud
622 3997 681 4049 cic.
701 3997 765 4049 uel.
784 4015 813 4065 p.
832 3999 893 4051 343.
932 3993 1077 4047 Scribitur
1095 3995 1231 4048 sentinus

70 4077 116 4129 ita
136 4073 167 4124 in
179 4071 265 4124 Codd.
279 4068 462 4123 119111νίηά-
473 4070 499 4123 2
512 4068 564 4121 Ed.
580 4068 615 4118 H.
636 4068 679 4119 Ad
697 4086 724 4119 v.
745 4068 856 4119 ratione
875 4073 901 4119 et
921 4064 1053 4118 doctriua
1070 4065 1129 4118 vid.
1140 4066 1231 4135 wyt-

70 4143 151 4197 teub.
178 4142 215 4195 ad
239 4140 300 4195 uic.
329 4140 364 4194 de
389 4141 427 4192 N.
451 4140 486 4191 Ι).
512 4157 541 4209 p.
563 4141 623 4193 718.
653 4138 695 4191 ed.
724 4138 771 4190 Cr.
800 4147 830 4190 et
849 4145 937 4189 nostr.
963 4135 1029 4200 inei.
1050 4134 1121 4187 Add.
1142 4137 1230 4201 locon,

69 4232 145 4287 quos
162 4213 325 4267 Ochsnerus
342 4211 438 4264 laudet
456 4210 477 4261 l.
496 4226 522 4263 c.
543 4209 685 4262 nimirum
703 4208 738 4262 de
757 4208 812 4261 off.
832 4209 854 4260 1.
875 4210 919 4261 26.
939 4210 983 4261 911.
1003 4207 1038 4257 dc
1053 4207 1137 4258 Finn.
1158 4208 1181 4260 1.
1201 4210 1228 4263 9.

68 4292 115 4345 311.
144 4284 195 4338 ubi
221 4301 249 4335 v.
278 4284 419 4336 Goerenz.
446 4284 537 4352 1²⁴⁰·
582 4279 652 4332 Add.
680 4280 807 4332 Plexiaci
840 4279 968 4331 bexicon
994 4277 1231 4349 Philosopbicum

69 4354 320 4420 (ciceronianum)
338 4371 366 4423 p.
385 4355 421 4408 46
439 4370 481 4421 tq.
520 4352 583 4405 Mr.

143 4444 169 4480 c.
192 4429 233 4481 14.
252 4430 447 4493 ανμηιιηιιιηι
462 4429 518 4487 ert,
535 4428 668 4477 naturam
686 4448 719 4460 —
739 4419 874 4488 mdimre,
895 4422 969 4491 quod
991 4446 1024 4457 -
1046 4418 1123 4485 runt]
1152 4418 1232 4470 Hanc
