2828 5070
456 293 609 355 nutu
631 293 657 371 1,
677 295 730 358 ss.
1159 294 1224 367 sus

61 464 135 541 ipsa
156 461 246 520 ratio
266 458 378 519 miuus
398 456 562 538 perficiet,
601 467 639 518 ut
665 463 808 519 mortem
836 457 1005 543 negligere
1038 460 1220 539 possimuss

61 551 98 604 ut
125 544 197 604 vite
224 548 299 602 ecte
320 539 484 620 perficiet,
516 546 555 600 nt
583 540 664 600 satis
695 557 862 622 superque
882 540 1005 602 uixisse
1033 537 1219 604 videamur.

64 625 267 707 Quamquam
290 622 378 684 enim
399 640 515 683 seusus
537 620 657 698 aberit,
679 629 791 684 temen
811 623 881 683 suis
901 629 935 682 et
956 623 1105 704 propriis
1126 620 1221 682 bonis

60 706 170 769 laudis
194 717 229 769 et
249 706 390 792 gloriae,
413 705 564 787 quamvis
586 722 656 766 non
677 705 833 782 sentient,
860 705 990 766 mortui
1007 725 1076 767 uon
1096 711 1221 769 carent.

63 893 183 948 exhibet
208 892 273 962 ipso
301 892 435 947 oratio.-
464 900 506 946 est
525 891 613 945 etism
636 890 731 945 oratio
750 891 782 943 in
800 905 857 943 uno
875 889 926 944 llx.
946 898 976 944 et
992 888 1045 944 Ed.
1066 888 1101 942 tt.
1121 905 1220 944 errore

61 965 130 1018 satis
156 967 324 1033 frequente:
362 980 398 1015 ne
421 978 456 1014 ue
483 980 598 1031 semper
621 963 708 1015 facile
732 961 849 1015 decerni
875 969 979 1031 potest,
1013 960 1156 1032 quoduam
1182 959 1221 1015 sil

61 1035 301 1107 praeferendum:
333 982 471 1087 hocloco
494 1034 646 1087 facillime.
665 1033 730 1087 Vid.
759 1048 809 1087 noe
834 1029 869 1082 ed
888 1031 947 1084 Cic.
967 1030 1002 1085 de
1021 1033 1058 1086 N.
1078 1031 1110 1085 D.
1132 1031 1154 1086 1.
1174 1031 1219 1088 87.

61 1124 90 1177 p·
113 1109 172 1162 lot.
192 1105 244 1158 111.
267 1111 290 1160 1.
310 1107 371 1160 loe.
392 1104 434 1159 ed.
455 1104 521 1157 Cre.
550 1113 580 1159 et
606 1113 695 1157 nostr.
724 1101 789 1168 mai.
809 1100 965 1172 Wylteub.
991 1101 1029 1155 ib.
1050 1101 1086 1157 ad
1103 1102 1156 1157 111.
1174 1103 1219 1160 4⁰.

63 1195 92 1248 p.
112 1178 175 1231 8⁰³.
195 1175 262 1228 coll.
283 1175 342 1228 Cic.
369 1175 553 1250 deLegg.1.
575 1176 617 1232 18.
666 1213 672 1227 .
695 1176 754 1232 116.
781 1171 825 1226 ed.
854 1176 943 1226 nostr.
970 1172 1005 1225 de
1027 1173 1093 1226 Dis.
1117 1173 1155 1228 11.
1174 1173 1219 1230 16.

62 1265 92 1318 p.
112 1250 173 1302 389.
202 1246 245 1300 ed.
272 1255 361 1299 nostr.
399 1246 475 1299 Tum
503 1246 569 1300 Cod.
597 1193 685 1300 Reid.
711 1245 848 1314 proficiet.
886 1242 1058 1299 Bouhierius
1085 1243 1117 1298 in
1140 1259 1221 1317 seqq.

62 1317 152 1371 scribi
177 1317 304 1371 volebat:
337 1322 370 1369 ut
392 1323 510 1370 mertem
536 1316 682 1385 eligere
710 1335 739 1368 v.
765 1314 932 1440 deliqs'rs
952 1314 1111 1384 possimus:
1141 1324 1223 1373 utss

105 1389 145 1440 asi
164 1397 279 1442 excuset
298 1387 411 1453 Cicero,
439 1388 516 1459 quod
543 1388 707 1442 Stoicorum
733 1384 834 1454 εὐλόγῳ
867 1388 981 1454 §ayunt
1004 1401 1063 1440 uon
1088 1386 1221 1442 siturus.

87 1475 139 1511 uae
167 1457 285 1528 quidem
312 1459 455 1512 sententia
479 1459 570 1534 magis
596 1468 638 1512 est
662 1457 828 1530 probabilis,
856 1474 942 1542 quam
964 1454 1141 1510 emendatio:
1170 1455 1224 1513 illa

61 1539 159 1583 eutem
185 1529 253 1582 satis
277 1531 425 1583 commode
452 1548 488 1583 ex
505 1530 623 1605 vulgata
649 1529 775 1584 lectione
804 1528 874 1581 elios
896 1527 947 1581 vel
1026 1526 1098 1580 eriri
1116 1534 1221 1599 potest.

62 1600 145 1653 Peius
163 1600 288 1652 tentavit
306 1600 440 1654 Ratbius:
465 1606 496 1653 nt
514 1601 574 1655 cita
592 1607 657 1654 scin
672 1615 735 1670 per
741 1599 813 1668 tici
819 1604 863 1653 sl.
901 1599 982 1654 Unus
1023 1616 1051 1650 x.
1071 1597 1158 1652 habet
1175 1611 1218 1654 nc.

63 1671 151 1724 Merb.
171 1670 214 1722 s'la
232 1687 286 1741 pro
305 1671 375 1723 vilo.
413 1672 473 1729 Mr.

135 1743 303 1811 &nmquam
322 1742 394 1796 enim
406 1758 505 1796 sensns
523 1743 625 1808 aberit,
644 1749 737 1798 tumen
750 1743 844 1795 suiset
861 1738 991 1810 propriis
1004 1738 1096 1808 bonis]
1114 1737 1219 1816 Vulgo,

62 1828 160 1866 sensus
178 1813 292 1878 abierit,
320 1820 414 1866 tumen
432 1815 551 1867 summis
570 1823 624 1867 etc.
662 1814 718 1867 Sed
746 1812 839 1867 oberit
868 1820 910 1866 est
932 1812 1035 1887 alleg.
1055 1811 1220 1883 locumque,

62 1892 151 1955 prout
169 1883 318 1948 edidimus,
343 1886 415 1937 olim
434 1885 586 1937 Lninbinus
612 1885 750 1938 restituit.
788 1884 824 1937 D.
1007 1939 1010 1942 ,

136 1956 304 2022 Quamquam
321 1956 394 2008 enim
413 1972 512 2009 sensus
530 1955 667 2022 oberit]
704 1955 789 2008 Parui
816 1953 984 2008 auctoritsti
1002 1951 1114 2007 Codicis
1133 1952 1220 2038 regii,

63 2041 151 2095 quam
178 2024 263 2077 affert
280 2025 347 2079 Dav.
370 2045 543 2098 quamquam
562 2028 593 2079 in
616 2035 713 2080 nostra
731 2023 885 2081 collatione
903 2024 1020 2077 nullum
1039 2022 1101 2076 eius
1118 2021 1221 2078 lectio·

62 2096 109 2148 nis
136 2104 178 2149 est
200 2097 274 2149 resti
297 2097 365 2149 ium.
402 2099 442 2150 Et
468 2098 580 2169 placuit
603 2095 748 2149 Futurum
775 2097 833 2150 iam
865 2100 868 2105 ’
897 2096 972 2151 ‘dem
995 2092 1143 2159 Lambino,
1170 2093 1219 2149 re.

63 2166 147 2219 Febr.
168 2166 267 2220 HWol
290 2183 316 2232 o,
336 2167 439 2222 deinde
456 2168 588 2222 Bentleio
607 2175 636 2220 et
653 2168 786 2233 Ernesto,
810 2183 860 2220 een
882 2171 984 2238 emq'ue
1002 2164 1160 2219 lectionem
1177 2181 1224 2221 rs·

62 2237 294 2307 oepitOrellius.
331 2238 452 2292 Accedit
479 2256 558 2292 nunc
582 2238 640 2291 MS.
662 2237 693 2289 in
719 2254 811 2312 merg.
830 2236 883 2290 Ed.
904 2246 1017 2290 nostrae
1035 2233 1100 2287 Asc.
1119 2235 1145 2290 1.
1172 2233 1224 2289 ubl

62 2308 183 2361 totidem
201 2308 297 2362 literis
315 2308 428 2385 legitur
446 2309 547 2362 aberit.
584 2310 639 2361 Pro
658 2308 733 2362 seim
752 2308 826 2362 Gud.
846 2310 873 2362 1.
898 2305 1007 2376 igilur:
1038 2305 1156 2359 eandem
1174 2319 1225 2360 to·
1270 2352 1273 2358 .

63 2393 128 2430 cem
145 2396 219 2429 unus
242 2381 292 2434 Ox.
322 2381 441 2433 omittit.
480 2381 541 2433 Mr.

135 2454 226 2501 tomen
253 2449 328 2503 suis
353 2456 381 2503 et
405 2449 537 2520 propriis
562 2447 642 2503 bonis
668 2448 794 2502 laudis
822 2453 848 2501 et
866 2445 991 2517 glorius]
1026 2446 1133 2533 Recepi
1151 2446 1223 2514 suis,

88 2518 142 2571 uod
159 2518 265 2574 babent
283 2520 380 2573 Lamb.
400 2521 469 2573 Dav.
490 2520 636 2574 FAWoli.
657 2518 742 2572 sebe.
772 2518 783 2584 (
831 2519 850 2584 ‘,
869 2535 927 2572 non
944 2526 1077 2572 accurate
1096 2536 1141 2572 urs
1162 2526 1225 2572 ecta

62 2535 173 2641 divisit
200 2592 391 2656 annotatione,
425 2591 544 2643 eandem
569 2589 727 2643 lectionem
752 2535 847 2642 abdidi
873 2591 956 2667 regio
980 2587 1103 2656 tribuit)
1155 2586 1222 2643 rell.

64 2660 153 2713 Nobb.
174 2661 247 2713 Tbn.
276 2661 374 2714 Facile
393 2661 455 2714 suis
473 2662 505 2712 in
523 2659 639 2714 summis
678 2668 770 2714 oterat
781 2661 899 2736 muteri,
919 2661 943 2713 si
954 2677 1020 2713 orsu
1035 2660 1112 2714 linea
1131 2667 1224 2714 trans·

61 2748 145 2783 versa
170 2733 236 2784 voci
263 2731 533 2801 superscriberetur.
554 2732 637 2784 Cous.
704 2747 800 2784 erens.
820 2732 853 2782 V.
873 2731 917 2784 Cl.
937 2731 969 2783 in
986 2729 1087 2784 Jahnii
1105 2729 1221 2784 Annali

65 2803 142 2857 1816.
162 2802 185 2855 1.
206 2805 230 2857 1.
250 2821 278 2886 p.
298 2805 359 2858 310.
397 2801 510 2855 Summo
538 2803 626 2855 etiam
652 2819 685 2855 ea
708 2801 780 2854 bona
798 2801 944 2871 appellare
962 2817 1020 2854 non
1044 2810 1158 2873 poterat
1176 2801 1224 2856 Ci-

63 2888 129 2923 cero
158 2889 194 2924 ex
221 2891 265 2925 sui
291 2873 382 2924 animi
409 2874 560 2928 sententia.
598 2872 631 2926 ld
656 2888 727 2925 vero
753 2882 800 2924 me
824 2886 882 2924 nen
907 2879 1046 2936 moveret,
1081 2872 1157 2943 quod
1181 2872 1223 2926 aii

62 2941 169 3007 Bentl,
197 2960 254 2996 uon
274 2960 404 2996 crescere
431 2943 614 3007 seutentiam,
642 2959 732 3013 quum
755 2958 773 2994 e
799 2942 918 2994 summis
942 2940 1024 2994 bonis
1051 2942 1085 2995 sd
1124 2942 1223 3012 ropria

62 3014 258 3087 progreditur.
296 3017 409 3068 Poterat
434 3016 512 3067 enim
536 3020 562 3066 el
578 3012 709 3082 propriis
732 3012 829 3065 intelli
851 3013 859 3026 '
888 3013 1042 3081 etquidem
1063 2960 1122 3066 vei>
1130 3013 1223 3082 s‘s'squs

61 3084 312 3205 illati
328 3084 628 3223 filtffiltllss'bi‘
647 3082 807 3206 iiiiii?
832 3081 1222 3207 ,cl‘Jitt‘llct‘leli

63 3224 142 3273 infra
160 3225 193 3272 V.
214 3227 239 3275 7.
261 3226 308 3277 19:
327 3224 455 3291 propriis
474 3230 502 3276 el
520 3224 582 3277 sus's
600 3223 784 3291 argumentis.
822 3223 957 3276 Probabat
976 3223 1064 3276 etiam
1088 3222 1148 3274 suis
1193 3238 1222 3275 m

62 3301 168 3344 nestus.
206 3294 270 3344 Post
288 3293 368 3345 denir
386 3294 473 3346 multi
492 3293 578 3346 Codd.
602 3303 630 3347 et
649 3309 747 3347 omnes
769 3295 831 3346 fere
850 3294 921 3346 Edd.
940 3293 1047 3347 babent
1074 3298 1101 3346 ei
1127 3291 1222 3348 landis

62 3368 92 3416 el
109 3361 240 3429 gloriae:
270 3371 299 3414 et
317 3365 411 3416 fateor
428 3364 527 3433 priore
546 3369 573 3417 et
599 3365 746 3417 commode
765 3364 890 3433 separari
909 3382 924 3416 s
943 3381 971 3417 se
990 3363 1116 3416 invicem
1134 3364 1223 3418 rerba

62 3434 145 3487 donis
165 3442 193 3486 et
212 3432 312 3485 laudis.
352 3433 406 3486 Sed
425 3434 497 3503 quid
514 3434 568 3485 eibi
592 3436 624 3486 in
650 3434 854 3488 coniunctione
876 3435 971 3488 laudis
996 3442 1025 3488 et
1039 3433 1154 3504 glorius
1173 3448 1223 3488 ro·

61 3502 129 3556 lunt
148 3505 365 3557 coniunctiones
384 3511 411 3558 el
431 3535 465 3546 -
484 3511 520 3568 el,
541 3506 622 3575 quasi
640 3505 761 3559 dixerit:
792 3521 847 3559 nos
863 3502 945 3560 mo'do
963 3505 1065 3571 undis,
1091 3505 1141 3559 sed
1180 3504 1221 3560 le·

64 3577 127 3628 rice
146 3576 256 3631 etiam?
283 3574 403 3628 Accedit
421 3576 575 3629 meterius
594 3576 769 3648 optimorum
787 3577 940 3643 librorum,
960 3577 1011 3646 qni
1030 3583 1056 3629 el
1074 3586 1140 3631 ante
1156 3523 1221 3631 ina·

63 3646 111 3698 dis
136 3655 393 3722 nou-agnoscunt:
427 3646 501 3699 oud.
523 3650 547 3702 1.
568 3650 593 3702 1.
620 3646 693 3724 Aug.
721 3647 810 3702 Rehd.
836 3648 909 3701 Gud.
936 3646 1033 3701 Duisb.
1055 3647 1140 3701 lllarb.
1161 3656 1222 3703 tres

66 3718 136 3768 0¹1.
158 3727 186 3770 et
206 3719 267 3771 sine
286 3717 372 3770 dubio
390 3717 430 3771 lle
453 3757 459 3770 .
486 3735 660 3789 quemquam
684 3717 716 3770 in
733 3718 889 3773 collatione
913 3728 1010 3772 nostra
1027 3717 1105 3771 nihil
1124 3726 1222 3771 enota-

64 3794 128 3837 turn
146 3796 196 3838 est.
233 3791 287 3840 Pro
310 3794 400 3842 tumen
451 3788 496 3842 ud.
516 3791 542 3843 1.
570 3788 656 3840 hebet
679 3804 740 3842 essm
757 3788 872 3853 (ortum
899 3807 936 3844 ex
959 3789 1130 3860 compendio
1152 3795 1219 3843 lnam

63 3857 144 3910 Unas
154 3857 205 3908 Ox,
224 3858 326 3932 glorie.
356 3862 435 3913 Unus
454 3866 481 3911 sl
501 3859 695 3913 laudabilibus.
733 3860 792 3914 Nos
811 3861 903 3944 igitur
920 3860 1040 3923 Davisii,
1058 3859 1108 3912 vel
1124 3860 1222 3931 potius

62 3927 199 3989 Bentleii,
218 3930 390 3982 senteutiam
408 3931 500 3982 secuti
519 3948 623 3983 sumus.
661 3929 722 3984 Nec
739 3946 811 3983 vero
831 3931 933 3983 iisdem
951 3930 1056 3983 assensi
1074 3946 1171 3988 sumus
1188 3929 1221 3985 iu

62 4016 141 4067 seqq.
162 3998 254 4049 tribus
273 4000 369 4051 verbis
393 4000 521 4053 delendis
539 4001 588 4054 vel
606 4001 721 4054 uncinis
740 4001 913 4054 eodmeudie.
952 4000 1012 4054 Mr.

135 4069 266 4123 Quamuis
286 4084 339 4123 non
358 4072 492 4137 sentiant]
521 4073 598 4125 lineo
616 4089 682 4124 cum
697 4071 740 4125 cl.
751 4072 883 4126 Bentleio
902 4086 969 4126 reor
986 4071 1121 4128 delenda:
1141 4069 1221 4129 nihii

62 4140 141 4193 enim
159 4141 215 4191 nisi
233 4158 305 4192 vena
324 4151 390 4195 sunt
416 4146 585 4212 snvtolnyin.
624 4142 661 4196 D.

134 4211 263 4280 quamuis
280 4229 334 4266 non
351 4213 499 4280 sentinet]
536 4213 659 4268 chlnis
681 4211 804 4267 liberavi
822 4211 892 4267 haec
918 4212 1057 4269 vocabula
1072 4227 1142 4269 cum
1160 4229 1221 4267 om·
1279 4271 1284 4278 ,

62 4281 146 4332 uilem
175 4284 238 4336 fere
261 4284 333 4337 Edd
362 4293 426 4356 post
451 4285 520 4337 Dav.
558 4283 633 4339 Sunt
660 4285 739 4338 enim
761 4283 795 4338 in
813 4282 898 4340 coda
926 4285 1073 4352 omnibns3
1108 4286 1142 4338 iu
1159 4282 1220 4337 solo

60 4350 147 4404 ilem.
166 4354 380 4435 parentheseos,
398 4356 577 4421 atridem,
597 4356 619 4408 s‘
664 4355 889 4411 iscireurndata.
925 4355 1085 4412 imbaeunt
1102 4352 1220 4425 quidem

62 4421 189 4475 Bentleii
217 4426 389 4479 sententism
415 4425 506 4480 soah.
533 4426 604 4482 Eru.
673 4424 706 4480 ll.
735 4425 820 4485 teba
849 4425 929 4485 Koal.
957 4434 989 4481 et
1014 4423 1159 4483 rawott.
1189 4421 1224 4478 in
