2828 5070
550 327 678 397 utute
699 328 723 405 1,
744 326 797 395 db.
997 349 1025 359 ·’
1185 332 1250 407 225

93 488 298 553 Terinaeum
328 489 490 573 quendam
511 492 672 573 Elysium,
702 514 805 575 quum
832 494 985 578 graviter
998 491 1066 554 *filii
1094 504 1236 556 mortem

91 583 271 650 maereret,
292 576 423 636 venisse
445 577 479 635 in
500 577 800 656 psychomantium,
824 582 1050 656 quaerentem,
1064 595 1150 656 quaa
1165 579 1247 637 fnis-

93 667 144 717 set
165 665 275 716 tantae
298 659 492 719 calamitatis
514 677 632 738 causa,
651 661 731 723 huic
752 660 788 720 iu
810 656 940 721 tabellis
963 665 1033 719 tres
1058 657 1248 722 huiuamodi

92 740 277 801 versiculos
299 738 404 817 datos,

92 881 270 892 ..n—--——---
304 883 308 887 -
318 884 341 891 ...-
437 884 468 891 ...
755 883 778 891 ..-
790 882 860 891 -..ἢ
870 883 874 888 .
911 881 1029 889 --ιη--υψι-
1045 880 1228 895 ..w-..⁴404—

92 945 201 1011 npoirco
219 939 316 1010 ἀρετῆς
338 943 445 1006 πλούτῳ
462 945 508 994 ael
526 941 601 1009 δόξῃ.
632 942 799 1017 leg-endum
818 956 932 1012 quoque
950 939 1073 993 Elieiem
1091 931 1171 1005 binc,
1190 950 1247 994 uon

92 1012 247 1077 Etruriam,
267 1013 364 1065 discas.
404 1013 550 1082 Scriptum
569 1029 684 1085 quoque
701 1014 804 1067 vitiose
822 1013 1006 1064 circumferri
1024 1010 1247 1080 Sycomuntirtma
1278 1051 1281 1057 .

91 1100 144 1153 pro
170 1100 227 1153 quo
245 1082 494 1153 Paycbomuntium,
522 1085 541 1134 i.
556 1101 578 1134 e.
603 1092 783 1137 mortuorum
808 1082 968 1147 oraculum,
996 1084 1194 1152 reponendum
1212 1096 1248 1134 ex

93 1170 126 1206 eo
146 1155 206 1223 ipso
224 1155 373 1206 Plutarchi
393 1156 470 1207 locu:
489 1152 648 1223 ἀποροῦντα
666 1155 698 1207 δὲ
716 1155 770 1220 ὅτῳ
789 1162 882 1222 τρόπῳ
899 1159 1026 1221 βάσανον
1047 1156 1127 1221 λάβοι
1144 1157 1249 1205 τούτων

93 1223 241 1295 ἀφικέσθαι
263 1224 311 1278 ἐπί
333 1246 358 1277 τι
384 1227 623 1294 mammetem
648 1227 739 1279 idem
762 1226 897 1279 Schottus
927 1227 958 1276 iu
984 1225 1111 1276 versibus
1138 1223 1248 1275 oraculi

92 1313 146 1366 pro
164 1298 231 1366 ἤρου
249 1297 310 1371 legi
328 1297 440 1349 volebat
468 1294 484 1363 r)
504 1299 549 1368 ῥα,
569 1308 598 1350 et
616 1304 708 1365 νήπιοι
726 1313 780 1369 pro
798 1303 886 1366 νήπιε.
914 1297 1090 1350 Germanum
1108 1311 1177 1348 vern
1196 1293 1249 1346 aii-

93 1384 180 1436 quem
200 1368 388 1437 interpretem
408 1369 450 1418 sic
466 1376 589 1421 tentasse
608 1372 717 1427 refert:

173 1454 176 1459 ⁴
257 1439 347 1504 ἦπου
366 1440 442 1490 ἔασιν
460 1439 683 1507 νήπιοι-ἦλθον,
707 1440 806 1512 φρένες
821 1436 948 1508 ἀνδρῶν·
1049 1472 1053 1479 1

93 1507 152 1572 Quo
170 1516 250 1561 certe
268 1525 393 1573 caesura,
423 1509 454 1560 in
478 1511 529 1562 vul
552 1520 595 1563 ata
613 1512 739 1564 lectione
757 1512 830 1564 item
848 1508 1016 1573 desiderata,
1043 1522 1101 1561 nou
1119 1498 1250 1571 restitui·¹

91 1586 150 1630 tur.
188 1579 403 1644 „Quinetiam
423 1582 522 1657 pergit
560 1581 684 1647 chuttus,¹
711 1580 876 1650 Entbyneon
892 1581 922 1632 le
978 1580 1009 1632 iu
1027 1578 1157 1632 versibus
1176 1574 1224 1629 iili

92 1665 149 1700 non
176 1648 361 1703 Encbinoum:
399 1651 470 1704 item
494 1669 552 1705 nou
573 1653 672 1706 vocari
691 1650 879 1716 Menecbenm,
917 1650 1039 1705 rreontia
1065 1650 1170 1713 alium,
1194 1594 1250 1718 quq

92 1737 145 1789 pro
164 1721 270 1773 Thebis
289 1730 413 1775 mortem
431 1725 555 1793 oppetiit
589 1724 638 1777 sed
657 1723 829 1787 Menenium,
856 1731 890 1774 ut
908 1721 1077 1792 Euripidae·
1091 1729 1120 1773 et
1140 1719 1249 1787 Sopho·

91 1791 150 1851 cns
168 1792 295 1857 tranunt,
314 1792 384 1844 unc
401 1792 511 1849 aucae
548 1760 626 1859 duod
644 1794 685 1846 an
708 1794 839 1846 rer-nam
866 1795 926 1846 esse
944 1792 1062 1845 sienne
1080 1790 1192 1852 urcem,
1217 1787 1249 1841 nr

90 1876 193 1914 verum
222 1877 279 1914 nou
303 1869 353 1915 est.
390 1862 471 1916 ¹Fuit
498 1865 726 1918 crotoniatarum
761 1865 874 1918 colonia
901 1865 932 1915 iu
960 1879 1030 1937 agro
1054 1861 1247 1924 Bruttiorum,

90 1946 182 2054 prope
201 1933 283 1984 littus
302 1934 336 1987 ad
354 1934 457 1989 Sinum
475 1935 659 2000 Terinaeum,
679 1935 737 2006 qui,
761 1945 913 2008 postquam
938 1951 970 1986 ea
992 1933 1059 1984 urba
1087 1932 1121 1984 ah
1138 1924 1249 2003 Hanni

110 2003 154 2054 ale
172 2004 230 2053 tuit
249 2002 349 2067 deleta,
370 2005 454 2058 Sinus
474 2007 641 2061 Vibonensis
661 2014 691 2059 et
709 2006 896 2079 Hippouiates
913 2005 999 2059 Sinus
1016 2003 1176 2074 appellatus
1196 2006 1246 2077 eat:

91 2073 155 2125 vid.
187 2073 356 2128 Biachuii
379 2094 408 2129 u.
435 2075 788 2141 ltliillcrswdnterh.
820 2078 845 2130 d.
879 2077 941 2129 alt.
970 2072 1083 2127 mitti.
1102 2091 1139 2124 n.
1169 2080 1249 2137 nau.-

92 2145 221 2219 ceogr.
241 2162 269 2216 p.
290 2148 351 2202 osc.
381 2147 470 2200 Geth.
491 2148 525 2200 aa
542 2148 572 2200 s.
593 2149 612 2200 1.
647 2148 814 2213 ‚mannua
839 2148 887 2213 an,
913 2138 1049 2214 excerpta
1070 2127 1247 2219 mereremini,

90 2216 185 2269 Fabrr
198 2210 268 2283 Pell.
315 2235 338 2269 r.
395 2228 458 2270 rart.
487 2220 698 2283 Termunueum,
724 2237 778 2272 sec.
802 2214 1029 2281 Theramenem,-
1050 2224 1118 2268 tert.
1150 2213 1248 2268 'Perbi-

91 2302 199 2340 neeum.
226 2236 327 2340 Gemit.
359 2237 551 2356 dirimentem,
583 2291 664 2347 Mart.
694 2288 897 2345 Trinuneum.“
924 2286 1079 2340 Beroaldus
1106 2286 1141 2337 ad
1167 2300 1248 2365 seqq.

89 2357 323 2424 „St'chomam'nm
349 2357 414 2424 (sic)
441 2371 482 2414 est
509 2362 591 2416 locus
615 2361 664 2413 uti
689 2361 829 2413 divinatio
857 2359 1052 2412 exercebatur.
1099 2354 1155 2409 Sed
1176 2362 1248 2424 puto

90 2430 243 2504 leg-endem
267 2428 517 2498 psychomantium,
544 2442 578 2485 ut
601 2430 790 2507 intelligatur
814 2430 894 2483 locua
917 2427 1062 2492 vaticinii,
1088 2426 1139 2477 ubi
1162 2425 1249 2479 tiebat

90 2501 218 2552 Manium
238 2501 398 2554 evocatio.“
435 2503 494 2555 Mr.
1247 2552 1250 2558 .

161 2571 300 2640 Etyaium]
338 2573 404 2626 cm.
426 2574 499 2625 Gud.
521 2578 545 2628 l.
565 2573 718 2643 Hciyaium.
738 2573 823 2626 Vind.
845 2577 870 2628 1.
890 2571 1042 2629 Helt'tmm.
1061 2571 1115 2639 Ed.
1136 2571 1171 2623 ll.
1191 2569 1249 2623 He·

91 2642 204 2709 ipeeum.
226 2644 299 2693 ltlon.
320 2646 345 2697 2.
366 2643 516 2696 Helisinm.
536 2644 606 2696 Edd.
626 2644 656 2697 B.
677 2644 705 2697 S.
724 2645 758 2698 Ε.
779 2645 920 2710 eleusium,
942 2644 1003 2697 Asc.
1023 2646 1048 2699 2.
1070 2644 1150 2697 Junt.
1179 2640 1248 2711 atty-

90 2713 190 2764 nainm.
216 2713 287 2764 Edd.
311 2715 378 2767 ltob.
406 2725 434 2766 et
460 2715 522 2768 Car.
548 2715 645 2786 steph.
674 2715 738 2767 Ald.
757 2716 839 2770 Boul.
868 2715 963 2767 Lamb.
993 2716 1073 2766 Brut.
1112 2712 1247 2765 liliatum

91 2801 176 2852 qnam
195 2784 391 2853 scriptionem,
409 2786 505 2836 miuus
523 2785 650 2855 probam,
677 2786 784 2839 habent
811 2788 899 2839 etiam
917 2784 989 2838 Edd.
1010 2785 1166 2840 nonnullae
1183 2784 1250 2837 Plu-

90 2854 201 2907 tarchi:
220 2856 507 2927 vianyttcnbach.
529 2856 562 2909 ad
581 2858 655 2908 Plut.
674 2858 707 2909 Τ.
728 2859 766 2910 11.
786 2876 815 2926 p.
836 2860 880 2912 54.
918 2856 952 2908 ln
977 2872 1055 2926 seqq.
1085 2854 1152 2910 eod.
1172 2853 1246 2928 Aug.

89 2931 207 2976 mortem
224 2926 288 2990 filii.
307 2926 390 2979 Vind.
413 2931 436 2982 l.
463 2933 580 2979 mortem
606 2927 737 2994 grauiter
760 2928 823 2993 tilii.
852 2927 925 2980 Gud.
946 2929 971 2981 2.
991 2928 1135 2983 maerent.
1172 2925 1249 2976 Tum

89 2997 165 3047 ltlon.
188 3001 210 3050 l.
232 2997 322 3065 venit,
344 3014 419 3050 uuus
444 3001 493 3053 Ox.
513 2998 629 3051 ridicae.
667 2998 738 3051 Tres
758 2999 827 3055 Oxx.
847 2995 1085 3068 Sychomnntinm,
1108 3012 1182 3047 unus
1208 2992 1249 3047 ai·

88 3063 285 3131 cbcmuchinm,
310 3088 383 3121 unus
411 3068 621 3126 aicbemuntnm.
648 3070 721 3121 Gud.
744 3074 767 3124 1.
787 3072 814 3124 2.
844 3071 918 3121 Mon.
941 3072 964 3124 1.
984 3072 1010 3124 2.
1035 3066 1131 3119 Duisb.
1158 3061 1250 3116 eicite·

89 3138 233 3190 muntium.
256 3140 342 3193 ltlarh.
363 3139 579 3209 aycophnntr'um.
606 3140 679 3193 Gud.
700 3140 924 3192 Siccomnntium.
949 3139 1034 3189 Vind.
1057 3141 1080 3191 l.
1109 3135 1249 3188 riceman-

90 3207 171 3258 tium.
191 3208 275 3258 Vind.
296 3212 321 3262 2.
342 3210 556 3278 Sycemnntium.
577 3211 650 3294 Aug.
670 3210 871 3265 Siccmentnm.
897 3209 969 3260 Veu.
990 3208 1085 3259 Alteri
1110 3206 1249 3259 riceman-

90 3278 159 3328 tr'um
186 3285 215 3328 et
239 3277 270 3326 iu
295 3296 385 3353 marg.
411 3279 448 3332 ei.
473 3279 696 3334 achiomuntmm.
722 3280 775 3334 Ed.
795 3281 830 3333 H.
860 3279 1047 3332 cicomariam.
1084 3278 1156 3331 Cum
1174 3276 1246 3329 Veu.

90 3348 186 3400 Alteri
205 3348 316 3399 faciunt
333 3350 445 3402 Reiskii
469 3353 538 3403 Veu.
560 3356 583 3405 1.
603 3354 629 3406 2.
655 3351 727 3403 Med.
750 3357 773 3406 l.
793 3354 819 3405 2.
844 3359 956 3403 nostrae
976 3350 1039 3400 Asc.
1062 3352 1085 3404 1.
1106 3348 1176 3398 Veu.
1213 3347 1250 3400 iu

89 3422 170 3472 Junt.
190 3418 258 3473 Rob.
281 3428 309 3471 et
330 3420 392 3472 Car.
414 3419 512 3504 Steph.
530 3423 757 3489 psycomanlinm.
784 3421 931 3473 Similiter
950 3427 1065 3472 erratur
1082 3419 1114 3470 in
1132 3417 1209 3469 libro
1224 3419 1248 3470 1.

90 3492 125 3542 de
143 3490 207 3542 Div.
228 3491 271 3545 58.
295 3493 352 3545 132.
373 3491 421 3542 ubi
440 3492 498 3543 vid.
518 3506 568 3544 uos
586 3511 613 3564 p.
633 3494 694 3548 236.
714 3492 783 3563 ibiq.
803 3491 879 3544 laud.
899 3490 969 3544 Add.
989 3489 1120 3543 Turnebi
1139 3488 1251 3561 Adaei?

91 3580 160 3614 sarr.
182 3564 229 3614 lv.
253 3564 293 3616 ll.
313 3580 341 3631 p.
365 3565 423 3616 122.
462 3563 523 3615 Mr.
1224 3576 1228 3583 ·

164 3651 273 3703 Ynutne
292 3651 464 3703 calamitatia
483 3651 580 3717 cenea]
617 3650 702 3705 Codd.
722 3651 797 3735 Aug.
816 3649 913 3703 Duisb.
939 3665 1027 3704 cauea
1052 3654 1150 3704 tantae
1174 3636 1252 3725 celte}e

90 3721 213 3773 miletis.
235 3725 308 3774 nlon.
332 3727 354 3777 1.
380 3729 482 3776 tenta.
521 3726 555 3776 ln
573 3739 630 3775 uno
649 3723 699 3776 Ox.
724 3722 753 3774 le
776 3732 837 3774 rtur
853 3728 918 3791 post
941 3737 1041 3775 causa:
1068 3718 1251 3774 sibi-baine-

91 3792 168 3844 modt'
188 3801 241 3844 etc.
263 3793 372 3845 omissis
391 3794 485 3846 verbis
504 3790 568 3845 duic
588 3825 619 3834 -
640 3799 708 3846 trea.
774 3793 888 3845 ltimam
910 3790 985 3845 hanc
1008 3809 1110 3846 vocem
1137 3790 1250 3845 omittit

91 3862 175 3913 Vind.
199 3866 221 3916 1.
245 3864 311 3916 Tria
330 3865 467 3916 scribitur
485 3865 515 3914 iu
534 3864 741 3935 antiquissimis
760 3863 844 3917 Cudd.
873 3862 907 3915 de
927 3881 983 3932 qua
1006 3861 1164 3933 scriptione
1189 3859 1250 3929 titb'¹

91 3934 228 3987 Garaton.
249 3935 284 3985 ad
301 3935 456 4006 Philippie.
477 3934 514 3988 11.
534 3937 578 3991 22
599 3952 627 4017 p.
647 3937 707 3991 ³79.
730 3935 771 3988 ed.
792 3933 977 3990 Wernsdorf.
1015 3933 1068 3985 Pro
1098 3932 1180 3985 dalea
1207 3926 1250 3991 aab

91 4022 172 4058 case
191 4005 275 4056 detor
295 4006 325 4056 iu
345 4006 410 4059 Cod.
430 4005 503 4081 Aug.
523 4005 649 4060 tradetur
668 4005 699 4057 in
716 4005 801 4057 Vind.
823 4008 847 4060 1.
883 4004 944 4058 Mr.
1239 4000 1243 4007 '

160 4095 276 4161 Ignaris
295 4092 418 4148 dominer
437 4127 470 4139 -
489 4096 600 4165 ipriqne
618 4094 735 4163 tibique]
773 4095 876 4149 Graeci
894 4110 1003 4156 versus,
1029 4099 1062 4144 ut
1079 4100 1110 4147 et
1127 4091 1251 4149 historia

90 4184 176 4236 quam
194 4167 277 4219 modo
297 4166 400 4218 retulit
420 4166 545 4232 Tullius,
564 4174 677 4220 exstant
694 4167 769 4236 apud
787 4164 974 4220 Plutarchum
991 4163 1074 4219 Cous.
1098 4163 1134 4217 ad
1150 4163 1249 4236 Apelt

90 4256 155 4312 pag·
177 4241 236 4294 1⁰9.
275 4237 326 4290 llli
345 4238 385 4288 sic
405 4255 433 4291 se
452 4235 571 4292 babent:
995 4292 998 4299 ,
1268 4241 1271 4244 ’

251 4309 339 4372 'Hono
359 4309 391 4373 (f.
406 4298 447 4359 'H
461 4311 544 4375 πον),
569 4302 649 4374 νήπιε
666 4302 776 4370 Ἠλόοἰ,
795 4305 896 4376 ἠλίθιοι
913 4305 1015 4378 φρένες
1032 4303 1156 4378 ἀνδρῶν,

254 4374 395 4440 Εὐθύνοος
413 4382 497 4433 κεῖται
517 4379 647 4449 μοιριδίῳ
664 4378 797 4447 θανάτῳ·

260 4450 314 4501 Oria
334 4442 369 4516 ἦν
385 4448 440 4521 γὰρ
458 4446 537 4513 ζώειν
553 4447 639 4506 καλὸν
656 4449 731 4520 αὐτῷ
749 4450 812 4506 οὔτε
829 4450 952 4522 γονεῦσι.
994 4448 1028 4507 D.
1084 4448 1111 4489 Γ
