2828 5070
199 309 259 372 tlt
398 305 627 372 CICERONIS
648 303 893 372 TuscuhAN.
917 302 1146 369 DISPUTAT.

159 472 200 537 18
282 473 524 536 Dicaearchum
544 491 628 535 vero
650 492 726 534 cum
747 472 960 543 Aristoxeno,
982 469 1111 553 aequali
1133 475 1168 530 st
1187 464 1352 530 condisci-

198 557 279 637 pulo
300 575 373 632 suo,
394 555 510 618 doctos
531 574 610 617 saue
630 556 791 630 homines,
814 557 1024 616 omittamus:
1046 570 1187 633 quorum
1207 550 1353 612 alterne

199 636 409 699 condoluisse
430 636 563 719 quidem
584 657 731 715 uuquam
753 635 901 710 ridetur,
923 639 979 714 qui
1000 637 1147 693 animum
1170 632 1353 695 rehabere
1395 632 1399 642 '

269 818 311 870 Ne
329 826 387 869 tam
405 828 504 884 vegeta
523 819 617 886 mens]
653 818 744 871 Forte
763 835 798 871 sse
815 823 869 870 tau
886 823 985 886 uegeto
1004 833 1052 870 res
1071 821 1120 867 cut
1144 815 1175 866 is
1192 815 1276 867 corde
1295 821 1349 868 etc.

200 888 290 941 l’rout
306 890 394 941 etiam
413 888 457 940 cl.
477 888 603 942 Thomas
621 889 770 942 Bentleius
787 888 988 959 reponendum
1006 887 1137 940 coniecit.
1175 885 1215 938 D.

270 975 305 1011 ne
328 965 387 1011 tora
411 966 511 1026 uegeto
535 975 614 1013 mess
632 991 665 1002 —
684 958 788 1024 meent]
829 978 859 1012 r.
888 959 921 1012 11.
946 958 1055 1010 hlotsii
1081 955 1193 1022 Quaest.
1219 953 1300 1007 Tull.
1325 956 1350 1008 1.

222 1031 289 1086 ,11
317 1031 368 1099 qui
392 1038 493 1093 tuetur
515 1047 557 1082 ne.
593 1029 723 1082 Thomas
749 1029 876 1083 Bentleii
904 1030 1103 1082 coniecturam
1130 1043 1189 1079 non
1207 1027 1353 1096 improbat

200 1048 394 1155 l'AWolfius:
414 1100 465 1173 ssd
481 1101 582 1154 nullus
601 1101 678 1155 liber
695 1099 881 1175 suffragatur.
918 1100 976 1153 Nec
995 1131 1027 1142 -
1046 1099 1121 1150 iacet
1146 1097 1251 1151 habent
1275 1095 1349 1150 Edu

200 1171 231 1223 B.
252 1169 280 1223 S.
300 1170 334 1221 E.
356 1170 435 1225 Cam.
456 1172 525 1225 Veu.
546 1180 637 1225 nostr.
663 1170 728 1223 Asc.
746 1174 773 1226 2.
799 1171 867 1224 Cod.
892 1169 977 1224 Bern.
998 1169 1075 1222 Gud.
1095 1173 1120 1223 1.
1150 1176 1180 1220 et
1205 1168 1350 1222 unwolf.

200 1243 233 1294 in
251 1242 296 1295 ed.
314 1259 359 1312 pr.
380 1241 467 1312 idque
484 1232 600 1296 rolelrat
618 1242 706 1295 stiam
722 1243 795 1297 Ero.
816 1241 954 1296 exhibere
972 1259 1009 1296 en
1026 1239 1099 1292 Edd.
1119 1239 1192 1290 Med.
1213 1239 1296 1291 Junt.
1322 1247 1367 1292 et¹

200 1312 257 1365 hlS·
277 1312 386 1373 Gueli„
406 1313 455 1366 sed
473 1311 565 1366 edidit
583 1329 633 1365 sec
652 1344 684 1354 -
703 1311 806 1376 iucem,
824 1321 858 1364 ut
877 1313 970 1365 estin
987 1311 1041 1365 Ed
1060 1309 1130 1362 liuh.
1143 1308 1242 1379 Steph.
1257 1309 1350 1362 Nohl).

200 1383 278 1436 llaec
309 1384 441 1453 scriptio,
475 1385 534 1437 nisi
564 1381 742 1459 typographi
770 1384 865 1436 errori
889 1382 1013 1436 debetur
1039 1377 1115 1451 apud
1136 1379 1207 1432 Eru.
1233 1388 1264 1434 et
1287 1379 1353 1434 Ste-

200 1453 340 1538 phanum,
372 1454 407 1506 ah
431 1454 498 1506 aliis
521 1471 676 1524 perperam
699 1454 837 1523 repetito,
862 1452 1078 1506 commendaret
1103 1450 1254 1505 Bouhierii
1281 1466 1353 1504 con-

200 1530 342 1576 iecturam
367 1528 433 1576 esto.
472 1523 619 1576 Scribitur
641 1541 676 1577 ne
700 1553 733 1566 -
761 1524 835 1577 s'ocet
860 1524 892 1576 in
916 1524 971 1578 Ed.
995 1523 1059 1578 Asc.
1081 1526 1105 1577 1.
1130 1529 1160 1576 et
1177 1521 1250 1575 Med.
1276 1520 1354 1576 unde

200 1593 296 1648 heiste
315 1594 413 1663 ipsum
431 1593 508 1647 illud
526 1611 575 1648 nec
594 1623 627 1633 -
645 1596 719 1648 iacet
738 1595 861 1648 coniecit
887 1594 1081 1657 scribendum,
1104 1593 1181 1662 quod
1202 1600 1302 1660 postea
1320 1593 1353 1645 in

200 1663 309 1718 duabus
326 1663 399 1717 Edd.
418 1667 544 1734 reperit:
563 1681 616 1719 nos
635 1667 666 1719 in
683 1665 825 1736 pluribus.
849 1665 954 1718 Vocem
973 1672 1030 1718 tom
1048 1665 1160 1717 omittit
1179 1662 1247 1715 God.
1262 1662 1352 1715 Maris.

145 1797 149 1808 Ι
201 1737 255 1789 l’ro
272 1742 371 1802 uegeto
396 1743 440 1790 est
463 1743 527 1789 ueto
553 1736 585 1789 in
604 1736 673 1793 Cod.
692 1735 781 1812 lleg,
808 1742 943 1803 vegetato
966 1737 998 1788 in
1022 1751 1080 1787 uno
1097 1735 1161 1799 On,
1189 1734 1353 1803 vegetation

201 1807 234 1860 in
253 1804 320 1858 (iod.
339 1823 385 1876 ap.
403 1807 487 1861 Verh.
524 1807 580 1859 Pro
603 1808 747 1860 cerebrove
764 1807 818 1859 Ed.
845 1805 881 1862 11.
905 1805 992 1861 hahet
1014 1806 1134 1858 ceretro.
1173 1805 1228 1858 Pro
1252 1806 1305 1858 Em
1324 1823 1353 1857 e-

201 1877 295 1931 docleo
312 1878 386 1931 alios
409 1876 515 1932 habere
533 1878 711 1946 Empedoclis
729 1878 772 1931 ait
789 1877 875 1931 verb.
910 1876 955 1931 De
978 1876 1071 1930 latius
1094 1876 1275 1930 Graecorum
1320 1876 1354 1929 d·

202 1949 378 2001 isctivorum
396 1950 429 2001 in
450 1977 481 1986 -
500 1953 555 2010 εἷος
578 1950 785 2003 terminatione
808 1947 868 2001 vid.
889 1946 1033 2004 coenus.
1059 1948 1096 2001 ad
1119 1947 1179 2001 Cic.
1204 1946 1240 2000 ds
1264 1947 1351 2003 Finn.

202 2020 235 2070 V.
257 2022 298 2073 1⁹.
318 2021 362 2073 64.
387 2036 416 2087 p.
436 2021 496 2074 800.
524 2024 561 2073 ad
584 2020 619 2073 de
644 2022 684 2073 he
727 2018 792 2072 .11.
812 2023 837 2076 ³.
859 2020 883 2071 7.
908 2037 937 2089 p.
959 2022 1018 2074 111.
1047 2021 1085 2071 cl.
1112 2026 1204 2072 nostr.
1223 2026 1279 2070 etc.
1300 2017 1349 2071 Cr.

202 2088 255 2141 Ed.
274 2106 303 2158 p.
325 2091 384 2142 171.
405 2089 545 2143 Goereuz.
566 2090 602 2143 ad
620 2089 676 2143 Aca
698 2126 705 2141 .
724 2090 762 2146 ll.
782 2093 827 2146 31.
846 2091 890 2146 98.
909 2109 939 2161 p·
961 2093 1020 2144 181.
1047 2097 1077 2143 et
1098 2106 1151 2142 nos
1175 2087 1209 2140 ad
1229 2088 1289 2141 Cic·
1316 2090 1352 2142 de

201 2158 268 2213 Dir.
288 2158 325 2210 11.
345 2161 372 2214 ὅ.
392 2162 435 2214 11.
461 2160 531 2230 ibiq.
556 2160 633 2214 laud.
654 2161 823 2214 Schneider.
845 2161 897 2213 Gr.
917 2163 980 2214 hat.
1001 2160 1024 2211 1.
1048 2158 1301 2214 Elementarlehre
1327 2160 1349 2210 1.

202 2247 230 2354 p·
250 2233 376 2286 ott-tt.
413 2231 468 2283 Pro
494 2232 621 2285 demerso
644 2240 690 2285 est
718 2233 861 2286 submerso
886 2233 918 2284 in
943 2229 1053 2285 duobus
1071 2231 1141 2297 0¹3.
1178 2227 1221 2281 De
1238 2228 1349 2299 Empe-

222 2300 285 2354 ocle
302 2319 330 2353 r.
351 2318 439 2370 supra
456 2301 492 2354 ad
509 2318 533 2355 c.
552 2306 579 2358 9.
615 2303 677 2356 Mr.
1110 2326 1122 2361 s
1271 2340 1281 2355 .

272 2388 297 2424 c.
321 2374 360 2428 18.
387 2371 592 2426 Dicaearchum
618 2391 684 2428 uero
710 2375 779 2442 otc]
816 2375 899 2428 Unus
926 2375 977 2428 Ox.
1003 2373 1104 2428 habet:
1142 2389 1199 2426 curn
1231 2371 1352 2425 aristo

202 2442 406 2511 Zenoquasi
430 2450 466 2497 et.
503 2444 545 2499 De
568 2444 747 2500 Dicaearcho
771 2465 800 2499 r.
828 2445 978 2499 hlahnium
1008 2446 1044 2498 de
1075 2445 1249 2498 Aristoxeno
1277 2443 1299 2508 1.
1323 2447 1349 2500 6.

201 2531 231 2583 p.
253 2516 299 2568 16:
319 2515 354 2567 de
372 2513 545 2569 Aristoxeno
564 2516 687 2570 eundem
705 2515 743 2569 ib.
780 2518 836 2570 Pro
853 2516 1023 2569 Aristoxeno
1042 2515 1111 2571 Dod.
1131 2515 1215 2568 Vind.
1236 2520 1260 2569 1.
1279 2514 1353 2566 Ari-

201 2591 328 2651 stoacuo,
363 2585 506 2646 consulto,
537 2594 571 2638 ut
592 2594 722 2656 apparet,
749 2605 829 2642 eraso
852 2607 881 2640 x.
917 2590 983 2640 Mox
1008 2586 1052 2640 Au
1076 2626 1081 2637 .
1111 2595 1172 2639 tres
1197 2586 1266 2639 Oxx.
1296 2584 1350 2637 Ed.

203 2657 283 2707 lunt.
312 2662 337 2707 ct
361 2670 434 2707 cum
459 2655 606 2723 discipulo.
637 2657 706 2710 (lod.
725 2657 816 2712 Rehd.
842 2665 869 2713 el
893 2654 1088 2725 discipulo.
1124 2656 1168 2711 De
1191 2665 1272 2710 recto
1295 2655 1352 2709 hoc

202 2726 385 2794 pronominis
403 2726 559 2795 possessivi
578 2727 649 2792 (suo)
668 2746 723 2781 usu
740 2724 1352 2783 vid.DoelekiiDeutsch·bat.Schul-

203 2813 346 2917 grczmm.
371 2814 400 2865 p.
422 2799 481 2852 161.
490 2797 637 2919 Admittit
658 2799 691 2852 id
714 2817 791 2853 unus
817 2801 868 2855 Ox.
905 2799 951 2852 Ad
977 2801 1225 2883 constructionem
1247 2797 1351 2850 Dicae·

202 2868 1350 3012 tet,mitellitasttttssttthltt',hundini

203 3009 275 3062 licet
292 3007 345 3060 Th.
366 3007 524 3063 Muuckero
548 3010 583 3062 ad
601 3011 713 3087 Hygini
735 3012 803 3067 Fah.
823 3012 872 3065 Vl.
894 3012 1040 3080 politicam
1066 3017 1170 3088 magis,
1195 3027 1281 3080 quam
1299 3027 1351 3079 pe·

202 3080 339 3145 destrem,
359 3081 520 3134 orationem
540 3097 642 3150 sapere
659 3083 804 3138 videatur.
843 3083 958 3135 Hirtius
976 3080 1049 3134 Bell.
1071 3081 1134 3135 Ain
1154 3099 1178 3135 c.
1197 3083 1251 3137 62:
1279 3080 1350 3131 luha

204 3168 261 3205 curu
279 3150 401 3206 labieno
419 3152 495 3220 copti
522 3151 729 3220 innotescerem
749 3154 883 3207 Caesaris
901 3153 1048 3206 venisseut.
1076 3152 1165 3206 Corn.
1185 3152 1258 3222 Nep.
1278 3149 1351 3203 l'ho-

203 3223 289 3276 cione
307 3240 331 3275 c.
351 3226 384 3279 2:
403 3222 600 3277 Demosthenes
628 3241 688 3276 cum
713 3225 827 3290 ceteris,
855 3224 904 3294 qui
927 3225 994 3276 hene
1018 3223 1052 3276 de
1068 3225 1135 3293 Rep.
1164 3223 1271 3276 mereri
1293 3223 1352 3274 eri-

204 3295 400 3361 stimuhontur,
424 3294 572 3362 plebiscito
596 3294 627 3347 iu
656 3295 771 3348 exiliunt
795 3301 879 3348 erest
901 3293 1020 3362 expulsi.
1067 3295 1115 3348 Sic
1143 3296 1231 3348 stiam
1258 3293 1352 3345 locuti

204 3373 271 3418 sunt
290 3365 455 3426 Sallustius,
475 3366 578 3417 Livius
595 3367 716 3437 aliique,
740 3373 775 3418 ut
801 3365 992 3421 ostenderunt
1015 3365 1064 3418 Fr.
1085 3365 1219 3419 Sanctius
1239 3370 1269 3415 et
1287 3365 1349 3415 lac.

203 3436 372 3489 Perizonius
391 3437 513 3488 Minerr.
532 3435 580 3490 lv.
602 3441 643 3492 lo.
680 3438 756 3501 „Pro
774 3436 932 3490 omittamus
951 3434 1043 3489 Gebh.
1065 3455 1096 3490 se
1114 3437 1145 3488 in
1163 3435 1274 3506 optimo
1290 3433 1348 3485 Pal.

203 3514 270 3560 tert.
295 3513 325 3558 et
350 3505 583 3559 emendatissimo
610 3509 754 3576 reperisse
778 3514 901 3560 testatur
925 3511 1085 3560 omittamus.-
1109 3514 1205 3571 recte,
1233 3502 1350 3569 addens,

203 3591 267 3629 meo
291 3577 397 3628 animo.
441 3575 581 3628 amittere
607 3580 685 3629 enim
710 3586 753 3631 est
780 3581 945 3642 emundare,
974 3579 1124 3646 adlegare.-
1154 3584 1184 3630 et
1206 3582 1241 3627 ut
1253 3577 1351 3644 fierine

203 3645 329 3698 amittere
344 3660 501 3713 personatu,
520 3647 562 3698 ita
580 3648 706 3701 omittere
723 3665 781 3702 rem
800 3649 957 3702 dicimus.“
992 3648 1048 3704 sut
1065 3668 1093 3702 v.
1113 3647 1351 3702 Doederleinium
1383 3688 1384 3692 ,

202 3717 281 3784 (Lot.
301 3715 403 3784 Syron.
423 3733 448 3768 u.
470 3717 581 3784 Etyuol.
603 3718 657 3769 111.
676 3735 705 3787 p.
724 3719 802 3784 28⁴.)
830 3720 866 3776 de
890 3738 944 3772 usu
962 3729 993 3775 et
1011 3721 1035 3774 si
1079 3720 1226 3782 ificatione
1244 3717 1351 3770 utrius-

202 3788 713 3914 311181ιῖἒίρῖῑί1981111
715 3789 770 3913 ‘tl
779 3791 914 3914 titt
923 3790 1003 3914 ii·
1021 3798 1191 3914 title
1205 3789 1352 3910 'iulii

317 3897 324 3910 ι
514 3897 520 3908 ·
845 3899 851 3912 0
898 3898 904 3911 .
948 3904 954 3915 .
997 3902 1003 3914 .
1049 3901 1055 3913 .
1139 3901 1145 3913 .
1193 3879 1212 3911 ll
1234 3896 1240 3909 ·

220 3877 316 3982 uideri
330 3947 364 3983 ne
387 3929 568 3982 condoluisse.
593 3928 682 3983 Rehd.
714 3940 743 3984 et
761 3934 836 3985 idon.
856 3934 883 3987 2.
910 3948 944 3984 us
968 3931 1130 3985 doluisse
1152 3931 1270 3998 quidem.
1308 3929 1351 3978 Aa

203 3949 274 4053 laec
291 4001 386 4054 Leode
407 4001 499 4054 erius:
530 4000 673 4066 „locatur
691 4003 722 4054 iu
740 4001 958 4065 Dicaearchum,
983 4002 1043 4071 qui,
1073 4016 1161 4071 quum
1180 4017 1210 4052 se
1229 4004 1350 4079 negaret

178 4091 183 4098 ·
202 4073 331 4124 anianum
349 4020 466 4135 laedere,
485 4086 544 4123 non
562 4071 660 4124 debuit
677 4073 764 4127 fateri
783 4090 813 4126 se
832 4072 933 4125 doloro
951 4072 1051 4140 aliquo
1069 4069 1163 4125 affici:
1188 4068 1264 4138 quod
1288 4085 1350 4118 sino

203 4141 297 4194 anima
316 4158 374 4194 non
392 4141 458 4193 tit.“
493 4140 537 4194 Ad
556 4159 635 4212 seqq.
656 4141 807 4197 Pearciust
835 4141 896 4207 „ln
914 4138 970 4194 hac
992 4141 1119 4194 lectione
1145 4137 1224 4206 [qui
1242 4168 1274 4178 —
1295 4153 1349 4189 nou

203 4212 317 4277 sentiat]
336 4211 440 4266 Cicero
458 4226 517 4265 nou
535 4211 619 4275 dicit,
641 4231 697 4266 cur
713 4211 905 4266 Dicaearchus
928 4225 984 4264 nort
1006 4212 1136 4263 uideatur
1158 4207 1350 4260 condoluisse:

202 4291 318 4353 poterat
336 4282 387 4336 ille
407 4291 436 4336 et
454 4284 577 4337 sensisse
594 4298 624 4335 se
642 4285 762 4338 acimum
779 4299 832 4336 nors
849 4279 959 4342 labne,
985 4289 1015 4335 et
1033 4289 1129 4333 umen
1155 4278 1348 4332 condoluisse.

204 4353 387 4424 Quapropter
411 4352 488 4406 mihi
513 4354 544 4405 in
572 4363 699 4409 mentem
728 4353 809 4409 veuit
828 4352 999 4406 ciceronem
1018 4350 1183 4419 scripsisse:
1212 4349 1297 4419 quia
1318 4378 1349 4386 —

203 4442 257 4479 nou
274 4426 391 4479 sentiat:
410 4433 444 4478 ut
461 4424 532 4478 haec
552 4425 591 4479 sit
608 4428 694 4493 ratio,
722 4443 776 4479 cur
794 4420 987 4479 Dicaearchus
1011 4438 1071 4477 non
1094 4421 1231 4476 rideatur
1249 4421 1350 4475 condo·
