2828 5070
502 285 731 362 umuli.
887 286 921 335 ·'
969 300 1020 315 '·
1173 293 1215 359 31

72 455 187 519 suun
198 451 406 518 Graecorum
427 471 525 517 mors
543 454 668 517 habere
690 451 908 517 auderemus:
927 462 967 516 ut
987 473 1098 540 nuper
1117 463 1215 519 tuum

70 547 135 620 post
152 536 334 599 discssm
355 538 393 596 in
403 534 603 614 Tusculano,
624 556 727 619 quum
741 545 852 598 essent
872 538 1062 617 complures
1083 558 1214 602 mecum

10 710 17 729 Ι
68 620 248 697 familiares,
284 618 425 696 tentavi,
458 617 540 698 quid
566 622 603 680 in
634 637 674 681 eo
702 637 826 705 genero
853 638 992 699 possem.
1047 622 1093 684 Ut
1124 625 1214 685 enim

124 810 157 857 ut
182 803 243 855 inm
268 803 351 856 etiam
377 834 413 846 -
439 803 667 871 auderemus]
713 806 758 857 lta
782 804 886 857 scribit
913 801 1017 857 Cicero
1036 806 1213 876 saepissime,

61 876 189 998 παππία
208 882 357 943 exspectes
374 873 403 927 ln
423 873 456 938 1.,
484 891 544 945 quo
566 876 752 950 significatur
770 874 937 927 consecutio
957 876 1135 943 continuata,
1161 895 1213 932 au.

91 959 180 1009 amaa,
208 942 389 997 locutionem
419 962 500 998 suam
527 961 585 998 non
609 946 707 998 ordini
734 953 911 1014 temporum,
944 959 1030 1011 quem
1050 944 1146 1020 logica
1163 951 1213 1004 vol

60 1015 242 1092 cogitationis
261 1030 363 1068 norma
382 1017 536 1080 requirere
545 1015 673 1081 videtur,
693 1015 743 1069 aed
760 1018 871 1068 formae
882 1015 1029 1068 enunciati
1049 1032 1213 1071 accommo-

60 1086 132 1151 dans,
167 1102 254 1156 quae,
281 1087 472 1157 praecedente
490 1087 660 1156 praeterito,
691 1087 900 1156 imperfectum
925 1084 1115 1139 Coniunctivi
1140 1091 1212 1157 poni

60 1156 142 1212 iulet.
180 1156 251 1208 Alia
269 1172 339 1210 vero
356 1157 458 1226 paullo
476 1165 518 1208 est
536 1158 612 1208 ratio
632 1172 732 1209 eorum
751 1156 894 1219 locorum,
919 1157 950 1207 in
969 1155 1084 1227 quibus,
1110 1176 1213 1227 quarm

59 1226 99 1279 vis
116 1227 285 1280 msemtio
305 1227 490 1302 significetur
514 1227 691 1291 continuata,
719 1228 924 1296 imperfectum
944 1228 1128 1280 coniunctivi
1146 1231 1212 1285 ideo

59 1298 184 1418 mim,
204 1297 273 1366 quia
292 1298 450 1349 consilium
468 1296 635 1368 significare
652 1297 719 1351 uult
738 1298 876 1381 scriptor,
903 1313 959 1365 quo
985 1297 1023 1362 id,
1052 1298 1128 1369 quod
1154 1302 1212 1355 iam

123 1367 290 1433 corneam
307 1367 413 1420 voluit.
450 1368 485 1419 ln
504 1368 681 1436 posterioris
723 1384 819 1421 oneris
844 1366 917 1419 locis
944 1376 989 1420 ast
1007 1370 1042 1432 is,
1070 1368 1106 1422 ad
1124 1388 1211 1441 quem

60 1437 272 1491 annotationem
291 1437 454 1507 conscripsi
471 1437 507 1490 de
524 1437 593 1509 llap.
612 1438 660 1492 Vl.
673 1386 722 1492 lig.
736 1455 767 1506 p.
778 1441 840 1493 181.
875 1437 983 1490 Nostro
1001 1437 1066 1492 loeo
1082 1441 1211 1495 similior

62 1506 148 1573 satQ.
168 1507 233 1561 Cic.
252 1508 288 1561 de
306 1508 390 1561 Petit.
411 1507 496 1564 cons.
517 1510 552 1562 4:
581 1509 714 1575 quoniam
736 1508 901 1575 exposui,
928 1524 999 1577 quae
1016 1510 1143 1564 subsidia
1161 1528 1211 1567 uo·

61 1578 153 1630 nitatis
171 1574 330 1643 heberet,
350 1608 382 1620 -
403 1592 475 1630 nunc
500 1578 534 1630 de
560 1579 752 1644 magnitudine
771 1579 871 1633 dicam.
908 1579 954 1631 Ex
973 1578 1027 1632 Ed.
1048 1581 1155 1636 Oliveti
1175 1585 1211 1638 ad

61 1647 87 1705 l.
104 1648 124 1700 1.
142 1649 295 1718 Anonymi
322 1649 470 1701 cuiusdam
495 1650 712 1718 annotationem
737 1650 869 1718 recipere
894 1648 970 1700 haud
995 1651 1043 1703 abs
1062 1668 1094 1705 ro
1112 1653 1210 1708 risum

62 1727 105 1772 est.
140 1720 185 1772 lta
202 1728 302 1772 autem
321 1719 393 1772 ille:
412 1719 577 1783 „Omissum
597 1720 701 1782 nolim,
721 1716 798 1802 quod
816 1719 1022 1771 animadvertit
1041 1722 1072 1773 in
1085 1723 1128 1775 An
1152 1724 1209 1778 lica

61 1786 1110 1933 tutti?ttini¹²i51⁶tttttt¹ztttttiit.‘ttslssitttt
1127 1803 1210 1919 0331}

61 1928 122 1983 illae
139 1938 219 1996 aunt,
245 1946 319 1996 quae
344 1928 396 1982 vel
418 1946 613 1998 praecessere,
634 1929 815 1981 Academicae
833 1938 863 1981 et
882 1930 916 1981 de
935 1930 1062 1996 Finibus,
1090 1934 1140 1986 vel
1165 1950 1210 1988 se·

60 2010 188 2071 quantur,
219 2002 254 2053 de
271 1994 384 2053 Natura
401 2000 524 2053 Deorum
552 2007 580 2052 et
608 1998 642 2050 de
660 1998 853 2054 Divinatione.
898 1998 959 2053 Hae
977 2000 1159 2057 Tusculanae
1177 2006 1210 2057 in
1250 2020 1257 2031 ·

58 2086 162 2125 morum
182 2070 351 2135 niolam,
370 2088 440 2140 quae
458 2069 598 2123 habebant
616 2068 732 2133 Graeci,
752 2078 818 2121 sunt
836 2073 1028 2140 compositae:
1048 2073 1121 2141 alias
1140 2082 1209 2128 sunt

58 2145 173 2213 proprio
191 2142 320 2195 nomine·
331 2141 550 2225 disputationes.
593 2140 629 2191 ln
648 2140 895 2206 Disputationibua
918 2151 1009 2216 agunt
1027 2141 1208 2215 philosophi,

58 2220 85 2265 et
100 2214 146 2265 aui
165 2215 291 2283 quisque
315 2211 427 2264 ordinis
456 2218 486 2264 et
512 2216 606 2263 sactae
633 2211 765 2280 proprias
790 2211 947 2263 sententias
974 2214 1016 2264 ita
1039 2213 1207 2281 detendunt,

56 2290 95 2349 ut,
113 2282 194 2354 quod
211 2290 312 2336 mente
323 2289 511 2350 praeceptum
524 2279 691 2343 attulerunt,
711 2281 827 2332 domum
840 2288 998 2351 reportent.
1029 2282 1109 2349 Quod
1128 2286 1208 2339 enim

55 2352 301 2425 adisputantibus
319 2349 503 2422 philosophis
522 2348 588 2402 fieri
607 2349 722 2403 videbat
741 2350 853 2414 Cicero,
873 2359 902 2404 st
918 2366 973 2404 nos
994 2368 1107 2423 quoque
1126 2356 1208 2408 vido-

55 2442 126 2487 mns,
144 2424 175 2477 id
196 2425 228 2475 in
247 2422 295 2475 his
314 2422 442 2476 servavit
461 2420 537 2472 lictis
555 2420 585 2471 di
621 2419 807 2483 arationibus,
827 2437 864 2472 ue
882 2423 948 2489 quis
966 2422 1045 2476 torte
1063 2421 1208 2477 dubitaret

56 2510 114 2550 esse
131 2492 336 2566 philosophos,
365 2492 391 2544 si
418 2490 532 2543 videret
557 2506 573 2543 o
611 2499 691 2543 entes
718 2492 846 2543 veritati.
884 2490 920 2542 ln
938 2488 1042 2544 emotis
1061 2511 1135 2546 unus
1154 2501 1208 2561 ast,

54 2566 102 2635 qai
118 2565 196 2619 velit
214 2564 332 2625 doceri;
350 2563 434 2647 alter,
454 2562 504 2631 qui
523 2560 630 2615 doceat.
677 2557 803 2612 Auditor
821 2558 897 2613 nihil
917 2561 1057 2628 defendit,
1084 2580 1143 2616 non
1162 2578 1209 2617 re·

120 2631 1208 2777 ..¹‘n2123.¹.⁰u².m.it‘¹·:agzz⁰..innuet&satiztsinni

55 2792 85 2830 eo
102 2794 189 2831 sensu
207 2775 285 2845 apud
303 2772 492 2827 Plutarchum
511 2776 618 2842 reperi,
646 2773 723 2842 apud
742 2774 915 2826 vetustiores
935 2774 1059 2827 Graecos
1077 2776 1207 2830 nondum

54 2850 185 2917 reperire
202 2845 320 2916 potui.“
361 2845 415 2896 Est
432 2843 571 2896 videlicet
595 2844 671 2912 apud
693 2842 768 2895 Plut.
790 2842 824 2896 de
843 2851 923 2897 recta
935 2846 1074 2898 audiendi
1094 2848 1208 2901 ratione

53 2935 80 2988 p.
96 2918 139 2975 st.
158 2934 187 2972 o.
207 2916 276 2986 ibiq.
305 2935 331 2970 v.
352 2913 506 2983 Wyttenb.
534 2931 563 2982 p.
583 2914 643 2968 306.
671 2913 713 2969 ed.
742 2912 831 2965 Oxon.
858 2930 889 3036 p.
909 2918 970 2970 131.
996 2917 1039 2972 ed.
1069 2917 1147 2986 Lips.
1168 2921 1206 2970 cf.

53 2988 134 3042 eund.
153 2986 193 3040 ad
216 2987 292 3039 Plut.
318 2986 355 3039 do
378 2985 441 3036 aud.
468 2987 544 3053 po'e't.
568 2987 609 3039 15.
633 3000 658 3035 a.
684 3001 712 3053 p.
733 2986 768 3039 ti
794 2984 837 3039 ed.
881 3004 908 3039 x.
934 3002 961 3055 p.
982 2991 1043 3042 llil·
1064 2987 1107 3043 ed.
1127 2987 1205 3057 lips.

52 3059 158 3112 laudat
183 3065 336 3129 praeterea
360 3056 515 3108 litihnerus
539 3052 623 3109 Tusc.
644 3054 698 3107 111.
717 3057 761 3110 34.
791 3055 856 3107 rin.
883 3052 920 3108 ll.
943 3061 967 3110 l·
997 3055 1115 3109 Schiitu.
1135 3057 1205 3114 Lex,

52 3128 111 3185 (isc.
131 3145 154 3180 s.
174 3144 205 3184 v.
225 3135 255 3181 et
273 3144 357 3180 suum
385 3126 421 3179 de
447 3124 510 3179 cic.
536 3127 566 3178 in
588 3123 696 3195 philos.
725 3127 840 3177 meritis
859 3122 966 3177 librum
984 3144 1012 3196 p.
1033 3128 1148 3182 'te-st.
1177 3135 1208 3180 et

71 3202 151 3256 ,119
170 3216 214 3267 sq,
232 3197 306 3251 Add.
332 3195 433 3250 Baehr.
454 3196 491 3248 ad
517 3196 591 3248 Plut.
611 3194 724 3266 Philop.
752 3212 782 3264 p.
802 3199 827 3250 9.
866 3195 919 3247 Pro
945 3212 1021 3248 more
1041 3195 1109 3249 Cod.
1130 3196 1204 3249 Gud.

85 3269 187 3324 botin
206 3284 263 3321 ore.
299 3268 331 3320 V.
352 3266 429 3320 infra
448 3267 566 3319 initium
585 3283 609 3322 c.
629 3270 673 3321 49.
701 3267 759 3318 Mr.

115 3338 251 3406 sciolas]
285 3336 521 3408 Disputationes3
548 3352 604 3421 quo
632 3352 717 3389 sensu
741 3335 958 3402 pomeridianas
989 3335 1099 3389 sciolas
1130 3334 1207 3390 dixit

49 3410 266 3477 Quinctilianus
285 3409 342 3470 lll,
363 3414 387 3464 1.
424 3408 532 3461 Noster
556 3410 634 3459 infra
653 3406 708 3471 111,
728 3409 771 3460 34.
810 3407 971 3472 separatim
999 3415 1093 3460 certae
1116 3405 1206 3461 Scho-

48 3481 91 3535 lae
109 3488 177 3535 unt
196 3481 232 3534 de
251 3480 353 3532 exsilio
372 3506 406 3518 -
423 3480 502 3531 Haec
520 3478 623 3530 Graeci
640 3477 670 3530 iu
689 3476 821 3541 singutas
839 3476 963 3541 scholas,
981 3484 1009 3530 et
1024 3479 1056 3530 in
1075 3477 1206 3547 singulos

48 3553 135 3606 tiiros
160 3551 196 3605 di
230 3549 342 3603 ertiunt.
380 3549 419 3600 Et
444 3550 479 3602 de
503 3548 568 3601 Fin.
596 3548 635 3613 ll,
663 3552 686 3602 l.
723 3547 766 3600 Ne
791 3565 833 3601 me
861 3554 992 3618 tanquam
1009 3547 1205 3618 philosophum

44 3624 148 3690 petetis
169 3620 208 3674 Sc
229 3621 306 3674 olam
324 3620 449 3690 aliquam
467 3619 545 3671 vodis
564 3616 776 3686 explicaturum.
816 3618 994 3695 Augustinus
1005 3620 1035 3673 G.
1046 3617 1079 3671 D.
1102 3621 1151 3673 lib.
1164 3620 1202 3674 11.

47 3708 107 3765 cap.
126 3696 154 3746 t.
201 3693 248 3744 An
274 3693 350 3757 torte
372 3691 453 3743 nobis
477 3687 708 3756 Philosophorum
721 3738 728 3756 p
740 3688 852 3743 scholas
872 3691 1128 3760 disputationesque
1147 3709 1205 3745 me·

47 3764 221 3818 moratum?
265 3761 313 3815 Sic
343 3758 391 3824 riu
416 3762 571 3831 γενομένην
594 3760 760 3812 ΣΧΟΑΗΝ
774 3762 839 3827 περὶ
861 3766 910 3813 τοῦ
928 3758 1038 3813 ἀκούειν
1062 3771 1204 3815 memorat

47 3834 221 3888 Plutarchus
239 3832 322 3885 Tom.
342 3831 379 3883 ll.
399 3848 463 3907 pig·
484 3835 526 3886 37.
564 3831 634 3882 Vide
660 3831 699 3881 sis
725 3836 753 3881 et
777 3829 934 3885 Arrianum
959 3831 1055 3902 Epict.
1084 3831 1133 3885 lib.
1155 3833 1201 3890 lv.

49 3922 108 3977 cap.
126 3910 154 3962 t).
176 3920 207 3975 p.
228 3906 290 3959 414.
311 3910 340 3956 et
356 3899 517 3977 Diogenem
537 3901 684 3953 Laertium
704 3898 737 3964 X,
756 3901 799 3955 io.
835 3902 872 3953 D.

114 3983 146 4029 ut
166 3990 257 4043 mtper
274 3981 351 4025 tuum
368 3979 430 4041 poet
450 3972 616 4038 discessum]
637 3969 705 4024 Cod.
722 3969 804 4026 vind.
821 3974 846 4027 6.
863 3980 928 4040 post
947 3980 1022 4025 tuum
1040 3974 1201 4032 diaoetsum.

48 4045 220 4121 „intelligit
238 4043 322 4095 Bruti
340 4044 496 4097 discessum
515 4045 547 4095 iu
561 4041 689 4095 Galliam
700 4039 886 4112 Cisalpinam,
905 4062 921 4095 a
940 4043 1060 4098 Caesare
1079 4048 1105 4099 ei
1120 4064 1204 4101 man·

49 4118 141 4172 datam
159 4135 188 4171 a.
207 4134 237 4172 u.
258 4132 283 4170 o.
302 4116 365 4179 1117,
395 4114 505 4167 bellum
524 4114 556 4167 in
577 4113 673 4166 Africa
700 4121 801 4165 contra
819 4112 995 4185 Scipionem,
1016 4114 1154 4170 Catonem
1173 4126 1203 4172 et

49 4189 142 4243 labam
163 4197 294 4273 genius-o.
314 4186 348 4239 V.
368 4186 402 4239 ad
420 4186 498 4240 Fam.
509 4189 537 4249 a,
550 4186 582 4239 St
602 4183 732 4238 cassium
750 4184 806 4236 aiii
824 4185 941 4254 legauit,
960 4187 1079 4239 Brutum
1090 4189 1202 4241 Gallias

45 4256 218 4327 praefecitf‘
237 4255 355 4311 Becker.
375 4288 409 4299 -
443 4257 506 4310 Vox
532 4256 562 4308 in
587 4255 690 4308 omissa
715 4256 810 4308 estin
829 4256 902 4309 Gud.
922 4262 947 4312 1.
988 4258 1095 4311 Vocem
1113 4272 1203 4326 nuper

48 4334 156 4386 omittit
176 4326 249 4385 ooo.
268 4324 361 4382 uena.
380 4327 457 4381 unda
475 4324 537 4379 noli
555 4326 630 4379 hanc
654 4340 755 4378 vocem
775 4329 903 4396 spuriam
922 4327 1106 4381 existimare:
1134 4343 1202 4378 nam

48 4409 73 4454 et
89 4403 162 4459 alibi
182 4402 212 4456 ei
231 4398 399 4470 explicandi
417 4415 500 4453 causa
518 4396 598 4452 addit
615 4397 823 4451 accuratiorem
839 4400 979 4468 temporis
990 4397 1200 4453 definitionem.
