2828 5070
514 318 644 384 omna
664 317 692 398 1,
724 318 777 386 28.
1166 317 1226 384 stt

63 501 264 567 renascetur,
302 506 360 550 uec
387 507 427 550 ex
448 505 482 550 se
503 485 595 550 aliud
623 485 765 561 creabite
803 485 958 566 siquidem
984 503 1111 549 arcesse
1136 493 1185 547 est
1206 504 1227 545 a

60 576 229 657 principio
250 575 334 636 oriri
349 572 469 639 ,amaia
509 571 564 633 Ita
584 571 636 651 fit,
657 578 694 630 ut
715 577 818 631 motus
837 569 1030 647 principium
1051 588 1091 630 ex
1111 587 1149 630 eo
1169 569 1226 639 sit,

61 657 152 740 quoa
180 660 281 737 ipsura
310 675 330 716 a
352 661 558 718 semovetur.
614 652 667 714 td·
683 660 787 714 autem
815 669 874 712 uec
900 654 993 715 nasei
1017 660 1137 730 potest,
1167 669 1227 713 uec

61 742 159 804 uari:
191 738 243 801 uel
270 737 420 800 concidat
451 755 539 798 omne
567 735 686 797 eaelum
720 736 882 816 ornusque
917 742 1035 795 natura
1068 736 1227 797 continet

62 928 135 972 tuor
152 919 222 972 0¹¹.
242 919 331 971 Μαι-1).
350 918 423 972 Edd.
442 917 566 971 Med-1².
588 916 620 969 A.
639 917 670 969 B.
691 914 720 969 S.
739 916 774 969 F..
795 916 866 968 Van.
886 923 976 969 nostr.
997 915 1060 969 Asc.
1079 922 1102 972 1.
1122 916 1229 971 hebent

64 996 297 1043 maceretur.-
316 990 383 1043 God.
403 989 476 1065 Aug.
496 987 666 1042 renascitur.
685 987 769 1040 Verb.
790 985 822 1038 in
840 1003 932 1062 marg.
952 987 993 1038 ait
1012 987 1160 1040 Davisium
1179 1006 1229 1042 ex·

63 1059 169 1114 bibere
188 1061 223 1113 ab
250 1060 328 1114 alia
353 1074 390 1113 re
415 1067 596 1113 narretur:
625 1061 743 1113 fortasse
762 1059 794 1110 in
811 1056 865 1110 Ed.
887 1060 916 1112 l:
944 1075 1011 1110 nam
1029 1058 1060 1110 in
1079 1058 1132 1111 Ed.
1152 1060 1178 1113 2.
1198 1066 1229 1113 et

62 1148 146 1202 seqq.
167 1132 229 1184 eius
246 1131 382 1185 lectionis
400 1131 515 1183 nullum
533 1139 625 1184 exstat
641 1129 717 1184 resti
740 1129 810 1181 ium.
847 1128 948 1182 Paullo
967 1128 1099 1198 superius
1116 1128 1170 1182 Ed.
1191 1131 1227 1182 H.

64 1217 151 1270 neque
169 1201 287 1255 occidet.
316 1202 400 1254 Vind.
423 1206 447 1257 l.
475 1216 509 1255 ue
527 1201 678 1254 occidet.
753 1216 776 1252 r.

139 1272 199 1326 Nec
215 1289 284 1336 ase
303 1272 386 1324 atiud
403 1271 522 1338 creabit]
550 1271 599 1325 Sic
617 1271 786 1324 Macrobius.
824 1270 899 1321 Item
922 1269 1001 1322 Plato
1021 1267 1091 1325 Οὔτε
1115 1263 1228 1330 statutt

66 1338 170 1409 istium
196 1341 426 1399 ΓΕΝΗΣΕΤΛΙ,
462 1343 528 1395 Non
556 1351 617 1396 erat
644 1342 737 1417 igitur
761 1358 815 1393 our
834 1340 987 1393 Lambinus
1011 1341 1228 1394 rescribendum

64 1415 228 1469 caniiceret
246 1413 446 1478 recreabit,
470 1413 560 1465 nullis
587 1412 671 1465 libris
690 1410 894 1464 addicentibus.
922 1411 960 1464 D.

139 1502 191 1539 uec
208 1501 248 1538 er
265 1500 296 1538 se
314 1485 394 1537 aliud
412 1483 535 1551 creabit]
563 1485 606 1537 lta
625 1482 726 1552 scripsi
745 1498 811 1534 cum
821 1482 869 1535 Or.
888 1489 919 1534 et
936 1482 1005 1535 Dar.
1025 1482 1057 1533 in
1075 1481 1118 1535 ed.
1137 1485 1163 1539 2.
1183 1480 1229 1536 ni·

66 1554 179 1607 mirum
206 1572 242 1608 ex
265 1555 391 1608 Bentleii
418 1557 570 1618 sententis,
605 1553 658 1623 qui
685 1552 804 1605 eandem
830 1551 987 1607 lectionem
1013 1551 1044 1603 in
1062 1553 1120 1606 suis
1139 1553 1226 1607 codd.

66 1625 197 1696 reperiri
216 1625 272 1692 ait3
292 1642 355 1679 eom
374 1623 511 1678 exhibent
528 1623 615 1679 codd.
636 1622 747 1677 Somnii
767 1622 844 1693 Scip.
866 1631 895 1675 et
919 1623 1011 1676 nostri
1035 1623 1110 1676 Gud.
1128 1623 1227 1677 Duisb.

65 1694 142 1770 Aug.
162 1696 246 1748 Vind.
269 1701 293 1751 1.
321 1696 379 1748 MS.
410 1696 443 1747 in
471 1713 517 1748 ma
556 1735 561 1747 .
590 1692 674 1746 Verb.
712 1694 775 1745 Nec
800 1692 887 1767 longe
910 1693 968 1745 abit
992 1711 1065 1745 unus
1084 1696 1145 1759 On,
1205 1695 1226 1711 '⁸

65 1764 154 1818 habet
173 1781 188 1818 e
205 1781 246 1831 se,
265 1765 320 1819 duo
339 1767 409 1820 0xx.
430 1767 504 1818 Mon.
518 1713 554 1821 bg.
569 1764 659 1819 Rehd.
679 1762 733 1816 Ed.
752 1763 788 1814 Η.
809 1763 844 1817 de
862 1779 906 1816 se:
933 1763 1003 1838 Reg.
1024 1764 1098 1817 Gud.
1121 1769 1144 1819 1.
1192 1782 1229 1819 uo

66 1835 140 1890 ou.
160 1852 210 1888 uec
227 1852 267 1902 se,
286 1837 397 1920 reliqui
417 1851 467 1889 uec
484 1852 506 1920 a
521 1834 666 1918 sesquod
684 1835 708 1886 si
718 1831 874 1886 defendere
887 1832 970 1917 ralis,
989 1833 1077 1917 dicas,
1095 1835 1228 1910 intelligi

67 1907 149 1959 velle
167 1907 338 1961 Ciceronem
357 1915 406 1972 ita,
427 1924 507 1975 quasi
526 1912 689 1975 scripserit:
724 1919 840 1971 „neque
858 1903 937 1956 aliud
955 1904 1073 1970 creabit,
1102 1906 1178 1974 quod
1196 1913 1229 1957 ut

68 1994 86 2029 a
105 1993 137 2029 se
154 1984 280 2034 mamm
300 1976 466 2031 exhibeat.“
483 1976 567 2029 Verb.
581 1992 617 2028 ex
635 1974 799 2045 aliqualis.
809 1975 924 2096 {estest
943 1972 1100 2028 lectionem
1118 1991 1230 2047 aeque

69 2045 155 2099 aliud
168 2054 347 2115 procreat.
385 2049 419 2101 ln
438 2064 501 2099 mar
521 2065 549 2123 g.
569 2046 682 2098 Lambb.
703 2054 733 2099 et
752 2046 809 2098 Got
833 2083 839 2096 .
860 2055 903 2098 est
930 2045 1096 2101 coniectura
1117 2061 1229 2101 recrea-

68 2118 121 2182 bit,
149 2133 208 2170 non
225 2127 316 2183 certo,
342 2126 376 2169 ut
395 2117 467 2181 dixi,
493 2064 630 2170 iambino
657 2116 853 2170 adscribenda:
887 2133 1007 2187 eamque
1035 2135 1093 2172 esse
1119 2119 1151 2172 in
1169 2118 1227 2173 MS.

68 2188 253 2259 nescioquo,
272 2188 433 2264 Verburgio
453 2188 483 2241 ia
503 2206 593 2263 marg.
613 2187 771 2240 affirmanti
789 2203 848 2239 non
873 2187 971 2240 credo:
1007 2190 1125 2242 ridetur
1149 2191 1229 2242 enim

72 2260 159 2311 istem
177 2258 374 2312 coniecturam
392 2259 581 2335 marginalem
599 2273 653 2380 ser
671 2258 884 2311 festinationem
907 2256 983 2311 libro
1003 2260 1116 2313 cuidam
1133 2260 1230 2313 veteri

71 2330 264 2399 adscripsisse.
304 2330 423 2383 crearet
441 2338 485 2381 est
512 2330 542 2381 in
561 2329 600 2382 Co
621 2368 627 2380 .
648 2328 736 2380 Marb.
756 2336 786 2380 et
805 2343 862 2379 uno
882 2327 944 2392 Ox„
972 2328 1004 2378 in
1022 2328 1130 2381 duobus
1147 2330 1231 2400 peius

72 2407 204 2454 certaret.
230 2395 300 2453 'lsta
317 2416 387 2454 roro
406 2400 550 2475 elegantia
569 2398 708 2452 recreabit
729 2398 787 2450 iam
805 2397 956 2468 reprobata
983 2406 1026 2450 est
1044 2416 1060 2449 a
1077 2399 1232 2468 Wopken-

71 2469 117 2524 sio
134 2472 214 2524 Lect.
234 2471 313 2522 Tull.
334 2488 361 2541 p.
381 2473 442 2525 294.
464 2471 507 2523 ed.
527 2469 618 2522 Hand.
639 2470 705 2524 215..
728 2468 771 2522 ed.
792 2484 837 2537 pr.
858 2499 890 2511 -
929 2466 1020 2520 Verba
1041 2467 1177 2538 siquidem
1197 2496 1230 2509 -·

71 2540 118 2595 ita
135 2544 168 2607 fit
187 2541 289 2594 desunt
311 2542 344 2593 in
367 2558 425 2594 uno
453 2543 502 2595 Ox.
541 2540 686 2594 scribitur
709 2538 823 2591 inverso
851 2538 952 2591 ordine
984 2538 1074 2591 onnia
1098 2539 1174 2592 oriri
1200 2539 1231 2592 in

71 2611 140 2665 cod
159 2610 234 2687 Aug.
272 2614 337 2664 Post
354 2611 425 2663 haec
466 2627 498 2663 ro
517 2610 561 2662 ita
582 2619 623 2661 est
642 2608 684 2661 sic
709 2609 740 2660 in
758 2625 816 2661 uno
834 2608 897 2674 Ox,
921 2609 952 2659 in
971 2608 1027 2662 alio
1046 2614 1085 2661 ut.
1124 2610 1231 2666 Vocem

68 2681 240 2752 principissa
266 2683 378 2735 omittit
405 2630 471 2735 Coi.
493 2682 566 2735 Gud.
586 2683 612 2735 2.
651 2678 790 2750 Sequitur
814 2679 855 2731 ab
875 2694 906 2731 eo
926 2679 958 2730 in
977 2679 1042 2733 cod.
1062 2681 1159 2734 Duisb.
1198 2683 1232 2736 ln

71 2772 81 2803 ι
158 2791 165 2804 .
184 2753 257 2806 Εᾶᾱ.
270 2752 384 2805 lnrnbb.
405 2761 435 2806 et
455 2752 542 2805 Goth.
556 2766 610 2823 pro
629 2766 662 2802 es
681 2766 712 2803 eo
730 2750 770 2802 sit
789 2758 830 2803 est
848 2750 1016 2803 coniectura
1034 2751 1067 2805 id
1084 2753 1130 2805 sit.
1178 2772 1232 2807 nus

71 2823 125 2877 0¹.
182 2823 231 2876 bet
249 2838 283 2876 es
301 2839 333 2876 eo
351 2823 410 2888 fit.
447 2825 502 2876 Per
525 2823 548 2875 't
566 2823 641 2875 Gud.
660 2823 686 2874 2.
708 2821 781 2891 quod
798 2821 839 2873 id
856 2820 957 2888 ipsum.
985 2823 1040 2875 Pro
1058 2837 1124 2878 ase
1181 2825 1230 2878 isb.

71 2902 103 2946 et
121 2894 207 2946 Vind.
229 2897 372 2947 1.esse.
410 2895 495 2946 Proi
532 2893 605 2946 Gud.
626 2891 711 2960 quod:
738 2900 803 2943 tum
821 2891 874 2944 Ed.
895 2892 930 2945 ll.
955 2891 998 2947 bis
1022 2911 1114 2964 neque.
1143 2896 1230 2950 Marb.

70 2963 181 3019 mauri
218 2979 251 3016 ro
268 2963 351 3016 mori.
384 2960 444 3016 Mi.

150 3035 191 3089 Ve
220 3035 349 3088 concidat
366 3050 439 3087 orsae
463 3035 578 3098 caetum,
606 3032 744 3103 omnisque
765 3040 868 3086 natura
890 3032 1030 3086 consistat
1049 3049 1162 3087 neeesse
1178 3041 1231 3101 est,

72 3121 124 3159 κιο
140 3107 197 3158 erim
213 3106 299 3158 uliam
318 3105 506 3171 aaruiscatur,
534 3118 589 3175 qua
612 3105 707 3173 primo
732 3104 849 3172 impulsa
875 3103 1033 3170 moueatur]
1070 3105 1114 3157 lta
1131 3107 1232 3180 vulgo,

73 3177 185 3229 Graeca
208 3192 278 3229 vero
302 3177 343 3227 sic
370 3193 399 3228 se
423 3177 538 3241 habent,
560 3176 600 3225 ”H
622 3177 713 3227 notura
737 3191 766 3227 te
783 3169 906 3243 οὐρανὸν
922 3173 1019 3227 πᾶσάν
1043 3192 1071 3226 rs
1088 3181 1142 3241 γῆν
1159 3193 1231 3245 συμ-

72 3254 221 3300 rsssortoar
235 3250 343 3314 στῆναι,
370 3248 416 3299 καὶ
432 3247 541 3314 μήκοτε
558 3242 639 3307 αὖθις
656 3245 733 3313 ἔχειν
750 3248 831 3297 m
839 3248 916 3312 NAI,
940 3245 1008 3298 ὅθεν
1025 3245 1172 3310 uerutirru'
1189 3264 1233 3316 ye-

72 3318 195 3385 rriceras·
231 3315 394 3371 Secundum
413 3318 487 3369 illud
506 3321 603 3384 στῆναι
621 3316 698 3368 delet
723 3318 761 3368 Μ.
781 3316 814 3368 Α.
836 3317 964 3368 Muretus
990 3317 1056 3368 Ver.
1080 3317 1159 3369 Lect.
1180 3317 1231 3368 lib.

72 3389 152 3442 vul.
174 3405 235 3458 cap·
254 3391 281 3444 3.
301 3397 331 3439 at
348 3405 402 3458 pro
421 3405 453 3441 eo
472 3406 504 3440 re
525 3386 668 3441 onendum
682 3385 799 3439 videtur
816 3384 908 3451 Ισιαις
926 3386 1015 3438 aliter
1033 3387 1112 3439 enim
1129 3388 1233 3442 mutili

73 3459 195 3512 notabit
212 3459 362 3512 sententia.
400 3459 444 3513 Ad
461 3476 515 3511 rer
553 3476 583 3509 m
600 3459 642 3510 sic
659 3465 768 3510 vertes:
793 3457 846 3510 Vet
861 3472 936 3510 omae
955 3458 1057 3510 caelum
1075 3473 1232 3530 omaernque

75 3536 186 3583 terram
211 3528 242 3581 ia
265 3545 350 3582 unum
368 3530 452 3582 locutu
469 3529 646 3583 condientis
669 3533 756 3594 stare,
783 3544 817 3580 ue
854 3543 989 3581 erursus
1007 3526 1108 3582 babere
1126 3530 1233 3586 cautiss-

74 3607 134 3668 μί,
161 3599 234 3652 uude
260 3606 432 3654 moueantur.
478 3600 580 3654 cicero
607 3616 672 3652 sans
698 3599 796 3669 paullo
838 3598 958 3664 'berius;
992 3600 1033 3652 ita
1051 3609 1148 3652 tamen
1165 3610 1233 3657 uta

73 3689 158 3723 sensu
176 3686 235 3722 non
254 3672 412 3734 erraverit,
444 3671 570 3724 simodo
593 3687 659 3722 oum
676 3671 799 3734 Murato,
827 3670 965 3722 Lambino
983 3687 1017 3722 ac
1034 3671 1168 3725 Fabricio
1187 3680 1234 3727 re·

74 3740 184 3794 scribas
209 3741 255 3794 uel
280 3742 410 3794 weridat
436 3758 512 3794 osane
537 3740 640 3794 caelum
666 3740 806 3812 omnaque
824 3746 904 3793 tam
922 3750 952 3794 et
969 3741 1106 3795 consistat
1123 3758 1234 3797 arcesse

75 3818 130 3864 eti.
166 3812 209 3863 lto
227 3821 306 3865 certe
324 3812 433 3865 cluount
452 3813 513 3895 ipsa
530 3812 656 3865 Platonis
673 3810 775 3876 verba3
803 3826 857 3864 nec
875 3810 949 3864 mihi
967 3812 1088 3865 dubium
1105 3814 1233 3884 videtur,
1291 3865 1293 3870 .

76 3882 153 3952 quin
170 3881 210 3934 its
227 3883 378 3952 scripserit
395 3883 519 3935 Tullius.
554 3882 590 3935 D.

153 3951 206 4006 Vel
221 3954 352 4006 couddat
369 3969 446 4006 omns
464 3953 579 4019 caetum]
611 3953 658 4006 Or.
678 3952 751 4005 dicit
768 3953 939 4005 Lambinum
963 3953 1119 4008 coniecisse
1142 3957 1234 4012 eond-

76 4023 274 4107 daut,.cuius·
293 4040 347 4100 ego
369 4024 505 4091 lectionis
524 4040 618 4109 neque
643 4024 674 4075 in
693 4025 966 4110 'contextisunequs
985 4026 1017 4077 in
1035 4043 1126 4104 marg.
1145 4030 1234 4082 vesti-

76 4112 199 4219 3¹¹3...
249 4111 303 4219 tt
320 4093 1061 4237 sl5⁶df⁰s²2¹t.?¹¹.tttitltttltttt.,¹‘.
1079 4114 1123 4222 {t
1137 4107 1233 4223 td:

78 4236 122 4300 lu,
148 4237 177 4288 ei
194 4237 369 4306 parendum:
397 4245 477 4289 certe
500 4252 559 4289 non
580 4235 680 4310 magis,
704 4252 790 4305 quam
813 4237 844 4287 in
862 4253 942 4308 seqq.
979 4239 1059 4293 Unus
1078 4240 1128 4293 0x.
1147 4240 1233 4293 habet

77 4305 340 4431 occidassbGudffi.
360 4307 505 4361 concedat:
535 4307 612 4361 illud
628 4307 715 4360 etiam
733 4304 818 4359 verb.
844 4306 876 4359 in
894 4325 985 4384 marg.
1006 4325 1043 4362 ex
1059 4310 1117 4364 MS.
1138 4317 1235 4362 enota-

77 4385 143 4430 tum
223 4386 261 4431 et.
334 4394 359 4431 r.

150 4448 291 4518 surisque
316 4455 448 4502 satura
473 4446 612 4502 consistat
637 4464 747 4505 mese
767 4448 830 4518 est]
862 4449 917 4516 Qui
941 4450 1089 4505 Ciceronis
1113 4451 1234 4503 rems

109 4542 189 4587 cicera
205 4544 270 4587 tta.
285 4544 353 4599 Dira.
370 4545 404 4587 est
419 4545 504 4590 llam.
521 4544 545 4585 r.
552 4545 572 4586 1.
988 4559 1028 4621 12
