2828 5070
121 304 162 368 ss
318 299 548 366 croauoms
568 295 815 366 rasorum.
837 250 1067 363 msrorsr.

122 484 203 542 esee,
225 465 321 529 verbi
341 484 452 544 causa,
474 465 522 528 Μ.
547 464 713 543 Crassum,
742 468 799 547 qui
826 466 900 526 illas
920 468 1072 527 fortunas
1093 469 1202 524 morte
1222 461 1275 525 di·

121 549 272 608 miserit:
293 551 453 609 miserum
475 547 535 609 Cn.
558 548 763 630 Pompeium,
784 551 841 629 qni
862 556 953 608 tanta
974 548 1082 633 gloria
1110 548 1155 607 sit
1176 545 1275 607 orba·

121 638 194 693 tus:
217 649 331 691 omues
352 630 495 712 denique
517 633 668 708 miseros,
691 631 748 710 qui
770 630 832 690 hac
853 630 928 690 lnce
949 635 1095 690 careant.
1137 626 1186 689 Μ
1208 626 1275 689 uo-

121 712 268 773 volveris
289 712 412 774 eodem.
456 712 531 773 Sint
552 715 640 773 enim
662 720 806 795 oportet,
834 714 863 772 si
885 712 1000 772 miseri
1021 718 1117 771 sunt:
1150 719 1189 771 tu
1215 728 1275 772 su·

121 802 188 855 tem
209 792 307 856 modo
330 794 470 880 negabas
502 813 558 855 eos
579 814 658 871 esse,
698 796 754 875 qui
782 796 908 854 mortui
936 801 1055 855 esseut.
1107 790 1145 852 Si
1166 793 1276 879 igitur

122 963 176 1014 Pro
195 961 274 1013 istud
292 970 336 1015 est
354 962 477 1014 istacin
496 961 565 1014 Cnd.
585 961 673 1015 Palat.
689 965 712 1015 l.
732 958 877 1014 Gebhardl
896 968 925 1013 et
943 975 1001 1012 uno
1014 957 1166 1022 Gulielmi,
1186 959 1272 1013 Vind.

122 1036 146 1088 l·
166 1035 191 1087 2.
213 1032 299 1102 qnod,
330 1033 365 1085 ad
389 1032 572 1097 sententiam,
601 1030 700 1084 eodem
719 1032 805 1096 redit,
829 1031 877 1084 sed
900 1037 966 1083 ante
992 1029 1104 1083 distod
1126 1032 1275 1099 praefero,

121 1111 187 1156 ante
206 1118 230 1169 q,
252 1103 335 1154 istuc.
380 1103 441 1153 lsta
463 1109 505 1155 est
532 1103 563 1154 in
585 1102 738 1172 plurimis:
770 1103 821 1154 sed
844 1102 924 1155 istud
949 1100 1085 1153 exhibent
1104 1099 1193 1155 codd.
1212 1108 1274 1155 tres

121 1172 357 1299 :stum
371 1170 1107 1314 tutat·stat-:totototo

121 1313 195 1367 otis.
216 1314 317 1378 Verb.)
342 1315 484 1368 Goerenz.
513 1314 549 1366 ad
577 1313 638 1367 cie.
666 1313 701 1366 da
728 1313 816 1389 [segg.
838 1311 893 1364 111.
920 1316 945 1368 8.
973 1315 1016 1368 19.
1044 1311 1193 1366 extribus
1211 1313 1273 1368 suis

120 1387 251 1455 praefert
269 1385 348 1437 ista“
366 1385 473 1437 addens
492 1384 576 1437 idad
593 1384 760 1438 universum
787 1385 987 1455 praecedentis
1015 1384 1176 1437 sententiae
1193 1398 1273 1437 mnn-

120 1455 242 1523 plexum
260 1454 447 1509 referendum
468 1471 542 1507 esse:
573 1454 658 1507 etad
682 1455 717 1508 da
741 1455 827 1507 Finn.
848 1455 885 1508 11.
909 1458 935 1510 3.
955 1456 987 1509 9:
1016 1453 1132 1508 dicens:
1166 1460 1273 1520 „notat

122 1527 216 1578 enisu:
236 1523 302 1577 baec
318 1533 344 1577 et
362 1525 466 1579 talia.“
503 1524 537 1576 ln
562 1526 681 1579 eandem
700 1526 871 1579 sententiam
889 1525 1018 1594 disputat
1041 1524 1130 1578 etism
1148 1523 1273 1579 dene-

121 1612 180 1648 rus.
301 1611 370 1650 vero
389 1613 454 1649 oum
474 1593 585 1648 Orellio
603 1597 689 1662 facio,
717 1597 768 1666 qui
792 1597 900 1666 opponi
924 1612 1015 1648 unum
1032 1592 1089 1648 boo
1109 1594 1273 1663 contendit,

122 1667 200 1736 quod
258 1670 330 1720 timo
355 1666 419 1720 loon
447 1664 521 1718 dixit
546 1667 658 1719 Marcus
684 1666 765 1736 sequi
788 1683 824 1720 ex
842 1673 907 1720 aute
933 1663 1028 1731 dictis,
1057 1666 1273 1720 universalibus

120 1738 197 1802 istis,
217 1753 295 1808 quan
312 1737 371 1791 s'sta
389 1745 444 1791 ton
462 1736 668 1790 inconsiderate
691 1737 807 1789 diceres.
837 1736 897 1792 Mr.

192 1808 269 1864 Quid
286 1807 360 1862 dicis
379 1805 515 1878 igituri]
536 1806 623 1860 eodo.
642 1806 731 1861 Rebd.
750 1808 835 1863 Vind.
845 1811 872 1863 1.
892 1806 962 1876 qnid
978 1806 1074 1874 igitur
1090 1806 1187 1861 dicis!
1205 1808 1274 1861 linx

18 1892 20 1896 ⁴
120 1877 206 1932 vind.
228 1884 251 1935 1.
271 1880 347 1957 Aug.
368 1889 396 1935 et
413 1878 467 1934 Ed.
485 1880 521 1930 ll.
540 1879 621 1931 verbi
637 1877 773 1946 gratia.
811 1878 963 1930 omittitur
979 1894 1156 1948 praenomen
1175 1877 1273 1934 (trust

120 1950 153 2002 in
171 1949 258 2003 (lodd.
284 1950 353 2025 Reg.
374 1956 397 2006 1.
417 1954 445 2005 2.
472 1951 546 2002 Mon.
566 1953 591 2003 2.
635 1948 723 2002 Verbi
751 1948 900 2013 dimiserit,
929 1948 1007 2019 quod
1030 1950 1172 2019 sequitur,
1201 1965 1273 2002 usus

119 2017 177 2072 boc
194 2037 279 2074 sensu
297 2021 462 2073 rarissimus
482 2028 543 2073 est:
574 2018 716 2072 similiter
737 2017 847 2072 dicitur
869 2018 915 2073 Or.
940 2034 995 2089 pro
1013 2018 1136 2073 comtos
1154 2022 1201 2084 ²8,
1218 2018 1272 2075 'lbs

44 2146 56 2161 ,
119 2090 316 2157 patrimonium
333 2091 416 2144 onias
434 2090 598 2143 inconmodo
616 2089 833 2142 dimittitur:
857 2090 902 2142 ios
919 2089 1012 2142 amitti
1028 2104 1083 2143 non
1099 2096 1193 2158 potest
1209 2089 1274 2143 sisse

120 2175 219 2284 pappo
243 2162 405 2288 {apppodp
429 2159 566 2282 airoitatipi
600 2159 689 2284 {lugd
715 2161 848 2283 selpuitpr
877 2161 1007 2284 misma
1027 2159 1156 2287 ptlbspstGp⁸
1181 2158 1270 2284 (institi.

146 2248 211 2287 e.
355 2271 409 2285 ..
472 2247 832 2284 umar.ne.nss.
891 2248 1092 2283 eumn..
1157 2250 1225 2284 .n

120 2249 894 2446 satbati„:totto„testationi
909 2248 1273 2445 steatomata

120 2441 153 2638 T·
168 2443 246 2637 '1th
257 2450 339 2640 ἰὲξιῖα
354 2446 462 2643 {Q
471 2517 653 2640 sittordatupp
672 2517 857 2641 laostssffilprip
870 2516 1017 2641 agdugtup·
1025 2515 1121 2639 alerbp
1131 2515 1273 2639 digsp'talts

131 2601 248 2639 anam
291 2604 335 2640 o.
381 2606 424 2642 e.
464 2604 605 2643 ·euno
654 2607 708 2643 er·
801 2604 1166 2642 ......en.
1207 2604 1247 2639 nn

119 2656 182 2709 Aac.
202 2660 228 2712 2.
248 2675 312 2710 mar
333 2699 339 2712 .
359 2608 429 2713 Vada.
458 2677 504 2729 ap.
530 2659 685 2712 Alt.·lt0b.
709 2657 807 2729 Steph.
836 2659 900 2716 Car.
929 2656 1027 2729 Stepb.
1054 2657 1166 2713 cumr.
1186 2655 1270 2713 fabr.

119 2725 228 2779 sturm.
254 2675 340 2782 verb.
365 2728 469 2783 Olivet.
515 2728 624 2783 Eadem
646 2737 797 2800 ponuntur
825 2739 892 2783 ante
914 2736 993 2782 tanta
1018 2728 1114 2796 gloria
1138 2730 1171 2782 iu
1198 2727 1269 2782 θοὰ.

118 2795 160 2850 lte
183 2800 235 2853 ,4.
261 2797 344 2851 vind.
364 2801 390 2852 2.
428 2799 539 2853 Eorum
564 2800 718 2853 verborum
745 2801 811 2853 loco
839 2802 980 2855 scribitur
1005 2805 1091 2854 nort:
1116 2801 1149 2852 in
1176 2814 1270 2875 marg.

121 2815 190 2921 cod.
210 2868 297 2922 Bern.
316 2870 370 2922 Ed.
390 2870 512 2926 Hwotf.
533 2872 612 2923 etin
630 2889 724 2948 marg.
743 2870 797 2927 Ed.
818 2880 933 2925 nostrae
951 2871 1017 2923 Asa.
1035 2875 1061 2927 2·
1083 2869 1271 2924 coniunctim

119 2954 187 2991 cnm
204 2938 299 2994 verbis
318 2941 459 3010 dignitate
486 2947 567 2994 tanta
593 2940 679 2995 habet
701 2948 787 2995 morte
811 2941 864 2996 Eu
891 2941 920 2995 S.
956 2942 1051 2996 Habet
1073 2943 1160 2994 etiam
1189 2946 1272 2993 tante

119 3011 225 3080 gloria,
243 3011 384 3080 dignitate
402 3017 483 3066 tanta
501 3010 572 3068 Dav.
593 3012 635 3065 ed
654 3015 679 3069 ⁸2.
708 3012 749 3065 ita
766 3020 800 3064 ut
818 3013 895 3066 idem
913 3013 1045 3065 Bentleio
1063 3011 1209 3083 placuisse
1225 3010 1273 3066 vi·

120 3082 233 3148 dentur,
267 3099 334 3136 cum
361 3101 393 3138 ea
417 3083 507 3138 editio
533 3081 636 3135 babeat
659 3083 785 3138 Bentleii
811 3084 1024 3137 emendationes
1047 3085 1079 3136 in
1101 3090 1273 3136 contextam

120 3160 261 3226 receptas.
299 3155 424 3226 Scripsit
441 3154 483 3207 ibi
501 3152 588 3207 Dru:
617 3154 748 3219 „Elisus
767 3171 812 3224 pr.
838 3171 894 3208 sec.
922 3162 951 3206 et
972 3153 1073 3208 Baker.
1097 3153 1168 3207 dsut
1190 3156 1272 3206 tanta

120 3225 273 3295 dignitate,
293 3231 374 3279 lanta
391 3225 498 3295 gloria.
517 3224 624 3300 Vulgg.
648 3224 717 3278 duas
740 3224 859 3279 ultimas
884 3241 969 3279 voces
987 3227 1106 3278 omnino
1125 3225 1272 3281 nesciunt.

119 3297 159 3350 At
176 3312 242 3349 mam
261 3296 387 3366 glossam
406 3312 464 3349 uon
482 3294 588 3359 oleant,
608 3312 653 3348 aas
671 3313 687 3349 a
704 3295 855 3350 nonnullis
874 3293 960 3353 codd.
984 3295 1118 3362 exclusit,
1137 3301 1171 3347 ut
1188 3303 1272 3367 puto,

120 3359 307 3420 librariorum
332 3366 522 3444 negligentia.
565 3366 748 3438 Quapropter
771 3366 835 3419 illas
862 3368 1036 3421 revocandas
1055 3366 1168 3431 censui,
1191 3382 1274 3421 senn-

119 3445 167 3489 tus
190 3437 332 3502 ordinem,
365 3456 452 3509 quem
474 3444 624 3509 praestant
647 3438 756 3492 Victor.
782 3437 873 3491 Vatia·
901 3446 930 3492 et
954 3440 1024 3493 Ven.
1051 3441 1128 3494 1191.
1169 3436 1274 3503 „ldem

119 3509 229 3560 tactum
246 3509 385 3578 probabat
392 3507 581 3571 Bouhierius3
600 3507 803 3563 ballemsunus
822 3517 922 3562 contra
942 3509 1060 3579 scripsit
1077 3515 1158 3561 tanta
1176 3506 1276 3577 digni·

120 3584 189 3644 tate,
215 3583 294 3632 tanta
316 3579 414 3648 gloria
437 3579 555 3634 addens:
591 3578 694 3645 „Hunc
721 3580 853 3634 ordinem
877 3579 1035 3634 verborum
1059 3597 1161 3633 emss.
1182 3579 1276 3657 regiis

118 3648 311 3720 praetulimus
334 3650 468 3727 vulgato:
499 3655 580 3703 tanta
599 3649 707 3718 gloria,
740 3651 884 3720 dignitate
913 3651 1023 3704 tanta.“
1051 3650 1275 3704 lssllemsnnnm

120 3720 213 3775 secuti
236 3728 305 3775 sunt
327 3721 362 3775 Bi
385 3722 491 3783 antini,
522 3721 706 3793 improbante
731 3722 876 3779 Nissenio.
918 3721 1007 3776 Nobis
1033 3738 1093 3775 non
1121 3720 1276 3775 admodum

120 3792 161 3844 im
183 3790 324 3846 robsntur
345 3738 397 3846 ild·
425 3791 529 3858 addita,
557 3800 587 3846 et
610 3791 686 3845 mibi
710 3810 775 3846 cum
798 3794 917 3847 stisio
939 3809 998 3848 non
1022 3793 1103 3847 olent
1131 3793 1275 3868 glossam:

121 3880 150 3919 se
188 3863 221 3917 ab
240 3863 402 3917 inferendis
420 3866 467 3929 iis,
485 3871 607 3935 propter
625 3862 718 3918 sedem
737 3883 849 3941 ragam,
869 3883 987 3917 suanum
1005 3864 1141 3919 abstineo.
1171 3864 1234 3919 Mr.

189 3934 350 3989 Revolveris
368 3935 479 4003 :oden-1
499 3934 568 3990 cot.
588 3937 661 4012 Aug.
677 3939 829 3990 revolvens.
866 3936 946 4000 Vide,
974 3953 1045 4006 quos
1068 3935 1140 3989 hoie
1164 3936 1276 3990 similes

120 4004 199 4059 locos
222 4003 335 4059 laudavi
359 4005 395 4059 sd
418 4006 479 4059 cte.
505 4008 542 4060 de
564 4005 663 4060 Divin.
683 4008 722 4059 ll.
747 4011 773 4065 6·
795 4011 836 4063 1³.
862 4025 891 4078 p.
909 4009 971 4064 311.
990 4009 1041 4061 ubi
1059 4008 1154 4061 nostri
1173 4008 1278 4062 imme·

120 4093 185 4130 mor
202 4078 257 4134 fui.
293 4076 393 4154 Pergit
412 4077 479 4132 Cod.
499 4076 568 4164 Reg.
589 4081 616 4134 t.
636 4084 674 4131 at
692 4078 750 4132 sint
770 4078 849 4133 enin.
886 4077 978 4132 Verba
1005 4079 1164 4147 oportet'si
1181 4078 1277 4132 miseri

119 4155 181 4201 sont
200 4146 403 4220 parentheseos
428 4150 520 4226 signis
544 4149 657 4204 snclnss
683 4159 751 4203 sunt
776 4151 808 4202 in
831 4147 885 4203 lid.
904 4150 984 4202 tunt.
1021 4150 1078 4204 llis
1097 4151 1221 4221 scriptio
1241 4157 1277 4203 stt

119 4219 179 4272 sint
198 4220 369 4306 glossatoris
388 4228 443 4287 est,
463 4222 514 4292 qui
533 4219 683 4275 Ciceronis
698 4239 782 4276 usum
799 4230 975 4292 perpetuum
993 4237 1051 4274 uon
1070 4230 1174 4276 nosset.
1203 4221 1280 4279 Male

120 4292 259 4346 scribatur
276 4292 305 4345 ss'
322 4291 416 4346 nisui
432 4293 510 4346 ss'nt
526 4308 582 4363 pro
602 4298 668 4346 sunt
691 4294 723 4345 in
748 4291 815 4346 Cod.
843 4295 919 4346 ltlon.
939 4298 963 4350 l.
989 4293 1063 4346 Edd.
1083 4294 1116 4346 A.
1141 4292 1173 4346 B.
1193 4292 1223 4347 S.
1240 4292 1277 4347 E:

119 4364 192 4418 Med.
212 4365 284 4418 Van.
303 4362 368 4421 Aac.
380 4369 406 4418 l.
433 4364 496 4417 Nec
514 4364 620 4418 melius
638 4365 739 4440 pergit
755 4363 841 4417 Vind.
856 4368 884 4419 1.-
901 4371 930 4417 to
948 4365 1025 4418 nodo
1044 4371 1143 4422 natan.
1163 4365 1240 4419 idon.
1253 4368 1275 4420 1.

119 4442 149 4489 tn
165 4443 254 4491 notem
272 4450 338 4491 non
356 4437 491 4506 negabas,
517 4436 647 4490 confusis
664 4433 844 4507 compendiis
861 4439 901 4491 nd
920 4443 950 4490 et
967 4439 1012 4490 ni.
1044 4436 1078 4490 ln
1097 4434 1167 4495 coo.
1186 4434 1276 4492 llebd.
