2828 5070
586 283 725 348 mesu·
737 283 766 364 1,
786 284 836 350 tn
1089 296 1092 303 ·
1235 286 1297 351 ses

128 451 169 511 in
191 449 266 532 ipso
288 448 449 537 corpore,¹
464 468 548 533 quea
569 453 805 532 conformatio,
828 469 912 534 quae
932 448 1139 538 magnitudo,
1161 454 1220 534 qui
1242 452 1293 515 lo-

1046 579 1199 592 ῡ--ο-οα
1206 578 1290 590 --ο--Δ

204 650 254 710 ul,
273 643 300 698 ei
317 642 377 696 e'cm
392 644 520 712 possent]
560 645 598 700 Ut
618 646 710 699 estin
728 643 814 698 Oodd.
835 642 905 697 Oxx.
926 642 1066 708 omnibus,
1094 641 1224 712 itemque
1243 656 1293 694 no·

130 715 202 767 stris
220 724 251 769 et
268 715 340 768 Edd.
373 723 445 768 vett.
473 718 535 770 lere
560 716 700 769 omnibus.
719 715 816 783 humb.
836 731 906 768 vero
924 714 1003 767 dedit
1020 719 1078 778 aut,
1108 713 1237 781 itemque
1255 713 1290 764 H.

131 786 277 841 Wclllus:
299 795 328 840 et
345 787 491 857 posterior
508 787 628 857 quidem
644 796 707 857 post
725 793 775 840 aut
797 785 886 839 verba
909 786 937 838 si
955 786 1016 840 iam
1034 811 1067 822 -
1086 787 1159 836 tectu
1177 790 1243 836 cunt
1261 784 1293 835 iu

130 856 300 982 wenthesi
339 859 424 910 osuit.
462 857 540 911 Illud
567 863 616 912 aul
642 875 707 912 rece
745 866 816 911 runt
841 858 930 911 etiem
948 857 1160 920 ballemannus,
1184 864 1214 908 et
1233 855 1291 907 ΕΑ.

179 928 231 980 olf.
260 928 292 980 in
363 932 417 983 .1.
454 927 591 983 l'eurct'ua
615 928 650 983 ad
667 928 697 983 h.
731 966 738 980 .
764 929 820 982 ite:
849 929 923 993 „Ne
945 928 1035 998 possit
1058 926 1136 982 istud
1160 932 1190 978 ul
1208 927 1292 991 ferri,

130 997 205 1051 lacit
227 998 331 1052 vocula
355 999 568 1084 interrogativa
589 1016 623 1053 ne
652 1009 682 1053 et
710 1015 748 1054 au
775 1000 807 1051 in
831 999 993 1069 posteriore
1016 1005 1100 1068 parte
1123 996 1292 1050 sententiae.

132 1069 289 1121 Lambinus
304 1086 358 1140 pro
376 1078 408 1123 ut
424 1071 498 1146 leget
517 1078 581 1124 aute
607 1071 683 1140 quod
709 1070 888 1142 sequendum
911 1070 1037 1135 videtur,
1063 1069 1120 1121 nisi
1143 1069 1228 1120 rnalit
1251 1067 1294 1121 lo·

131 1148 201 1192 utor
284 1157 353 1194 nera
372 1148 411 1194 at
427 1142 455 1195 re'
472 1142 660 1209 temporum
678 1152 733 1197 etc.
770 1142 844 1196 Utre
864 1157 902 1194 ue
920 1141 1008 1194 lectio
1026 1158 1092 1192 cum
1108 1137 1293 1208 sequentibus

129 1155 320 1265 rerbmne
338 1212 523 1265 conveniet.“
543 1215 678 1267 limetur
695 1213 782 1267 haec:
809 1247 828 1278 „
864 1218 953 1264 lnon
971 1220 1070 1282 aptum
1087 1211 1206 1264 videtur
1223 1209 1292 1264 huic

130 1281 206 1334 loco.
244 1283 311 1334 Nou
335 1282 470 1353 displicet
496 1283 630 1337 Lambini
656 1284 800 1338 correctio
825 1289 892 1336 aut.
916 1282 1007 1354 poesis
1030 1282 1118 1335 etiem
1143 1280 1291 1336 couiiocre

129 1350 192 1405 et.“
226 1349 272 1404 Ad
289 1352 361 1406 baec
379 1353 509 1408 Nissen:
545 1354 612 1420 „Ul
631 1355 650 1407 i.
671 1372 696 1409 a.
722 1355 733 1406 i
757 1355 827 1418 itur,
859 1353 891 1404 in
916 1370 974 1423 quo
1001 1352 1189 1424 repetendum
1206 1351 1292 1423 quaed

130 1438 198 1475 nero
216 1421 389 1490 intelligant.
426 1425 529 1479 Verte:
567 1426 613 1479 Ob
640 1426 714 1478 also
736 1374 798 1478 die
826 1423 931 1479 Seele
957 1432 1015 1477 cet.
1053 1423 1145 1489 Quare
1172 1441 1189 1475 a
1206 1424 1289 1494 Bipp.

129 1501 250 1546 numere
276 1494 374 1547 Lemb.
400 1503 512 1548 temere
533 1502 584 1548 atel
605 1505 757 1567 receptum
784 1493 857 1549 eet.“
897 1495 1075 1566 improbavit
1101 1494 1292 1564 scriptionem

130 1569 184 1616 utel
211 1565 354 1618 Goerenz.
384 1564 420 1618 ed
444 1565 504 1619 cic.
530 1565 564 1619 de
591 1566 677 1619 Finn.
697 1568 746 1620 lv.
765 1569 792 1622 6.
814 1568 855 1622 15.
875 1583 903 1635 p·
923 1569 984 1623 438.
1008 1563 1130 1618 diuidiae
1156 1566 1289 1631 „locum,

128 1634 182 1698 ait,
199 1635 243 1718 3¹⁰
261 1636 395 1689 restituo:
425 1636 477 1705 qui
500 1637 587 1691 iocur.
619 1636 722 1691 llaud
746 1634 837 1721 acie,
863 1634 968 1719 cilum
992 1637 1137 1720 pertint
1158 1665 1190 1678 -
1210 1638 1290 1691 cerni

128 1721 414 1849 matt:
430 1708 576 1847 tutti
592 1707 967 1853 {manumittitur
993 1707 1290 1832 ntttttttttt

130 1846 286 1931 scribetur,
303 1849 445 1931 infinitas
462 1847 606 1924 flagitatf‘
644 1848 831 1933 Hollt'ngeruc
848 1847 881 1900 in
899 1848 1066 1932 Prolnsione
1085 1847 1198 1930 laudata
1215 1849 1290 1911 „Ni-

130 1917 532 2061 ttmmunus
555 1919 1290 2060 tffltt‘ttnfttttntttt

130 2060 228 2113 nostri
244 2059 373 2113 hominos
398 2061 493 2114 solent
533 2061 617 2130 equit
650 2062 741 2114 zum
756 2061 947 2131 Exempal,
970 2062 1004 2116 ob
1029 2071 1085 2115 cet.
1123 2060 1218 2132 Atque
1244 2063 1288 2117 sic

128 2130 197 2184 eliis
215 2130 287 2184 locis
304 2131 416 2196 Cicero,
440 2139 474 2183 ut
492 2132 565 2185 Part.
586 2133 633 2185 Or.
655 2136 705 2188 192
741 2132 835 2187 Tertio
859 2137 952 2186 aulem
976 2132 1009 2186 ἐκ
1026 2149 1141 2202 genere,
1174 2133 1205 2187 δη
1223 2152 1287 2205 quo,

147 2202 211 2255 eale
229 2201 278 2268 u'e,
297 2201 454 2272 quaeritur,
474 2209 524 2255 cut
541 2203 575 2256 de
592 2200 749 2266 honestate,
772 2211 821 2258 esst
845 2204 880 2257 de
904 2203 1047 2274 aequitate
1072 2205 1220 2259 dicendum
1237 2212 1285 2259 eet.

157 2270 395 2326 etoeeetutesic:
415 2279 467 2337 ut,
486 2271 717 2328 loneetamne
735 2272 802 2338 rit,
823 2291 876 2343 pro
895 2274 987 2330 emico
1003 2275 1159 2342 perieulum
1176 2282 1225 2327 cut
1242 2277 1288 2330 t'n·

126 2342 235 2397 uidmm
252 2343 363 2407 rubim
381 2345 416 2397 da
433 2344 561 2399 utilitate
579 2352 674 2399 eutem
689 2344 750 2398 cies
777 2352 829 2411 ut,
854 2345 951 2399 ritne
974 2345 1083 2409 utile,
1108 2343 1140 2397 in
1157 2361 1216 2412 rep.
1235 2347 1288 2399 ud-

127 2413 319 2468 aius'elrandu
336 2414 448 2468 uersari
454 2415 496 2468 ?“
532 2415 656 2469 Orelliua
674 2416 800 2484 deniquo
817 2415 875 2468 scri
895 2417 1006 2469 tionem
1023 2421 1063 2480 ut,
1091 2423 1191 2484 utpote
1209 2414 1288 2467 diffi-

128 2485 276 2551 ciliorem,
304 2485 346 2538 ita
372 2485 512 2551 defendit,
539 2493 572 2539 nt
591 2487 684 2540 dicat:
716 2494 760 2538 est
785 2434 988 2539 Ansedutnos
1014 2502 1052 2551 en¹
1073 2483 1154 2537 hisce
1181 2485 1287 2540 duabus

127 2555 372 2627 propositionibus
390 2557 530 2609 mixtum:
552 2561 576 2612 1.
598 2555 684 2612 nasse·
702 2572 768 2609 uero
790 2556 958 2626 intelligunt
977 2587 1010 2599 -
1030 2586 1063 2597 -
1083 2586 1116 2597 -
1135 2556 1183 2625 qui
1200 2557 1285 2623 locem

127 2631 159 2679 ut
176 2643 296 2680 murae
313 2628 342 2681 in
361 2634 530 2697 conspectum
547 2628 678 2681 uideatur
696 2626 811 2681 anime.
849 2630 875 2682 2.
896 2628 1055 2681 Occursant
1084 2627 1139 2692 (uel
1157 2628 1225 2694 tuns)
1254 2627 1286 2683 ἐκ

127 2705 304 2767 eenepectum
328 2697 441 2751 uidetur
465 2698 581 2764 unimur,
615 2714 652 2752 uu
679 2704 759 2753 lanto
777 2704 820 2752 eet
839 2697 899 2752 eiua
924 2699 1073 2752 tenuitas?
1099 2707 1153 2752 cet.
1179 2700 1286 2754 Censor

126 2779 236 2834 eutem,
264 2785 352 2838 quem
378 2786 436 2822 non
459 2770 549 2822 semel
576 2770 700 2834 laudavi,
726 2769 857 2824 lenensis
879 2788 908 2840 p.
928 2773 990 2825 390.
1010 2773 1072 2825 391.
1100 2769 1201 2823 Rathii
1219 2789 1287 2825 con-

128 2839 242 2895 iemurt
260 2841 343 2894 docet
363 2849 391 2892 et
410 2841 581 2894 seutentiam
601 2842 759 2912 corrumpi,
779 2857 872 2910 neque
890 2859 1018 2909 unquam
1042 2841 1195 2911 periodum
1213 2843 1286 2896 iuci-

125 2929 207 2981 pere,
227 2910 260 2964 ab
278 2910 364 2963 Haud
383 2911 451 2964 ecio.
490 2913 697 2982 Imperfectum
723 2920 829 2978 autem,
852 2917 977 2981 possem,
993 2912 1167 2981 ponendum
1188 2914 1285 2976 luisse,

125 2999 207 3066 cum,
236 2998 301 3066 rem
323 2981 390 3034 fieri
417 2998 475 3034 non
497 2982 782 3066 possm-significare
808 2982 883 3035 velit
914 2983 1050 3065 scriptor.
1088 2983 1232 3066 Quare'se
1251 2984 1285 3067 ed

126 3053 635 3192 ititffitttftisttmt
647 3055 1286 3178 tt”t..‘i.‘it.⁸.t²?²ttf¹t.fttt‘tt'tttt

125 3193 395 3248 -s’ttaets'se'een'os
414 3202 505 3250 utrum
516 3196 555 3248 od
571 3194 727 3247 umentem
743 3225 776 3237 ··-
793 3198 831 3248 att
850 3195 888 3247 ud
905 3193 1036 3260 ringulae
1051 3195 1151 3247 melier
1169 3192 1284 3248 adbibe-

125 3273 194 3318 utar
212 3264 324 3319 oratio:
344 3296 377 3307 -
396 3272 435 3326 ut,
454 3265 482 3318 εἰ
499 3266 564 3334 quir
582 3280 669 3332 aegre
684 3267 770 3331 ferat,
788 3280 820 3318 ce
831 3280 979 3334 pauperem
994 3281 1064 3329 esse,
1083 3265 1166 3317 idne
1184 3265 1284 3332 dispu-

125 3342 169 3390 tes
188 3368 223 3378 -
241 3352 285 3391 cn
304 3349 337 3378 2-
362 3351 448 3402 uegre
471 3339 548 3403 ferre
572 3335 647 3389 nibil
675 3337 829 3404 oportere!
862 3338 942 3391 Uuus
966 3335 1032 3389 Cod.
1061 3335 1158 3388 Duisb.
1186 3335 1282 3402 habet,

123 3408 206 3554 md
222 3407 342 3461 Rathius
360 3408 483 3474 volebat,
499 3407 619 3476 poenitat.
639 3408 706 3462 eon
723 3406 798 3461 Gud.
817 3407 877 3460 ium
895 3407 1002 3477 repetit
1021 3415 1087 3459 ante
1106 3406 1193 3460 cerni.
1215 3408 1281 3462 Cod.

191 3519 197 3530 .
224 3484 256 3531 ut
283 3493 377 3534 retunt
401 3495 455 3562 pro
478 3487 510 3531 ut
528 3479 555 3533 εἰ
580 3479 644 3545 iam,
670 3495 743 3548 quae
766 3478 855 3532 lectio
882 3479 931 3532 vel
955 3477 1105 3600 corruptio
1127 3478 1194 3535 inde
1219 3489 1283 3533 ortu

123 3557 176 3616 eat,
206 3550 284 3618 quod
301 3551 462 3619 qutiqmtus
480 3551 567 3603 verba
585 3566 643 3603 nou
661 3550 903 3616 discernerentur,
928 3565 1022 3618 neque
1058 3549 1149 3603 iterae
1173 3549 1186 3602 e'
1209 3568 1283 3621 pun-

122 3627 204 3673 ctum
221 3638 254 3672 eu
292 3621 494 3674 rscriberetur.
513 3624 588 3674 Mon.
610 3626 633 3677 1.
655 3621 706 3675 rt'l
725 3621 788 3674 ieet.
826 3621 888 3676 Mr.

193 3689 229 3745 In
319 3691 359 3746 'ne
377 3692 457 3758 vivo]
494 3693 573 3745 blanc
592 3693 828 3758 emendationem,
854 3693 1017 3767 elegantem
1059 3706 1155 3746 rursus
1179 3701 1208 3747 et
1233 3710 1282 3747 ne-

123 3763 285 3828 cessariam,
305 3764 489 3837 sagacissimo
505 3764 637 3817 Bentleio
655 3764 797 3818 debemus.
829 3765 924 3840 Vulgo
941 3781 1006 3819 urso.
1073 3800 1080 3814 .

195 3849 349 3906 indumine
367 3851 460 3918 vieo]
496 3853 602 3918 „ldem
621 3853 679 3906 ism
697 3853 772 3905 mibi
790 3853 822 3906 iu
840 3861 968 3905 mentem
985 3861 1105 3906 venerat
1129 3861 1281 3923 antequam

120 3940 137 3974 a
156 3921 274 3976 Davisio
293 3939 329 3974 ex
346 3924 473 3976 Bentleii
492 3924 631 3976 sententie
651 3925 682 3975 in
700 3925 752 3977 Ed.
772 3926 797 3978 2.
819 3923 1032 3976 incommodum
1051 3923 1126 3976 illud
1143 3939 1201 3977 utto
1217 3941 1282 3979 con·

121 4002 237 4047 rectum
261 3993 355 4047 vidi.“
391 3993 571 4048 Boulim‘ue.
603 3995 782 4059 „Lambinus
807 3994 887 4048 dedit
910 3995 972 4049 ot'oo
1000 3994 1068 4062 [boc
1093 3994 1199 4048 falsum
1224 4006 1279 4050 eet:

120 4064 216 4118 voluit
242 4067 364 4118 iortmse
391 4066 517 4118 scribere
540 4066 686 4120 Bentlelus
704 4084 731 4119 v.
751 4064 919 4133 Devleiud:
948 4066 1000 4119 alii
1019 4067 1051 4119 in
1069 4063 1176 4121 bomine
1192 4083 1279 4121 tenos

120 4152 193 4204 quae
211 4136 302 4190 lectio
320 4137 442 4191 minime
461 4153 528 4188 cum
547 4138 642 4190 verbis
660 4138 843 4209 sequentibus
862 4139 1008 4213 congruit,
1034 4145 1068 4190 ut
1093 4148 1174 4192 notat
1196 4141 1280 4192 Peer-

120 4206 197 4259 cius:
218 4216 248 4274 et
267 4208 309 4260 sic
328 4216 425 4260 tamen
444 4208 528 4284 Regii
547 4208 649 4264 MSS.“
668 4209 780 4262 buttem.
801 4235 835 4247 -
860 4211 953 4275 „Nos,
974 4209 1165 4263 renitentibus
1185 4210 1277 4275 libris,

121 4277 246 4331 Bentleii
267 4278 495 4332 emendationem
513 4297 571 4332 non
590 4281 725 4335 nudemus
750 4280 895 4350 recipere:
930 4280 978 4333 sed
1000 4281 1032 4332 in
1059 4290 1155 4334 nostra
1179 4289 1277 4332 minen

122 4349 297 4419 metaphrasi
325 4351 437 4404 Gallica
459 4353 558 4404 secuti
585 4353 656 4405 olim
684 4350 813 4404 sumus.“
837 4349 938 4404 Olivel.
976 4353 1069 4416 „Non
1100 4350 1276 4421 probandum

121 4418 310 4476 videturtmo
337 4423 369 4475 iu
387 4422 451 4477 vivo
471 4430 627 4478 mutatum:
655 4423 742 4478 huius
766 4423 846 4479 enim
872 4423 934 4478 vim
952 4422 1174 4495 praeoccupavit
1201 4421 1276 4476 illud
