2828 5070
592 328 722 394 mnus
743 327 786 408 n,
808 328 859 395 us.
1240 326 1308 394 sss·

147 493 231 573 vidi,
251 515 360 576 -qnnsn
383 503 538 559 contente
561 516 624 577 pro
646 488 680 559 se
700 497 712 557 i
737 516 773 558 se
792 495 866 580 lege
888 493 996 556 Vario
1017 492 1155 571 diceret,
1176 500 1304 556 terrem

148 585 296 663 tangere.
349 576 394 642 Ut
414 579 516 656 ‚ienim
548 579 686 642 balistae
713 517 874 660 iapidnm,
913 586 948 640 et
975 578 1101 660 reliqna
1135 585 1304 640 tormento

178 708 212 713 ...-
749 710 761 716 ,,
779 706 983 714 .........»..-.-----
992 707 1010 711 w
1071 704 1297 714 ..n-.s.--...->—-—u

314 801 346 812 -
366 768 447 822 Nunc
463 775 539 829 certe
558 769 617 823 scio

313 839 383 905 Hoc,
401 842 503 908 febrim
521 841 577 895 tibi
593 857 663 909 esse,
683 841 751 913 quia
769 856 823 896 non
841 839 908 896 ticet
926 836 976 893 noc
1000 835 1121 892 iniicere
1138 834 1267 912 ungulus.

149 913 260 966 iterum
278 911 343 965 Act.
366 913 418 965 111.
439 913 485 966 Sc.
504 914 543 978 11,
562 916 605 969 63.
965 962 972 974 ,

314 987 360 1036 An
378 982 505 1037 inuenire
520 985 650 1053 postulas
667 1000 827 1054 quemquern
844 998 960 1053 coquunt

306 1054 381 1109 -Niei
399 1055 525 1108 milvinis
543 1063 593 1108 aut
611 1057 748 1127 aquilinis
766 1057 901 1131 ungulis?

315 1128 364 1179 An
383 1133 412 1178 tu
432 1126 607 1195 coquinaturn
625 1136 651 1181 te
667 1128 712 1182 ire
730 1144 863 1197 quoquam
878 1126 1019 1194 postulae,

317 1197 389 1254 Quin
413 1197 456 1252 iii
479 1197 645 1252 constrictis
660 1200 778 1275 ungulis
797 1214 910 1253 coenam
927 1195 1051 1268 coquas?
1329 1239 1333 1247 ,

151 1268 200 1323 Sic
219 1276 247 1322 et
265 1269 349 1334 alibi3
376 1270 424 1321 sed
449 1287 484 1321 ex
510 1270 589 1323 hisce
614 1270 682 1324 satis
701 1278 819 1336 constat,
844 1270 966 1345 ungulus
993 1268 1027 1321 de
1046 1266 1113 1321 solis
1130 1266 1228 1320 bestiis
1246 1283 1304 1321 non

149 1358 263 1410 semper
280 1342 422 1409 usurpari.
461 1340 496 1392 D.

221 1411 393 1464 contentioni
411 1411 487 1464 uocis
505 1412 644 1466 asserui
649 1410 735 1477 unt]
771 1411 851 1479 Quod
868 1410 935 1465 tieri
953 1410 1026 1463 solet
1044 1409 1074 1462 iu
1097 1404 1174 1471 ἅπαξ
1190 1410 1305 1480 ieroni-

150 1499 215 1545 νοις,
234 1491 269 1534 ut
287 1491 465 1535 correctores
485 1490 514 1535 et
531 1484 700 1558 glossatores
719 1484 810 1537 licere
833 1483 886 1535 sibi
909 1481 1020 1552 aliquid
1044 1482 1221 1548 existiment,
1248 1481 1305 1535 hoc

150 1570 264 1623 quoque
283 1554 347 1606 loco
366 1556 474 1606 factum
494 1564 550 1606 est:
570 1555 676 1609 habent
693 1555 778 1637 Vind.
800 1559 824 1611 l.
844 1552 918 1628 Aug.
939 1561 977 1618 et,
1001 1560 1035 1635 ut
1054 1570 1089 1606 ex
1106 1553 1232 1606 Bentleii
1257 1571 1306 1637 un·

150 1632 358 1748 ttitpttttt’
372 1624 798 1766 atttritttttm‘itttttt
818 1624 1307 1765 {ittertssttrttsszttrsszt’

150 1784 250 1836 peram
259 1767 423 1820 existimare
433 1769 529 1838 possit.
550 1768 617 1821 Cod.
628 1769 714 1820 Mnrb.
731 1768 816 1821 hebet
831 1766 986 1833 acerrimi,
1005 1765 1073 1836 quis
1081 1766 1207 1850 scriptor
1224 1783 1256 1819 re
1278 1783 1309 1820 e·
1345 1812 1349 1819 .

150 1837 240 1890 riebet
260 1838 291 1888 in
310 1839 474 1908 antiquiore
494 1837 671 1893 nSnnvtvnr.
698 1841 745 1895 On
764 1838 927 1910 suspicetur
951 1837 1092 1908 scriptum
1109 1838 1196 1890 fussee
1210 1853 1238 1893 u,
1268 1836 1309 1891 ic..

150 1907 327 1962 inserviunt.
366 1911 427 1965 Mr.

222 1978 308 2043 Genu,
328 1979 492 2045 mehercule,
512 1981 555 2035 Μ.
575 1979 729 2035 Antonium
748 1979 820 2047 nidi,
839 1979 911 2048 mun]
939 1978 1024 2031 Vind.
1045 1982 1069 2034 1.
1089 1977 1163 2051 Aug.
1182 1994 1226 2031 nee
1244 1975 1308 2032 der·

149 2050 199 2103 cle.
237 2052 273 2102 Μ.
293 2051 452 2105 Antonium
470 2052 614 2138 insignem
631 2053 717 2105 illum
736 2062 880 2107 oratorem
899 2049 1044 2125 intellige,
1071 2067 1157 2121 quem
1175 2049 1207 2102 in
1224 2049 1308 2125 libris

150 2121 184 2173 de
204 2122 322 2175 Oratore
341 2123 509 2193 loquentem
528 2124 640 2176 inducit
658 2125 769 2178 Cicero.
806 2124 910 2176 Multos
937 2122 989 2175 ille
1007 2139 1036 2174 se
1054 2120 1159 2174 vidisse
1186 2120 1308 2175 disertos

150 2192 310 2317 dicmffiat'
331 2195 516 2265 eloquentem
534 2195 689 2250 neminem.
716 2195 810 2249 Verba
827 2194 898 2261 uidi,
919 2208 1001 2265 quum
1021 2192 1132 2246 omittit
1150 2210 1223 2246 unus
1239 2192 1306 2248 ond

150 2265 200 2321 Ox.
274 2281 298 2320 r.
1373 2319 1376 2323 ,

220 2344 343 2389 contente
360 2352 415 2405 pro
434 2352 463 2390 se
481 2335 552 2406 ipse]
590 2337 655 2391 Cod.
677 2336 750 2390 Gud.
770 2335 958 2400 contentione3
982 2334 1038 2387 duo
1057 2335 1127 2390 Oxx.
1153 2351 1215 2404 per,
1241 2352 1308 2390 cum

149 2405 359 2462 God.cu‹1.n
397 2407 544 2460 scribitur
567 2407 629 2477 ipse
651 2424 704 2478 pro
723 2424 753 2460 se
772 2408 803 2461 in
821 2408 894 2461 Edd.
921 2414 987 2460 ente
1006 2405 1097 2460 Gebh.
1136 2406 1192 2461 Sed
1210 2407 1314 2475 codd„

150 2476 238 2529 etiam
258 2476 371 2547 Gryph.
392 2478 468 2547 apud
485 2479 577 2543 Brut,
601 2487 634 2530 ut
658 2495 709 2532 nos
735 2478 884 2545 edidimus,
908 2477 966 2530 nisi

147 2564 203 2616 pro
221 2563 251 2599 se
268 2548 360 2616 ipso,
380 2547 410 2600 in
429 2549 512 2603 Vind.
534 2555 557 2605 l.
578 2549 657 2618 ipsa
676 2549 747 2619 lege.
767 2551 812 2602 Ex
830 2568 892 2602 mer
914 2589 920 2601 .
939 2496 1028 2602 veiim.
1044 2550 1196 2621 suspiceris
1215 2548 1308 2604 obesse

150 2618 184 2670 ab
202 2619 267 2670 eliis
285 2619 356 2672 Edd.
378 2637 476 2672 vocem
495 2621 573 2689 ipse:
604 2620 652 2673 sed
678 2621 864 2697 negligenter
889 2567 942 2674 file
960 2621 1156 2674 tantummodo
1175 2629 1308 2676 veterum

151 2689 312 2743 editionum
330 2691 496 2758 lectionem,
516 2709 602 2762 quam
621 2693 721 2758 retuli,
740 2693 876 2758 enotavit.
915 2693 976 2746 Mr.

223 2762 292 2815 curn
311 2759 430 2817 contente
444 2758 498 2833 pro
525 2762 633 2831 seipse
651 2762 725 2832 Lege
748 2763 834 2815 Veris
860 2763 974 2831 diceret]
1010 2764 1095 2818 Hunc
1118 2763 1217 2817 locum
1240 2763 1309 2818 illu·

150 2833 254 2884 strabit
272 2833 405 2886 Valerius
432 2833 571 2886 Maximus
597 2833 648 2885 lib.
668 2836 721 2888 111.
749 2851 783 2886 cn
805 2872 811 2884 .
830 2834 895 2898 Vll,
914 2837 939 2889 9.
979 2835 1083 2889 Contra
1107 2836 1151 2890 Μ.
1171 2835 1309 2891 Antonine

150 2903 202 2956 iiie
220 2903 359 2969 disertum
383 2921 436 2958 non
463 2909 536 2961 enim
561 2905 714 2974 respuendo
737 2920 767 2960 se
816 2905 999 2974 amplectendo
1024 2921 1124 2960 consue
1151 2908 1307 2974 dictionem

170 2989 233 3026 uam
259 2977 387 3029 innocens
414 2984 494 3042 esset,
527 2982 642 3030 testatus
674 2983 722 3032 est.
766 2977 902 3031 Quaestor
925 2978 1105 3045 proficiscens
1136 2981 1167 3032 in
1197 2981 1308 3045 Asiam,

179 3046 343 3101 rundueium
360 3050 418 3102 iam
433 3055 609 3116 peruenerot3
628 3048 676 3102 udi
691 3048 785 3102 literis
802 3049 907 3100 certior
923 3049 1015 3114 ructus
1032 3055 1072 3109 eet
1095 3050 1194 3103 incesti
1212 3064 1241 3102 se
1256 3066 1309 3118 po·

111 3126 123 3167 ¹.
151 3119 282 3169 stolatum
300 3120 374 3187 apud
392 3117 423 3170 L.
446 3119 576 3173 Cossium
597 3117 767 3184 Praetorem,
796 3116 885 3182 (cuius
902 3120 1026 3174 tribunal
1048 3126 1165 3190 propter
1191 3121 1309 3174 nimiam

151 3189 321 3240 emeritotem
347 3190 475 3258 scopulus
499 3205 610 3243 reorum
637 3189 789 3255 dicebatur)
819 3206 880 3242 cum
906 3190 938 3243 id
964 3193 1055 3244 oitare
1079 3191 1206 3255 beneficio
1234 3191 1309 3258 tegis

150 3255 311 3311 Maximine
327 3258 432 3323 liceret,
452 3277 520 3328 quae
537 3277 641 3325 eorum,
661 3263 709 3331 qui
727 3260 805 3330 Reip.
826 3276 910 3314 causo
928 3262 1059 3326 adessent,
1086 3263 1175 3330 recipi
1198 3263 1313 3316 nomina

150 3327 265 3388 vetabat,
283 3331 314 3382 in
332 3330 427 3382 urbem
444 3336 534 3383 tomen
551 3334 686 3396 recurrit3
705 3348 757 3402 quo
775 3338 832 3384 torn
847 3332 927 3401 pleno
951 3333 1069 3398 fiduciae
1087 3332 1309 3386 oenacensem

152 3413 212 3451 curn
231 3399 429 3455 absolutionem
447 3399 649 3468 celerem,1turn
664 3404 863 3471 profectionem
881 3400 1063 3457 honestiorem
1080 3409 1239 3457 consecutur
1258 3409 1307 3456 eet.

150 3469 286 3522 Eiusdem
306 3472 350 3524 rei
370 3472 504 3525 meminit
521 3473 571 3525 lib.
591 3475 639 3527 vt.
659 3487 722 3544 cup.
742 3474 821 3538 vul,
843 3478 866 3529 1.
885 3473 995 3527 Eliens.
1016 3491 1070 3527 sec.
1096 3476 1158 3543 lege
1176 3476 1307 3540 agraria.

150 3543 206 3594 Per
243 3559 312 3593 ram.
350 3543 410 3597 Lex
427 3543 513 3595 Varia
531 3562 546 3597 u
565 3543 596 3610 Q.
616 3545 703 3598 Vario
721 3543 839 3598 tribuno
857 3544 949 3617 plebis
972 3545 1030 3598 tuit
1053 3546 1120 3599 luta.
1157 3544 1229 3598 Vide
1247 3545 1307 3599 cie.

151 3613 183 3665 in
200 3559 289 3666 liiuto
308 3631 389 3685 capp.
410 3618 453 3680 56,
473 3617 516 3670 89.
555 3616 590 3668 D.

222 3688 284 3753 tege
305 3686 417 3752 Varum]
453 3686 495 3739 De
514 3704 547 3739 eu
564 3688 629 3762 lege
648 3686 706 3739 vid.

151 3753 216 3807 dice
235 3756 345 3840 Legum
363 3778 384 3810 s.
404 3776 431 3809 v.
455 3758 545 3813 Vario
563 3775 591 3827 p.
611 3760 655 3813 tu.
676 3704 822 3811 Scrifftur
840 3759 872 3810 in
887 3758 956 3812 cod.
976 3759 1064 3812 Msrb.
1084 3760 1202 3822 levario,
1224 3774 1310 3827 supra

150 3824 204 3875 lin.
224 3826 386 3950 uddrterge,
413 3846 488 3881 unus
507 3830 556 3882 Ox.
585 3828 670 3882 hebet
688 3829 764 3898 leges
781 3845 867 3894 oana3
895 3830 972 3883 idem
998 3835 1133 3897 tangeret,
1158 3827 1232 3880 nlius
1250 3842 1311 3882 esse

149 3903 273 3964 tangere.
347 3916 370 3950 r.
420 3959 427 3967 „
917 3954 926 3971 ο
1198 3952 1202 3959 ,

222 3975 252 4021 ut
270 3972 344 4022 enim
361 3970 479 4023 balistae
496 3971 630 4040 tapidum,
657 3977 682 4026 et
702 3972 812 4040 reliqua
836 3978 970 4025 tormenta
995 3972 1113 4023 telorum
1131 3999 1164 4012 -
1183 3971 1315 4025 mireo·

151 4053 201 4091 nes
218 4036 337 4106 liabent]
373 4040 443 4092 Dav.
473 4042 647 4095 adiuvandae
673 4042 896 4095 constructionis
924 4058 1020 4105 ceusu,
1048 4047 1113 4110 post
1138 4040 1256 4096 balistae
1280 4048 1311 4094 et

149 4120 214 4179 post
232 4118 366 4164 tormenta
385 4112 528 4178 distinxit,
546 4113 684 4166 videlicet
702 4121 736 4165 ut
753 4113 840 4166 verba
859 4117 888 4165 io
907 4114 984 4166 idum
1002 4121 1031 4164 et
1049 4113 1165 4165 cetorum
1180 4112 1215 4166 sd
1226 4115 1310 4166 emis·

151 4181 243 4235 cinnes
267 4185 442 4248 referuntur,
471 4193 505 4235 ut
531 4184 638 4238 diserte
662 4183 779 4254 scripsit
803 4185 834 4235 in
853 4131 905 4236 Ei
928 4188 951 4237 l.
989 4183 1096 4236 Contra
1123 4199 1190 4236 eum
1216 4179 1315 4235 Bouh.⁴

152 4250 293 4315 „belinae
312 4256 436 4324 lapidum
455 4272 512 4307 non
531 4256 625 4307 minus
645 4255 791 4308 commode
810 4256 893 4330 iungi
912 4256 962 4320 uit,
982 4271 1067 4326 quum
1085 4255 1161 4324 apud
1175 4252 1310 4305 Plautum

152 4322 277 4403 Poenulo
296 4327 318 4378 1.
340 4330 427 4382 1.73.
449 4327 552 4381 batista
569 4328 727 4393 infortunii,
754 4336 783 4380 et
802 4333 935 4381 torrnento
953 4329 1078 4390 tetorurn,
1106 4335 1139 4377 nt
1166 4322 1240 4393 opud
1258 4323 1313 4374 Pe·

153 4399 283 4443 *romum
303 4399 360 4450 118.
386 4401 580 4453 sententiarum
608 4398 800 4453 tomentum.“
836 4399 924 4464 Quam
948 4396 1090 4450 rationem
1115 4393 1233 4446 mireris
1256 4391 1309 4444 uni

154 4479 189 4514 ex
208 4465 412 4519 recentissimis
430 4468 536 4524 horum
554 4470 697 4525 librorum
715 4470 923 4542 interpretibus
946 4469 1097 4544 placuisse.
1135 4465 1237 4533 Neque
1254 4463 1310 4518 Du-

1030 2477 1066 2531 od
1090 2478 1122 2530 in
1139 2477 1237 2532 Dnisb.
1266 2486 1310 2532 est
1408 2501 1409 2504 ¹

783 3695 914 3740 emonet
933 3689 1004 3741 Ern.
1024 3688 1056 3740 in
1075 3688 1154 3743 (ilar.
1175 3687 1235 3741 Cic.
1262 3687 1311 3739 ln·
1375 3692 1380 3697 '
