2828 5070
462 387 464 392 ,
512 307 765 388 enuntia
1151 309 1215 379 eoa

57 473 110 537 Ad
132 474 274 558 ineptiae
301 472 410 539 rediet
441 473 523 537 illud
544 478 653 547 eninr,¹
674 472 761 557 quod
785 493 839 538 me
859 473 1012 561 angebat,
1042 493 1110 538 non
1143 477 1214 538 exi·

59 560 134 623 mis.
177 558 254 621 Scio
276 556 426 620 dolorem
448 578 516 619 non
539 577 608 620 esse
629 560 821 639 nequitiam.
863 559 989 620 Desine
1016 555 1051 620 id
1082 577 1134 621 mo
1155 559 1214 621 do·
1323 560 1328 571 ’

58 660 148 705 cere:
172 643 236 703 boc
258 638 350 718 doce,
373 639 515 712 doleam,
537 660 641 703 necne
656 641 793 717 doleam,
816 642 900 703 nihil
913 643 1085 706 interesse.
1106 641 1213 705 Num·

58 744 157 806 quem
180 726 365 808 quicquam,
399 726 521 806 iuquit,
550 722 592 785 ad
625 724 721 786 beate
749 722 883 805 quidem
904 721 1096 800 vivendum,
1125 724 1212 808 quod

59 852 258 862 t—-m
661 854 729 862 ..a-a-

56 910 114 947 non
133 896 286 971 intelligis,
310 896 367 947 nisi
387 896 418 947 in
436 903 531 947 annot.
551 895 635 947 Bruti
652 896 681 948 le
704 895 760 949 eris
779 896 884 948 molum
907 912 965 949 non
991 894 1096 950 babere
1115 899 1213 949 Manu·

55 967 132 1018 tium
158 975 187 1021 et
215 968 369 1020 nonnullos
396 967 481 1019 illum
512 976 630 1020 secutos.
702 968 761 1021 beat
786 984 818 1021 ea
843 984 899 1021 vox
924 986 941 1020 ι
965 968 1024 1020 sola
1048 976 1145 1021 nostra
1161 968 1213 1021 ol-

58 1037 134 1090 dina.
173 1039 234 1091 Mr.

128 1108 187 1161 niel
205 1109 276 1177 quod
293 1113 375 1177 turpe
393 1114 473 1175 alque
491 1106 623 1162 ciliorum
641 1109 704 1177 eet]
741 1107 808 1162 Cod.
834 1127 908 1161 unus
928 1109 977 1161 Ox.
998 1107 1056 1162 nial
1074 1094 1212 1179 quidem

56 1184 147 1247 turpe.
185 1183 240 1234 Per
261 1182 284 1232 it
303 1181 369 1233 Cod.
390 1180 474 1232 Vind.
496 1185 518 1234 l.
540 1186 577 1246 el,
606 1189 634 1232 et
653 1181 693 1232 ila
712 1180 782 1233 Edd.
803 1183 839 1232 111.
860 1183 891 1232 1..
912 1181 975 1235 Car.
996 1180 1045 1233 Ste
1065 1181 1095 1232 h.
1124 1182 1211 1236 Leod.

56 1250 137 1320 sylb.
158 1199 271 1303 Larubb.
293 1252 379 1304 Goth.
400 1251 463 1303 illd.
483 1252 563 1304 Boul.
584 1250 681 1316 Brut,
701 1258 748 1304 aul
766 1251 874 1303 habent
892 1252 958 1305 cod.
979 1198 1068 1304 Rth.
1089 1253 1160 1305 End.
1181 1255 1211 1306 P.

57 1321 91 1373 A.
111 1323 141 1374 B.
161 1321 189 1375 S.
210 1324 243 1375 E.
264 1323 295 1378 C.
316 1324 385 1376 ven.
413 1330 502 1375 nostr.
528 1331 557 1375 et
575 1321 743 1375 Reiskianae
764 1326 787 1377 l.
807 1325 833 1376 2.
863 1323 934 1375 bled.
958 1326 1026 1378 1.2.
1055 1325 1118 1376 Asc.
1140 1328 1164 1379 l.
1184 1327 1212 1381 2.

56 1393 138 1445 lunt.
159 1392 267 1446 Sturm.
288 1392 409 1448 HWolf.
430 1393 513 1447 Solus
532 1393 605 1446 Gud.
626 1409 669 1460 nc,
689 1394 766 1464 quod
783 1394 894 1447 accedit
912 1395 948 1447 ad
967 1394 1149 1464 reliquorum
1167 1400 1213 1450 al·

57 1480 118 1534 que.
146 1464 181 1516 ln
200 1465 273 1540 Aug.
295 1465 443 1517 omittitur
460 1471 509 1517 eel.
546 1466 606 1517 Mr.
951 1486 954 1491 ·

128 1536 175 1588 Ad
192 1535 312 1604 ineptiae
331 1535 424 1589 rediet
449 1536 522 1588 illud
545 1537 617 1589 enim
635 1533 702 1602 etc]
739 1534 873 1589 Auditori
898 1539 1068 1591 tribuuntur
1090 1537 1162 1592 baec
1179 1540 1213 1595 in

57 1605 143 1659 Codd.
172 1608 278 1659 duobus
302 1609 371 1660 On.
402 1616 431 1659 et
458 1608 569 1677 aliquot
588 1607 659 1659 Edd.
683 1615 754 1660 vett.
792 1607 847 1661 Sed
875 1610 1026 1678 respondet
1045 1613 1155 1662 Marcus
1172 1612 1213 1677 ei,

56 1695 143 1747 quem
163 1679 216 1730 sibi
236 1680 439 1748 obloquentem
458 1678 489 1729 in
507 1679 639 1748 proxime
658 1678 891 1731 antecedentibus
908 1681 1040 1732 fluxerat.
1078 1680 1158 1745 Quod
1178 1699 1214 1735 ex

56 1765 114 1801 uno
131 1749 240 1803 Davisii
259 1751 362 1803 Codice
381 1749 491 1823 corrigi
509 1748 623 1802 volebat
640 1748 735 1804 Bentl.
754 1755 847 1802 aulem
862 1751 1006 1819 prcene'm,
1025 1750 1214 1807 habet‘etiam

57 1829 156 1872 noster
179 1820 246 1873 Cod.
268 1823 345 1906 Aug.
384 1820 439 1873 Sed
465 1837 501 1872 ne
526 1821 557 1872 in
584 1821 706 1873 secunda
730 1821 847 1890 quidem
871 1821 924 1873 Ed.
952 1822 1063 1891 recepit
1086 1822 1155 1874 Dar.
1184 1830 1215 1876 et

59 1899 147 1943 recte.
186 1890 265 1956 Quod
284 1910 361 1944 enim
379 1892 421 1942 ait
439 1892 469 1944 Β.
489 1908 572 1956 „non
591 1892 679 1957 enim,
700 1891 768 1960 quia
786 1907 843 1944 non
862 1893 1012 1955 eximebat,
1030 1892 1094 1945 ideo
1112 1893 1147 1945 ad
1165 1894 1214 1946 in·

59 1962 149 2030 eptias
168 1961 321 2014 redibat:“
341 1962 371 2014 id
389 1963 420 2012 in
438 1978 537 2015 errore
555 1971 695 2015 versatur.
732 1961 782 2014 uit
802 1963 880 2015 enim
898 1967 1008 2016 Marcus
1027 1963 1106 2015 nihil
1123 1964 1212 2033 uliud,

59 2049 146 2101 quam
163 2032 231 2115 boc:
265 2034 304 2085 od
322 2033 443 2100 ineptiae
461 2032 559 2086 rediet
584 2050 644 2117 ‘ego
663 2034 841 2118 autemuiure
868 2042 897 2086 te
915 2035 949 2087 ad
974 2035 1098 2104 ineptias
1116 2036 1214 2089 redire

57 2119 163 2227 litt
178 2104 593 2244 ll}.lt;‚‘¹ltl.‘¹.¹.⁰¹t,:l;l¹
611 2104 1124 2251 “ll.⁹t¹..¹2f'llll.²tttll,llt
1140 2108 1214 2233 ‘2¹23

56 2246 166 2310 colia,
191 2247 323 2300 dolorem.
353 2279 386 2289 -
422 2248 522 2322 Pergit
547 2264 619 2298 unus
648 2248 696 2299 Ox.
727 2245 800 2299 nili!
824 2247 962 2302 intereree
986 2265 1040 2317 pro
1064 2264 1118 2301 non
1142 2264 1213 2304 eme.

57 2317 136 2370 ldem
156 2319 267 2370 omittit
286 2317 440 2386 nequitiam
457 2335 547 2453 usque
567 2318 601 2369 ad
619 2333 651 2368 re
673 2317 778 2369 etitum
796 2317 939 2371 luterem.
977 2319 1037 2371 Mr.

130 2388 236 2440 Deeine
258 2389 291 2441 lu
315 2405 358 2440 rne
381 2389 495 2441 docere:
553 2390 616 2451 „lu
688 2425 694 2439 .
717 2393 739 2443 1.
766 2388 894 2442 ediderat
919 2389 989 2442 Dav.
1015 2406 1050 2442 ex
1068 2406 1126 2442 uno
1144 2389 1212 2444 cod.
1245 2443 1248 2447 ,

57 2458 165 2511 Deeine
184 2475 272 2511 nunc
290 2459 399 2511 eliam
416 2459 450 2510 id
467 2474 510 2510 me
529 2458 640 2511 docere:
660 2459 738 2528 quod
756 2458 787 2510 in
796 2477 875 2530 seqq.
896 2460 1214 2514 meritoretractavit.“

56 2526 147 2581 Βοιώ.
186 2529 330 2583 Scribitur
347 2545 391 2581 me
410 2529 443 2581 id
461 2530 491 2581 in
511 2529 596 2581 Codd.
617 2531 691 2582 Mon.
715 2534 738 2585 1.
758 2530 829 2584 2.Α
871 2570 877 2582 .
907 2531 1059 2583 Omittitur
1076 2529 1127 2586 Iloc
1144 2532 1214 2589 dou

59 2600 90 2652 in
110 2600 178 2653 Cod.
197 2617 255 2652 uno
274 2601 324 2652 Ox.
361 2599 413 2652 Est
432 2598 482 2652 loc
500 2599 658 2655 docendo
680 2617 730 2654 nec
747 2617 780 2653 ne
806 2602 837 2653 in
884 2602 930 2654 ud.
950 2605 975 2657 2.
995 2602 1091 2655 Duisb.
1110 2603 1213 2659 habete

59 2671 200 2725 doleamne
228 2686 264 2722 en
287 2670 404 2724 doleam.
434 2671 518 2722 vind.
539 2674 565 2726 2.
594 2686 630 2724 on
647 2687 702 2724 non
728 2688 783 2742 pro
799 2688 848 2724 nec
865 2689 907 2736 ne,
927 2690 962 2726 ex
980 2674 1089 2743 puerili
1106 2675 1215 2748 glosse-

57 2751 144 2808 mate,
169 2742 246 2812 quod
269 2751 310 2794 est
334 2742 420 2794 etiam
444 2743 475 2795 in
501 2759 558 2795 unc
577 2741 657 2797 Leid.
685 2742 766 2807 Quod
788 2760 858 2797 vero
876 2744 999 2797 alterum
1024 2745 1132 2799 doleam
1149 2753 1216 2817 post

59 2828 109 2868 nec
128 2830 162 2866 ne
188 2813 331 2866 abiectum
354 2813 467 2866 volebat
490 2813 592 2878 Bouh,
619 2813 649 2866 id
674 2814 792 2875 nonita
816 2815 981 2873 mirandum
1000 2824 1051 2881 est,
1076 2834 1163 2886 quam
1180 2833 1214 2871 m

57 2903 128 2937 vera
145 2885 200 2936 boc
219 2884 327 2935 sactum
347 2900 405 2935 esse
423 2884 456 2935 ab
475 2884 606 2947 Ernesto,
626 2883 753 2937 additum
776 2901 812 2936 ue
830 2884 863 2936 ab
882 2887 990 2951 eodem,
1008 2904 1165 2958 ¹nunquam
1182 2887 1215 2941 in

57 2955 112 3010 bac
131 2958 223 3008 forma
240 2956 361 3008 verbum
379 2963 510 3026 repetere
528 2956 707 3009 Ciceronem.
726 2903 790 3010 viql.
810 2973 861 3009 nes
879 2957 913 3009 ad
931 2957 989 3017 Cic.
1001 2957 1044 3011 ¹de
1057 2959 1094 3013 N.
1109 2958 1212 3013 Deorr.

56 3030 110 3085 111.
132 3032 219 3089 7.,17.
240 3045 268 3097 p.
290 3030 349 3082 189.
371 3027 414 3080 ed.
434 3026 504 3080 min.
533 3045 560 3097 p.
581 3030 642 3083 514.
671 3027 715 3080 ed.
741 3025 806 3090 mai.
835 3027 870 3080 ad
897 3027 931 3080 de
950 3028 1021 3080 Fato
1041 3030 1083 3084 12.
1103 3046 1130 3097 p·
1150 3031 1214 3085 618.

57 3117 99 3167 sq.
128 3098 201 3150 Add.
220 3098 387 3150 Ramshoru.
414 3099 444 3150 in
471 3098 570 3152 Jabnii
595 3097 710 3151 Annell.
737 3097 842 3155 Pbilol.
872 3107 900 3150 et
918 3097 1054 3172 Poedagg.
1076 3101 1153 3154 1827.
1174 3100 1213 3154 11.

60 3176 84 3225 l·
105 3187 132 3238 p·
152 3171 196 3223 lo.
224 3169 327 3219 blandii
346 3169 503 3229 Tursellin.
525 3170 546 3220 1.
564 3164 725 3238 p.,34ll'sq.
746 3167 816 3238 ibiq.
842 3168 936 3222 laudd.
963 3171 1058 3238 Puppe
1078 3169 1110 3220 in
1128 3168 1162 3222 A.
1183 3167 1214 3231 S.

57 3243 90 3292 Ζ.
112 3241 189 3294 1831.
210 3239 246 3291 11.
266 3241 309 3293 33.
331 3257 357 3307 p.
379 3242 455 3293 1064.
493 3240 553 3292 Mr.
650 3237 654 3247 '
1072 3262 1073 3266 ¹
1126 3270 1137 3303 ς
1159 3290 1162 3295 .
1202 3286 1207 3297 .

128 3309 275 3376 Nunquam
292 3309 452 3377 quidquem]
488 3310 564 3375 „Sic
591 3324 687 3362 omnes
714 3309 832 3378 quidem
848 3307 964 3375 babent,
1014 3326 1062 3362 uoa
1079 3308 1151 3378 vidi,
1177 3310 1215 3364 li-

57 3381 113 3444 bri,
134 3389 163 3433 et
182 3397 324 3439 manuscr.
344 3388 374 3432 et
393 3381 472 3450 typis
490 3381 631 3452 impressi.
669 3379 725 3434 Sed
743 3380 845 3433 malim
863 3380 937 3455 legi:
965 3328 1036 3434 ntia
1053 3381 1215 3452 quidquem,

58 3451 181 3522 inquil.“
200 3451 360 3519 Lambinus.

128 3526 293 3592 Numquam
313 3522 467 3593 quicquam,
485 3522 585 3593 lnquit,
604 3523 643 3575 ud
658 3524 738 3576 leole
756 3523 867 3591 quidem
884 3521 1042 3590 vivendum]
1078 3522 1113 3576 D.
1130 3523 1215 3579 bam-

57 3596 140 3648 binus
159 3603 259 3648 contra
278 3597 429 3647 blestorum
448 3594 533 3647 fidem
552 3594 667 3664 reponit
686 3591 760 3647 nilil
781 3593 939 3664 quidquam.
977 3595 1059 3647 Male.
1097 3594 1215 3649 Pleutua

57 3667 163 3737 Amph.
183 3668 247 3718 Aet.
268 3668 291 3718 1.
312 3666 356 3719 Sc.
377 3667 400 3728 l,
420 3665 463 3720 92.
501 3667 667 3732 Numquam
681 3665 772 3721 eliam
790 3665 944 3735 quicquam
959 3661 1049 3719 adhuc
1065 3665 1216 3720 vallorum

58 3745 100 3792 eal
116 3739 277 3806 prolocutus
292 3752 452 3805 perperam.
490 3737 569 3789 ldem
586 3735 665 3788 Asin.
685 3737 748 3789 Act.
769 3737 791 3788 1.
812 3735 857 3788 Sc.
878 3736 931 3801 111,
949 3738 993 3792 44.
1031 3734 1104 3790 Nom
1127 3735 1155 3788 ei
1179 3751 1217 3799 eq

59 3808 194 3862 durarent
212 3806 293 3871 mili,
312 3808 422 3862 Mulier
439 3807 600 3860 millerelur
617 3807 655 3859 od
672 3814 715 3871 le‚·
733 3824 889 3876 numquam
898 3807 1213 3876 quicquumpcccerenl.

57 3880 98 3932 Et
116 3879 236 3931 Rudent.
262 3877 324 3930 Act.
345 3880 382 3932 11.
404 3878 448 3930 Sc.
468 3880 531 3943 vll,
550 3880 592 3933 23.
633 3877 698 3932 Titi
722 3894 775 3946 ego
800 3894 947 3948 nunquam
974 3876 1129 3946 quicquam
1153 3893 1215 3933 cre·

57 3952 123 4007 dam
142 3949 202 4002 niel
219 3956 329 4016 accepto
346 3950 474 4017 pignore.
513 3950 666 4011 Terentius
685 3950 760 4002 Eun.
787 3947 850 4002 Act.
871 3948 904 4000 V.
929 3947 975 4004 Sc.
994 3948 1058 4013 v11,
1079 3953 1102 4002 1.
1122 3949 1215 4002 Nu‘m·

56 4041 144 4093 quam
163 4021 282 4089 aedepol
299 4022 453 4089 quicquam
471 4021 590 4086 lanadiu,
618 4020 691 4090 quod
708 4019 804 4088 magle
822 4019 919 4075 uellem
944 4017 1064 4086 euenire,
1088 4018 1137 4074 lm·
1154 4036 1214 4074 eve-

55 4094 106 4147 m'l.
126 4094 197 4147 Vide
225 4093 263 4144 sis
291 4099 319 4143 et
337 4090 458 4160 Adelph.
479 4091 542 4144 Act.
563 4092 585 4144 l.
605 4089 648 4146 Sc.
670 4092 707 4156 11,
727 4094 769 4146 18.
791 4098 819 4141 et
839 4092 901 4142 Act.
922 4090 969 4142 lv.
990 4088 1080 4161 chl,
1100 4094 1142 4146 12.
1173 4089 1212 4145 D.

56 4160 1105 4304 ...telllllttll..2⁵53-.³:¹l‘⁰ti..‘³t¹t33..ll.¹⁴2·llr.l”
1129 4179 1214 4288 tlt

55 4303 129 4368 noli,
157 4306 191 4358 ad
218 4308 333 4367 modum
359 4305 466 4372 Beieri,
488 4305 615 4375 spuriam
639 4303 767 4357 iudicare
790 4303 963 4374 particulam
987 4302 1107 4375 quidem,
1139 4318 1212 4385 quaa

54 4377 85 4429 tc
106 4375 127 4427 l.
147 4378 304 4501 necqqsaria
322 4386 374 4444 eat,
393 4385 424 4432 et
441 4376 461 4431 i.
480 4394 509 4448 q.
528 4380 603 4433 eerle
620 4375 773 4454 siguificat,
800 4383 836 4429 ut
853 4374 1012 4431 sexcenties
1038 4370 1114 4446 apud
1131 4370 1214 4443 Cice}

55 4461 166 4501 renem.
239 4465 265 4499 r.
855 4493 859 4499 .
