2812 5064
181 305 247 373 sss
381 258 881 372 consensissemus.
904 302 1136 371 3333133.

183 469 294 550 fidius,
322 471 378 535 vir
398 472 529 553 sepiens
549 470 656 534 laetus
677 490 717 532 ex
738 471 790 532 bis
812 471 960 535 tenebris
981 473 1018 533 in
1045 472 1152 534 lucem
1174 471 1270 533 illam
1291 486 1349 532 ox·

183 555 339 617 cesserit:
367 573 427 614 nec
450 562 560 615 tamen
582 554 641 614 1113
660 554 770 615 vincis
791 556 937 620 carceris
959 556 1110 636 ruperit:
1141 554 1233 640 leges
1255 555 1348 615 enim

182 645 317 701 vetem:
351 635 410 700 ssd
438 643 604 718 tamquam
631 655 652 697 s
672 638 872 724 magistratu
900 644 958 698 sut
983 638 1025 699 ab
1047 638 1157 719 eliqua
1179 644 1349 720 potestate

187 763 258 773 ιη...-
267 764 381 772 .-.---...
389 767 392 770 .
400 763 413 771 ..
422 763 501 775 «ρ..--
519 765 521 769 .
575 763 621 770 --
962 764 1132 773 ..-.——.......
1140 765 1216 772 -.-α
1228 764 1286 772 ---·
1309 763 1331 769 -

254 837 320 876 noe
345 823 429 892 iile,
456 822 565 876 mediet
587 819 700 888 pelian]
737 821 817 887 Quod
834 822 867 874 in
884 822 970 877 codo.
991 823 1064 879 Gud.
1087 830 1111 879 l.
1131 827 1158 880 2.
1177 825 1248 898 Reg.
1268 823 1345 896 Aug.

183 895 272 947 Marb.
293 896 368 947 bion.
387 897 413 949 2.
434 894 572 946 scribitur
588 909 622 945 ne
660 909 693 945 ro
712 908 773 958 nae,
801 903 898 947 ortum
917 903 960 948 est
978 912 1013 947 ex
1031 896 1190 965 scriptione
1208 911 1348 963 compen-

183 965 276 1019 diaria
302 980 352 1044 ''i’
371 974 400 1017 et
418 965 553 1017 universe
570 911 704 1034 1331333
724 964 834 1018 Graeco
858 966 905 1018 rel
927 965 1090 1035 saepissime
1109 966 1141 1018 13
1158 965 1243 1021 libris
1260 973 1347 1017 vetu-

183 1036 318 1089 stissimis
338 1037 532 1106 rescriptum
550 1034 677 1104 reperiri
696 1043 794 1087 monet
811 1036 927 1091 eortius
945 1035 980 1089 ad
998 1036 1068 1099 Sall.
1089 1036 1148 1090 Cat.
1168 1039 1212 1091 52.
1232 1054 1260 1106 p·
1280 1038 1344 1091 339.

183 1107 265 1161 Unus
284 1109 334 1161 Ox.
362 1106 449 1161 habet
476 1122 533 1159 nec.
562 1104 659 1157 Duisb.
689 1111 722 1158 et.
762 1105 841 1170 Quod
867 1122 937 1161 vero
955 1107 1032 1159 abest
1055 1107 1105 1161 iiie
1124 1107 1155 1159 in
1173 1107 1247 1160 Gud.
1268 1109 1295 1162 2.
1316 1115 1346 1161 et

184 1176 238 1231 Ed.
260 1178 290 1230 C.
312 1187 354 1230 ost
373 1187 473 1230 contra
491 1195 575 1228 usum
588 1177 748 1241 Ciceronis,
761 1178 842 1246 'apud
860 1194 947 1247 quem
964 1186 1029 1248 post
1048 1194 1099 1230 noe
1117 1195 1232 1248 semper
1249 1178 1346 1247 sequi-

184 1257 236 1301 tur
258 1251 428 1302 Pronomen'.
466 1248 547 1312 Vide,
575 1265 612 1300 nc
639 1247 713 1318 ipsos
736 1248 824 1314 locos,
856 1248 907 1318 qui
931 1258 999 1301 sunt
1021 1248 1056 1300 ad
1074 1264 1190 1301 manum
1208 1248 1344 1318 plurimi,

185 1321 321 1384 excitem,
352 1319 509 1373 Tursellin.
535 1319 569 1372 de
594 1319 743 1371 Perticull.
768 1338 797 1389 p.
816 1321 878 1375 400.
904 1319 971 1371 coll.
998 1326 1093 1371 tamen
1120 1319 1251 1373 liuddim.
1273 1320 1345 1374 lust.

184 1392 218 1444 L.
239 1393 271 1443 1..
291 1392 330 1444 11.
352 1410 382 1461 p.
402 1392 463 1446 313.
492 1408 520 1441 n.
541 1392 585 1445 29.
612 1388 682 1442 Add.
702 1388 852 1442 Heindorf.
879 1390 914 1442 ad
932 1389 991 1444 Cic.
1018 1389 1053 1443 de
1078 1391 1114 1443 N.
1134 1390 1168 1442 D.
1191 1390 1214 1442 1.
1234 1392 1278 1444 20.
1300 1392 1345 1445 st.

185 1462 250 1529 (qui
268 1471 365 1515 tamen
383 1479 537 1545 perperam
554 1477 607 1513 noe
630 1459 747 1513 nonnisi
770 1460 990 1582 pronominibus
1011 1460 1245 1514 demonstrativis
1262 1476 1349 1531 prse-

185 1533 239 1607 ogi
259 1533 418 1597 contendit,
438 1550 505 1585 cum
524 1533 610 1585 etiam
628 1531 774 1601 personali
792 1549 834 1597 us,
859 1547 920 1598 ego,
940 1537 979 1594 tu,
1004 1533 1167 1601 saepissime
1186 1547 1348 1601 praepone-

185 1611 245 1668 tur,
264 1622 292 1656 v.
312 1621 338 1656 c.
358 1604 389 1655 in
408 1604 470 1657 istis
489 1603 499 1653 i
521 1603 558 1655 sis
577 1601 670 1667 libris,
690 1617 760 1671 quos
779 1602 878 1667 edidit,
898 1601 932 1655 de
950 1603 987 1655 N.
1007 1601 1041 1654 Ι).
1061 1603 1099 1655 11.
1121 1608 1151 1658 1:
1171 1617 1224 1655 noe
1241 1619 1296 1669 ego
1311 1629 1345 1639 -

185 1674 348 1740 incautus)
367 1690 418 1727 nos
436 1674 471 1726 ad
514 1674 549 1726 ic.
569 1672 604 1725 de
622 1674 660 1726 N.
679 1672 713 1724 D.
734 1673 756 1725 1;
777 1675 819 1728 20.
840 1692 868 1744 p.
879 1675 923 1727 88.
943 1673 978 1725 de
996 1675 1164 1726 contusione
1182 1675 1349 1725 formarum

186 1760 250 1811 nee,
270 1761 312 1810 ne,
340 1761 398 1805 nee.
435 1744 478 1798 De
502 1743 617 1796 iurandi
643 1743 769 1796 formula
792 1744 901 1797 medios
924 1743 1020 1808 fidius,
1054 1761 1106 1815 pro
1128 1744 1172 1796 rie
1195 1744 1350 1796 scribenda

186 1832 230 1869 me
248 1816 323 1869 Dios
341 1816 371 1880 (1.
394 1832 417 1868 3.
437 1815 548 1880 Diovis,
567 1813 675 1878 Diovis,
695 1815 781 1878 lovis,
800 1814 924 1885 Iupiter)
952 1814 1045 1880 fidius,
1069 1763 1128 1866 1111.
1149 1831 1221 1884 (1333
1239 1831 1350 1884 nuper-

187 1887 262 1940 rime
280 1887 438 1957 dispnta-rit
456 1888 496 1938 111.Ι
503 1885 631 1938 Schmid.
642 1886 674 1937 in
683 1883 784 1937 Jahnii
798 1885 913 1939 Annall.
933 1884 1051 1939 Philoll.
1072 1895 1101 1938 et
1110 1885 1218 1959 Paedag
1240 1923 1247 1936 .
1265 1889 1346 1942 1830.

186 1958 210 2013 1.
230 1961 255 2013 3.
275 1977 304 2028 p.
324 1960 386 2014 343.
408 1989 441 2000 -
478 1956 547 2011 Sine
566 1973 648 2008 causa
666 1955 763 2008 Reisk.
789 1965 854 2025 post
876 1955 923 2008 vir
940 1958 1054 2025 sopiens
1071 1957 1135 2009 eddi
1155 1902 1348 2026 1313131131.

185 2029 268 2083 Unus
286 2029 337 2083 Ox.
356 2029 469 2081 omittit
486 2025 540 2080 tte.
562 2027 635 2080 cuo.
655 2027 731 2078 bion.
750 2029 776 2080 2.
797 2035 826 2079 et
844 2026 940 2078 Duisb.
961 2027 1158 2080 malehabent
1176 2024 1234 2080 tite
1263 2028 1300 2091 (i.
1321 2044 1349 2078 e.

185 2099 247 2166 iis).
284 2102 338 2152 Pro
363 2100 443 2152 ittam
465 2116 539 2150 nnus
566 2097 617 2149 Ox.
646 2112 740 2160 sunm,
771 2105 834 2150 tum
851 2097 924 2150 alius
947 2113 1001 2168 pro
1019 2098 1171 2151 excesserit
1194 2096 1282 2152 habet
1299 2114 1351 2150 ex-

186 2176 318 2224 cesserat.
356 2170 416 2224 Mr.

263 2241 364 2298 Vincla
383 2240 527 2308 carceris]
553 2241 662 2294 Forsan
680 2240 774 2295 vincia
791 2240 931 2309 corporis,
959 2250 992 2293 ut
1015 2242 1103 2294 etiam
1121 2242 1165 2295 Cl.
1185 2242 1241 2295 Tb.
1261 2242 1352 2295 Bent-

185 2311 262 2365 leius
287 2313 484 2382 reponendum
505 2313 639 2365 coniecit.
677 2314 783 2366 Noster
809 2312 845 2365 de
871 2312 969 2364 Divin.
990 2312 1013 2374 l,
1032 2316 1077 2368 49.
1115 2311 1352 2382 Disiunguntque

187 2398 219 2435 ee
242 2398 261 2434 a
286 2383 422 2437 societate
450 2383 561 2447 diuino,
590 2383 697 2435 vinclis
722 2383 853 2451 corporis
881 2382 1015 2451 inpediti.
1057 2383 1175 2436 ¹l'nritsr
1201 2385 1350 2452 compedes

186 2455 318 2523 corporis
337 2463 477 2508 memorat
496 2454 572 2506 infre
597 2470 658 2524 cap.
678 2456 721 2509 31.
759 2452 796 2505 D.

258 2526 317 2578 Nec
335 2531 424 2579 tornea
441 2525 496 2577 ilio
513 2524 605 2578 vincia
624 2525 750 2578 carceris
768 2524 897 2593 ruperit]
929 2524 1036 2577 Rursus
1060 2524 1161 2577 inttili
1179 2526 1351 2579 coniectura

188 2594 285 2650 Reisk.
305 2598 375 2667 poni
392 2596 507 2650 volebat
525 2596 583 2649 iile.
621 2595 678 2648 ttta
697 2596 780 2660 dicit,
800 2596 819 2647 i.
840 2614 864 2649 e.
884 2595 986 2664 quibus
1005 2595 1157 2647 adstrictus
1175 2597 1207 2647 in
1225 2613 1351 2667 corpore

188 2675 315 2719 tenetur.
354 2668 444 2721 Habet
463 2676 558 2719 tumen
576 2666 624 2720 itte
646 2667 809 2719 Lambinus.
847 2670 901 2720 Pro
925 2674 1018 2720 tomen
1041 2675 1091 2724 est,
1106 2673 1213 2719 tontum
1241 2669 1271 2719 in
1291 2684 1350 2719 uno

191 2738 241 2792 Ox.
261 2739 421 2792 Fluctusnt
439 2738 509 2791 libri
528 2739 607 2790 inter
623 2737 734 2790 vincula
753 2743 778 2788 et
798 2737 901 2790 uincta.
939 2737 980 2790 De
998 2737 1156 2807 scriptione
1172 2738 1231 2790 vid.
1251 2738 1348 2790 Beier.

190 2809 226 2861 ad
244 2810 322 2861 Lael.
342 2813 369 2865 3.
390 2811 431 2865 14.
452 2828 480 2879 p.
501 2811 544 2865 23.
565 2808 607 2861 ed.
628 2807 694 2871 snei.
715 2809 785 2878 ibiq.
806 2809 899 2862 laudd.
920 2809 1062 2861 Goerenz.
1082 2807 1117 2859 ad
1131 2808 1190 2862 cic.
1209 2809 1348 2893 debegg.

188 2880 227 2932 11.
248 2882 290 2934 23.
320 2884 363 2936 50.
391 2900 417 2952 1).
441 2883 499 2936 105.
543 2881 597 2931 Pro
623 2879 732 2947 ruperit
759 2897 833 2931 unus
857 2882 906 2935 Ox.
933 2880 1034 2947 erupit,
1062 2879 1146 2932 Vind.
1165 2883 1191 2934 2.
1224 2880 1347 2948 irrupit.

189 2950 373 3016 Bouhierius,
401 2951 579 3021 quidudum
598 2960 663 3002 ante
682 2950 832 3003 Reislrium
857 2952 967 3004 acriter
984 2950 1130 3024 pugnabat
1147 2967 1199 3021 pro
1217 2951 1349 3005 lectione

190 3021 250 3087 iile,
269 3023 381 3079 nescius
400 3023 476 3077 idem
495 3023 562 3087 iam,
582 3020 631 3074 sed
649 3024 765 3085 frustra,
785 3029 909 3075 tentasse
927 3022 1106 3085 liambiuum,
1130 3022 1264 3073 inutilem
1284 3025 1348 3074 exi-

190 3093 322 3147 stimabat
341 3094 450 3149 Davisii
469 3102 499 3146 et
516 3093 570 3145 Th.
590 3092 716 3145 Bentleii
734 3093 931 3145 coniecturam
949 3092 1041 3144 vinclo
1065 3093 1210 3161 corpori
1216 3108 1239 3144 e.
1278 3095 1348 3144 Nis-

190 3182 249 3218 sen.
270 3165 291 3218 l.
311 3183 335 3217 c.
361 3165 519 3230 „Facilius,
544 3164 593 3228 ait,
619 3173 680 3216 erat
707 3164 798 3216 uincto
816 3170 843 3215 et
861 3180 1011 3226 carcerem,
1040 3172 1069 3216 et
1087 3163 1128 3216 sic
1145 3181 1225 3233 saepe
1243 3165 1346 3231 prisci.

191 3236 247 3289 Sed
270 3237 422 3312 vulgatum
448 3252 561 3306 quoque
588 3236 658 3286 bene
681 3234 775 3298 hebet,
804 3252 858 3286 nec
886 3236 1053 3287 mutandum
1077 3234 1108 3284 in
1135 3234 1273 3301 corporis,
1302 3236 1348 3286 311

190 3308 347 3361 voluerunt
365 3309 397 3360 Β.
416 3316 445 3361 31
463 3308 518 3359 Ι).“
546 3308 585 3359 Et
604 3306 681 3358 nihil
699 3315 778 3358 certe
797 3306 975 3370 mutandum,
996 3323 1170 3375 quamquam
1189 3305 1257 3357 alibi
1277 3323 1350 3373 quo-

191 3398 248 3449 que
266 3380 360 3432 uincla
379 3380 506 3446 corporis
524 3377 613 3430 dixit:
633 3394 660 3429 v.
672 3394 696 3428 c.
717 3377 795 3429 Lael.
815 3380 840 3432 4.
862 3383 908 3433 14:
930 3379 1015 3431 evolet
1035 3383 1164 3445 tanquam
1184 3394 1199 3429 e
1217 3377 1349 3428 custodia

190 3451 341 3520 vinclisque
359 3450 501 3518 corporis.-
520 3449 554 3502 de
572 3451 641 3519 nep.
661 3448 710 3499 Vl.
733 3451 782 3502 14:
802 3448 849 3515 qut'
868 3465 1066 3516 etcorporum
1083 3448 1195 3512 uinclis,
1215 3455 1352 3516 tanquam

192 3537 339 3574 coarcere
357 3523 539 3576 evolaverunt.
576 3520 683 3572 Nostro
701 3519 764 3570 loco
788 3518 1022 3587 breviloquentia
1040 3520 1145 3584 utitur,
1174 3536 1231 3570 non
1249 3520 1351 3589 peiore

192 3611 234 3658 ea,
255 3611 310 3661 qua
327 3592 374 3644 his
393 3593 500 3645 duobus
518 3591 589 3643 locis
607 3610 672 3643 usus
692 3599 743 3652 est,
764 3591 853 3660 copia.
891 3593 951 3644 Mr.

263 3670 310 3717 out
329 3664 369 3716 ab
390 3663 486 3732 aliqua
502 3669 642 3731 potestate
661 3661 800 3728 legitimo]
830 3662 896 3715 God.
926 3662 999 3737 Aug.
1019 3670 1059 3715 31.
1096 3664 1175 3729 Quod
1201 3662 1353 3714 Bentleius

192 3735 223 3787 in
242 3753 307 3788 anu.
328 3753 363 3788 ex
382 3735 512 3787 omnibus
531 3735 588 3787 suis
606 3734 690 3786 libris
709 3741 774 3785 ante
792 3733 887 3801 aliqua
906 3735 995 3786 inseri
1015 3736 1093 3787 iubet
1112 3735 1155 3796 ab,
1184 3750 1240 3785 non
1261 3734 1353 3785 intel-

191 3806 214 3858 li
238 3824 327 3870 erem,
360 3823 427 3859 cum
452 3822 550 3858 omnes
576 3805 661 3877 plane
685 3804 770 3857 Codd.
790 3805 868 3859 MSS.
899 3815 928 3858 et
950 3807 1060 3881 viginti
1085 3805 1209 3875 atriplius
1228 3805 1301 3856 Edd.
1323 3806 1353 3856 id

192 3896 208 3931 3
252 3879 355 3942 ibeant,
383 3877 440 3929 nisi
465 3894 531 3930 casn
558 3894 651 3947 nuper
679 3885 777 3927 nactus
809 3893 898 3930 essem
927 3877 980 3928 Ed.
1008 3877 1164 3930 Amstelod.
1193 3879 1270 3930 1659.
1305 3894 1351 3945 ap.

191 3951 334 4016 J.Blaeu,
354 3949 461 4017 inqua
486 3950 544 4002 solu
567 3949 643 4000 abest
662 3946 736 4000 illud
755 3948 798 3999 ab.
836 3950 889 4000 Pro
912 3948 1040 4010 emissus,
1065 3966 1138 4001 unus
1158 3949 1207 3999 Ox.
1228 3947 1352 3998 missos:

193 4022 269 4090 quod
286 4021 408 4074 verbum
434 4037 501 4072 cum
526 4020 560 4072 de
589 4018 722 4071 missione
749 4027 778 4071 et
806 4019 976 4072 liberatione
1005 4038 1041 4072 ex
1064 4020 1205 4073 servitute
1232 4018 1353 4088 proprie

192 4101 358 4162 usurpetur,
386 4091 492 4159 aliquis
510 4091 586 4143 hand
605 4090 818 4143 incommodum
836 4090 906 4143 huic
925 4091 988 4144 loco
1007 4108 1066 4143 esse
1086 4091 1256 4159 suspicetur.
1297 4090 1354 4143 Sed

193 4182 250 4217 non
268 4181 336 4215 cum
354 4163 504 4227 servitute,
529 4162 577 4215 sed
595 4179 662 4212 cum
681 4178 796 4215 carcere
814 4172 998 4232 comparetur
1020 4163 1091 4214 haec
1110 4164 1171 4213 vita
1189 4161 1300 4212 animae
1321 4161 1354 4212 in

193 4251 323 4305 corpore.
361 4235 500 4287 Emittere
518 4249 586 4286 vero
606 4233 639 4285 dc
658 4233 784 4285 vinculis
803 4234 956 4303 proprium
975 4243 1031 4286 est:
1053 4235 1094 4286 ita
1112 4249 1178 4284 mox
1197 4233 1219 4296 1.
1241 4236 1289 4287 75:
1318 4248 1355 4283 ex

192 4305 239 4358 bis
256 4304 379 4358 31333113
398 4304 504 4357 emissi.
525 4306 571 4357 Or.
591 4320 644 4373 pro
663 4304 756 4356 Plane.
780 4306 821 4370 12,
840 4308 889 4359 31:
926 4306 1043 4359 emissus
1062 4305 1167 4374 aliquis
1187 4320 1201 4354 e
1220 4320 1354 4355 carcere.-

193 4379 224 4430 in
243 4379 327 4433 Verr.
355 4378 393 4432 11.
422 4378 453 4428 ¹1·
474 4378 507 4426 V.
535 4379 561 4431 0.
590 4370 809 4445 ilt'quoerarsa
840 4392 891 4428 cur
915 4375 987 4429 bunc
1007 4409 1038 4418 -
1060 4378 1093 4429 rte
1119 4391 1235 4427 carcere
1258 4375 1356 4427 emitti

192 4449 333 4505 iusserit!
369 4448 449 4516 Quod
466 4463 536 4501 sero
554 4447 595 4500 ait
612 4447 697 4502 Verh.
721 4447 797 4527 apud
819 4449 974 4505 nonnullos
997 4448 1057 4524 legi
1076 4448 1204 4510 amireos,
1233 4446 1265 4499 id
1287 4464 1358 4500 333-
