2828 5070
124 289 187 356 221
334 281 566 348 CICERONIS
586 281 834 348 tusconen.
857 281 1090 346 DISPUTAT.

124 462 263 539 potesne
284 448 416 514 diceret
446 469 500 528 eo,
527 451 557 512 si
584 449 696 511 omnia
720 446 764 510 ad
784 443 1040 532 intelligendum
1068 463 1136 506 non
1157 440 1270 516 tntu,

124 555 209 618 quae
229 535 352 596 hebere
373 533 509 606 veliem
542 551 584 592 ne
610 532 652 593 iis
673 529 816 612 quidem,
845 548 928 612 quae
956 528 1075 605 habeo,
1107 525 1194 589 mihi
1215 542 1271 608 per

123 626 160 680 te
181 619 233 679 uti
254 614 384 677 licebit!
426 613 504 677 Non
526 613 616 675 velet
635 621 766 673 tentum
787 613 929 689 enimus,
954 618 994 671 ut
1013 628 1050 671 se
1070 610 1182 690 ipsum
1203 608 1273 689 ipso

123 697 256 760 videet:
278 708 312 758 et
333 705 371 758 ut
392 697 519 771 oculus,
541 697 590 754 sic
611 695 752 770 animus,
774 712 809 753 se
831 712 897 753 non
918 690 1047 768 uidens,
1068 692 1134 751 olis
1155 691 1273 753 cernit

124 780 204 842 Non
224 777 316 841 videt
337 785 462 853 autem,
484 775 573 857 quod
595 777 769 836 minimum
791 783 851 849 est,
881 777 1022 834 formem
1045 792 1150 835 suem.
1194 771 1274 832 For-

125 869 229 924 tasse:
258 880 455 943 quamquem
485 857 522 918 id
543 877 691 939 quoque:
721 855 780 920 sed
806 856 1046 938 relinquamus3
1074 855 1145 915 rim
1173 861 1274 925 certe,

196 1071 266 1124 quoe
283 1053 383 1106 laudere
400 1051 542 1119 vellem]
579 1054 682 1124 „Lege
708 1049 818 1103 celim.“
845 1049 914 1102 Ero.
949 1049 1108 1116 Receptum
1133 1046 1199 1098 vult
1225 1046 1277 1099 Re·

123 1124 212 1179 thius.
251 1126 353 1178 Merito
373 1123 514 1194 improbat
532 1123 639 1176 Censor
662 1121 722 1174 eius
740 1121 871 1175 Jeneusis
898 1136 926 1189 p.
946 1120 1007 1175 3911.
1032 1134 1099 1168 cum
1126 1131 1221 1170 sermo
1239 1117 1276 1167 sit

49 1224 52 1230 ·
124 1199 159 1250 de
186 1215 228 1261 re,
260 1212 332 1264 quae
358 1195 423 1246 iieri
447 1194 556 1263 nequit.
593 1193 635 1245 De
661 1190 875 1243 constructione
898 1189 956 1242 vid.
982 1187 1093 1240 Etuler.
1123 1187 1154 1238 in
1178 1185 1276 1239 Jahnii

124 1267 220 1320 Anall.
241 1265 356 1318 Philoll.
378 1263 702 1333 182211121221.
725 1293 757 1304 -
793 1262 827 1312 In
845 1277 924 1329 seqq.
945 1258 1060 1313 correxi
1086 1274 1120 1310 ne
1146 1255 1277 1326 111011-

125 1337 197 1402 dem,
215 1354 282 1389 cum
299 1336 368 1387 Dav.
389 1335 537 1403 scripserit
555 1330 608 1383 hie.
646 1334 700 1384 Pro
718 1330 812 1398 dobeo,
830 1328 901 1382 miti·
917 1347 970 1398 per
988 1334 1015 1381 te
1032 1327 1086 1379 duo
1104 1330 1175 1380 On.
1193 1333 1277 1395 perte

125 1405 222 1469 indeo,
245 1423 333 1457 unus:
362 1403 447 1456 dobeo
471 1401 544 1456 nisti·
569 1403 645 1454 1110
670 1418 723 1469 per
741 1409 776 1454 te.
805 1400 888 1452 Vind.
911 1405 935 1454 1.
959 1415 1013 1466 per
1037 1404 1065 1450 te
1082 1397 1154 1450 ostii
1171 1397 1277 1463 licebit,

126 1493 181 1528 om.
202 1476 252 1528 utt'.
271 1475 360 1528 Rehd.
382 1477 455 1526 1101.
476 1476 500 1528 2.
524 1489 576 1541 per
594 1479 622 1524 te
639 1469 711 1523 miti·
734 1472 785 1523 utt'.
806 1470 901 1523 Duisb.
924 1486 978 1537 per
995 1477 1021 1521 te
1038 1465 1081 1520 uti
1098 1467 1184 1521 milti:
1204 1486 1278 1520 unus

127 1547 177 1599 Ox.
203 1545 314 1598 oinittit
333 1541 410 1596 midi.
435 1544 518 1595 Vind.
541 1549 564 1599 l.
590 1542 643 1595 Ed.
664 1543 699 1594 11.
726 1558 780 1595 non
797 1541 871 1594 calet
889 1541 1050 1607 fortasse
1074 1543 1191 1592 tontum.
1223 1540 1276 1593 Ed.

127 1617 163 1669 G.
183 1633 234 1668 non
253 1622 358 1667 tontum
375 1613 457 1667 valet.
495 1615 554 1666 Mr.

197 1693 228 1739 ut
249 1701 279 1738 ee
297 1686 390 1752 iprum
407 1684 469 1752 ipse
487 1684 593 1751 videat]
631 1686 675 1737 lta
701 1684 766 1739 dedi
794 1699 830 1737 ex
848 1681 933 1735 Codd.
953 1698 969 1734 o
990 1683 1069 1734 timis
1097 1690 1127 1734 et
1144 1682 1278 1735 vetustis·

127 1758 205 1809 sienis
224 1756 298 1809 Gud.
321 1760 343 1810 1.
363 1757 389 1809 2.
409 1756 496 1808 Maro.
517 1758 590 1808 Mon.
611 1757 637 1810 2.
656 1754 681 1807 Α
722 1793 728 1806 .
749 1753 938 1808 1111111111).
982 1745 1190 1806 01111112.
1212 1768 1279 1822 qut-

127 1837 196 1882 tuor
213 1829 283 1881 Pan.
303 1827 375 1879 Edd.
394 1827 423 1878 P.
443 1826 563 1879 111101).
583 1773 788 1895 Stephuiieod.
808 1824 893 1876 Grut.
914 1822 997 1876 Verb.
1019 1824 1108 1875 Gron.
1129 1822 1200 1874 Dav,
1220 1823 1279 1886 (hic

127 1899 159 1950 in
177 1899 230 1951 Ed.
250 1902 276 1953 2.
295 1898 427 1950 Bentleio
444 1899 593 1951 obsecutus
611 1896 757 1948 deleverat
774 1894 878 1962 iprum)
897 1894 971 1947 oliv.
1009 1895 1141 1947 Proxime
1169 1893 1280 1961 accedit

128 1970 195 2022 001.
216 1969 315 2030 11011,
334 1968 386 2036 qui
403 1968 488 2020 hebet
512 1975 542 2020 nt
561 1983 591 2020 se
610 1966 702 2034 iprum
724 1966 817 2018 videat
835 1964 903 2032 ipre.
932 1966 1007 2016 Mon.
1029 1969 1052 2019 l.
1077 1970 1109 2015 ut
1136 1979 1168 2017 te
1191 1964 1281 2030 iprum

127 2054 158 2091 te
175 2039 278 2091 videat.
299 2038 382 2089 Vind.
404 2043 427 2092 1.
448 2037 501 2088 Ed.
521 2039 556 2088 H.
577 2039 715 2090 ornittunt
734 2038 803 2104 ipre.
840 2035 912 2086 cum
929 2034 1058 2088 Bentleio
1076 2034 1184 2086 habent
1201 2042 1232 2087 ut
1250 2048 1280 2086 te

129 2108 188 2176 ipse
206 2107 302 2160 videat
321 2107 392 2158 Edd.
413 2108 535 2161 HWolf.
555 2108 626 2160 Ern.
645 2108 707 2176 Bip.
728 2107 808 2160 Koel.
828 2106 914 2157 Gesn.
935 2104 966 2155 in
986 2105 1145 2157 Chrestom.
1169 2122 1199 2174 p.
1218 2107 1278 2161 374.

128 2187 189 2230 not.
210 2178 232 2228 *.
271 2179 314 2229 ita
332 2193 401 2230 vero
419 2194 456 2228 ne
475 2177 662 2253 corrigerem,
691 2192 862 2246 quamquem
886 2175 952 2227 sutis
967 2176 1075 2296 placet,
1103 2175 1174 2226 tacit
1191 2176 1281 2228 libro·

130 2265 206 2312 rum,
234 2255 268 2298 ut
285 2247 355 2312 dixi,
380 2248 543 2312 auctoritas,
609 2265 654 2300 sm
677 2248 701 2297 si
719 2248 890 2313 desererem,
917 2244 946 2297 h.
982 2284 987 2296 .
1014 2246 1088 2297 mihi
1113 2245 1282 2300 Ciceronem

130 2319 225 2388 ipsum
243 2319 392 2392 corrigere
410 2318 535 2371 viderer.
598 2317 752 2372 AWolflus
770 2334 837 2369 cum
853 2325 925 2369 vett.
945 2316 1016 2369 Edd.
1036 2317 1166 2385 itemque
1184 2319 1232 2370 Or.
1253 2324 1282 2370 et

130 2387 220 2441 Nobb.
240 2393 272 2439 ut
292 2387 464 2472 eesef'pte
481 2389 587 2472 videat2
624 2389 662 2441 At
680 2405 749 2440 vero
767 2403 828 2440 tete
845 2387 905 2456 ipse
930 2387 992 2458 legi
1019 2387 1094 2456 apud
1110 2387 1282 2440 Ciceronem

110 2466 220 2581 *titii
235 2456 1172 2598 33²553¹t¹5213¹¹1if¹tt¹1?”4¹3¹stituitff'ifflttzfisstt
1188 2458 1283 2581 isit:

132 2599 167 2651 nd
186 2598 308 2651 eundem
325 2599 433 2663 locum,
450 2608 483 2651 ut
502 2616 568 2650 cum
586 2600 798 2669 praepositione
821 2601 861 2652 ite
879 2599 936 2650 dici
960 2614 1041 2668 posse
1060 2597 1207 2664 concedet,
1233 2616 1284 2652 re-

130 2669 188 2724 tuti
206 2669 240 2722 de
259 2671 296 2722 N.
316 2668 350 2719 Ι).
370 2668 423 2722 111.
444 2673 486 2724 14.
505 2672 554 2724 ³6:
574 2685 607 2721 ex
625 2685 701 2723 rese
720 2670 806 2737 ipre.
843 2672 904 2723 Mr.

135 2797 138 2803 1
203 2747 234 2792 at
252 2746 283 2791 ut
301 2738 407 2805 ocutus,
424 2740 467 2791 sic
485 2739 607 2805 animur]
644 2740 710 2792 001.
731 2740 929 2804 (1112011,
952 2757 1020 2793 cum
1046 2750 1172 2811 quatuor
1195 2744 1284 2807 om

132 2825 172 2863 ac
188 2817 218 2863 ut
237 2810 309 2863 Edd.
329 2810 362 2861 A.
383 2811 414 2863 B.
435 2809 463 2863 S.
482 2811 517 2862 Ε.
537 2810 586 2862 Fr.
606 2809 690 2863 Fabr-
716 2811 793 2864 cam.
813 2812 884 2864 Ven.
909 2820 998 2863 nostr.
1016 2811 1080 2863 Asc.
1103 2817 1127 2866 1.
1147 2814 1172 2865 2.
1201 2815 1283 2866 Junt.

110 2899 293 2952 ‚perperam
315 2880 381 2933 eod
400 2880 474 2955 Aug.
494 2880 597 2939 oculos.
617 2882 692 2933 1101.
713 2885 736 2936 1.
758 2889 787 2933 et
805 2898 878 2933 nnus
896 2881 946 2932 Ox.
967 2881 1023 2934 ss't
1048 2882 1164 2933 eninm.
1205 2883 1286 2947 Quod

132 2954 265 3020 sequitur
290 2966 321 3004 te
346 2951 456 3003 omittit
479 2966 553 3002 unus
577 2950 627 3002 Ox.
666 2951 778 3004 nitent
800 2959 897 3003 autem
914 2951 985 3021 Edd
1012 2960 1082 3003 vett.
1110 2959 1176 3001 ante
1196 2954 1284 3005 Grut.

134 3038 211 3086 tem
230 3022 316 3076 codd.
336 3029 501 3074 constanter
519 3034 557 3075 ee.
594 3021 648 3072 Pro
673 3037 728 3072 non
752 3020 828 3073 videt
856 3027 948 3074 autem
973 3039 1047 3072 unus
1064 3020 1114 3072 Ox.
1134 3036 1189 3070 non
1206 3022 1286 3075 videt

134 3093 293 3149 directe.-
320 3093 369 3144 ubi
393 3106 492 3145 rursus
518 3091 578 3142 sive
600 3091 752 3154 eorrectio,
779 3091 840 3143 sive
863 3092 956 3165 glossa
978 3090 1099 3142 extrusit
1122 3092 1286 3161 genuinum

134 3165 313 3216 vocabulum.
334 3166 399 3216 111οκ
417 3163 491 3214 Mon.
514 3163 538 3213 1.
558 3160 632 3228 qnod
648 3160 796 3213 nimium
813 3167 864 3215 eet.
901 3162 977 3214 Tum
993 3160 1048 3213 Ed.
1067 3161 1102 3212 11.
1128 3161 1287 3226 11101100-

135 3250 216 3288 mem.
245 3233 301 3289 MS.
322 3234 354 3284 in
372 3248 462 3304 marg.
482 3229 566 3282 Verb.
587 3231 680 3282 omitia
697 3246 751 3301 pro
769 3231 836 3283 ulio.
875 3233 935 3285 Mr.

207 3323 360 3376 Fortasse:
379 3331 545 3389 quamquem
562 3317 596 3368 id
613 3318 749 3387 quoquot]
786 3320 829 3372 Ad
847 3322 973 3385 sonum
990 3320 1107 3375 subaudi
1126 3320 1286 3374 concidet.

136 3393 229 3446 Verbo
247 3404 409 3460 quamquam
426 3389 459 3440 id
475 3401 579 3455 meoque
598 3388 638 3438 ita
657 3389 781 3458 explicet
795 3390 961 3444 Beroaldus:
981 3391 1128 3457 „Animus
1147 3409 1175 3444 se
1194 3391 1289 3460 ipsum

137 3463 221 3514 modo
240 3461 362 3530 quodum
380 3457 478 3510 videre
496 3455 612 3522 dicitur,
641 3459 752 3527 quando
771 3460 883 3513 scilicet
906 3463 999 3515 noscit
1025 3479 1054 3515 se
1083 3459 1207 3533 ipsum.“
1233 3464 1289 3515 ns·

137 3531 217 3583 thius
235 3531 305 3581 dicit
324 3528 454 3581 omnibus
471 3527 518 3579 his
536 3535 658 3595 quatuor
674 3530 768 3582 verbis
786 3531 861 3582 nihil
880 3530 947 3596 dici,
967 3550 1067 3601 quam:
1094 3534 1219 3597 fortem
1236 3548 1289 3585 non

136 3599 213 3652 videt
236 3601 357 3664 formum
379 3612 468 3662 mom,
492 3597 618 3662 somam
643 3599 719 3652 videt
747 3616 824 3653 eom:
851 3601 926 3669 quod
954 3620 1043 3673 quum
1061 3603 1207 3656 Ciceronis
1226 3621 1289 3655 sen·

135 3671 247 3724 tentiae
265 3677 417 3742 repugnet,
436 3667 523 3719 verbu
541 3668 595 3719 ista
611 3669 707 3739 philos
744 3671 836 3722 hestri
855 3671 1001 3724 cuiusdam
1020 3689 1079 3725 esse
1098 3673 1213 3726 iudicet.
1234 3673 1290 3728 Sed

136 3741 172 3795 ob
190 3741 264 3793 hanc
283 3739 455 3793 sententiam
473 3745 552 3791 recte
571 3738 628 3789 inm
647 3756 732 3812 repre
756 3758 837 3794 ensus
856 3750 898 3792 est
916 3757 932 3792 a
950 3741 1083 3808 censore,
1114 3761 1201 3813 quem
1219 3745 1289 3810 dixi,

136 3813 255 3866 Jeneusi
272 3829 301 3881 p.
321 3812 382 3866 387.
421 3807 494 3860 Male
513 3825 574 3861 cem
593 3808 701 3864 Orellio
730 3811 833 3863 tribuit
850 3809 1012 3864 Kiihnerus.
1050 3815 1094 3867 Ne
1138 3833 1153 3866 e
1181 3833 1216 3868 ex
1241 3815 1288 3866 Or.

138 3882 322 3935 annotatione
340 3881 408 3933 setis
426 3887 505 3948 petet
523 3881 665 3932 sententia
682 3881 786 3935 Rathii.
824 3881 952 3936 Wulflus
971 3892 1066 3937 nutem
1092 3885 1103 3949 (
1129 3885 1202 3950 .A.)
1228 3886 1290 3937 sine

138 3953 221 4003 libris
240 3952 318 4004 dedit
354 3964 500 4016 sompnum
517 3951 641 4015 fortasse
658 3951 692 4005 id
709 3956 828 4023 quoque:
854 3953 938 4021 eique
963 3954 1110 4008 obsecutus
1137 3964 1178 4007 est
1204 3953 1288 4005 Schz.

140 4023 175 4073 In
192 4022 296 4075 scholis
315 4022 337 4074 il
352 4038 367 4074 e
385 4022 420 4074 de
439 4020 615 4073 immutando
632 4023 787 4076 uerborum
807 4022 907 4076 ordine
926 4025 1052 4078 nundum
1076 4024 1192 4075 videtur
1210 4023 1291 4096 cogi-

140 4100 226 4143 tasse:
264 4093 305 4143 ait
332 4092 408 4143 enim
433 4089 614 4143 scribendum
637 4109 710 4146 esse:
747 4093 941 4147 Fortotte!
965 4124 998 4133 -
1023 4096 1071 4159 (sc.
1096 4109 1154 4145 non
1175 4091 1290 4161 viden)

141 4176 305 4229 quamquam
322 4161 355 4215 id
372 4177 476 4230 quoque
495 4160 543 4225 (sc;
563 4162 688 4215 dubitari
705 4164 820 4235 potest).
858 4165 904 4218 Or.
925 4167 1064 4237 explicet:
1093 4179 1291 4234 „quemquam

140 4232 172 4284 11
189 4248 304 4301 quoque
322 4233 388 4284 fleri
405 4240 509 4302 potest,
536 4241 569 4284 ut
632 4279 635 4283 .
656 4252 718 4286 rum
745 4235 885 4302 quendam
902 4236 1002 4288 habeat
1026 4232 1146 4298 enimus,
1175 4236 1292 4304 qualem

140 4321 169 4355 v.
188 4320 214 4355 c.
234 4303 349 4378 fingunt
367 4303 494 4357 Genium
515 4304 634 4358 Etrusci
657 4313 686 4357 et
705 4304 818 4367 Graeci,
845 4308 893 4359 vel
920 4308 941 4358 P
990 4302 1063 4367 hen3
1090 4305 1141 4356 vel
1166 4316 1200 4358 ut
1224 4324 1291 4361 eum

141 4375 231 4429 telem
249 4390 307 4429 esse
324 4373 473 4450 fingemus.
501 4372 613 4428 Additis
631 4384 727 4428 nutem
743 4375 840 4429 vertis
859 4377 909 4432 ud
976 4375 982 4390 “
1018 4389 1113 4430 tamur
1131 4376 1192 4449 ipse
1212 4381 1293 4450 quasi
