2828 5070
576 308 707 374 mom
727 309 772 391 11,
794 309 830 378 e.

289 477 360 540 Nec
380 473 458 539 miti
478 477 612 540 lunonis
635 474 742 540 te'rror
761 473 984 557 implacabilis,

289 562 360 623 Nec
382 560 501 623 to'ntum
522 563 646 623 invexit
668 560 777 624 tristis
798 557 1002 645 Eurysthenis
1022 558 1108 639 moli,

291 646 449 715 Quantum
471 642 534 705 aina
556 664 667 708 oerore
689 643 788 707 Oe'nei
807 654 908 724 portu
933 643 1031 706 e'dr'ta.

122 833 273 886 exantlavi.
295 832 352 887 MS.
374 832 473 886 Guell.
496 832 659 899 erminoni,
678 833 755 904 quod
772 834 872 886 tirmat
891 832 1104 886 correctionem
1118 831 1282 884 nostram.“

122 906 269 961 Erneetue.
307 906 414 975 Recepi
435 920 487 979 ego
508 922 574 958 eum
592 904 639 956 Or.
659 905 848 975 probantibus
868 906 957 957 Herm
988 909 1017 956 et
1036 905 1083 967 iis,
1112 919 1183 972 quos
1208 904 1280 969 dixi,

122 980 289 1030 exanclato.-
308 984 341 1028 ut
354 976 392 1029 sit
406 978 566 1030 sententia:
586 991 654 1042 qaue
671 977 775 1044 pertuli
787 977 936 1029 exanclato
949 992 1064 1042 corpore
1081 983 1161 1040 atoue
1174 975 1278 1029 animo.

123 1048 205 1114 Quod
224 1047 301 1100 mihi
327 1049 444 1118 quidem
473 1047 567 1100 solum
592 1050 747 1116 probatur:
781 1056 810 1100 et
837 1048 1023 1100 consentiunt
1046 1054 1163 1116 praeter
1189 1046 1281 1100 libros

122 1118 252 1173 laudatos
272 1129 332 1172 tres
352 1120 423 1191 OutJ
444 1119 513 1195 Reg.
536 1117 610 1170 Gud.
636 1122 702 1173 1.·1.
724 1118 1004 1172 Gud.Duisb.Edd
1032 1117 1063 1171 C.
1084 1120 1111 1170 Μ
1140 1117 1210 1169 Dav.
1231 1117 1280 1170 Or.

122 1190 195 1247 Tun.
225 1191 258 1242 ln
279 1190 346 1243 coe.
367 1178 514 1243 osmensi.
544 1189 617 1240 ero.
646 1191 792 1243 rewnf.
812 1189 894 1242 sehz.
920 1189 979 1243 nrt.
1006 1197 1048 1242 est
1068 1187 1221 1251 exoneravi,
1249 1188 1281 1241 in

123 1261 204 1314 Brut.
225 1261 305 1330 sylb.
326 1259 434 1315 Sturm.
456 1263 608 1324 exantlato,
628 1262 658 1312 in
679 1262 749 1314 Edd.
771 1262 892 1315 llWoll.
913 1261 948 1312 E.
971 1259 1002 1314 C.
1019 1259 1175 1313 Oliv.Ern.
1189 1259 1279 1314 Nobb.

123 1333 289 1394 exantlari3
308 1333 339 1383 in
359 1333 481 1401 reliquie
500 1340 542 1385 est
562 1335 719 1396 exanclato,
740 1334 797 1385 nisi
837 1332 893 1384 uod
909 1333 980 1406 Aug.
1001 1330 1087 1383 habet
1106 1329 1281 1397 exanclooil3

124 1404 204 1457 eolus
224 1403 291 1456 Cod.
313 1404 399 1458 Merb.
421 1403 507 1457 habet
525 1401 695 1456 extantem.
735 1405 770 1456 ln
789 1352 835 1457 Ei
862 1403 935 1456 Tbn.
956 1404 1030 1456 male
1052 1409 1119 1471 post
1137 1403 1283 1457 exanclato

124 1475 328 1549 distinguitur.
368 1475 448 1539 Quod
471 1491 541 1527 vero
565 1475 720 1537 FAWolf,
751 1477 802 1545 qui
821 1474 896 1558 legit
924 1472 1081 1536 exantlavi,
1115 1474 1146 1525 in
1172 1474 1281 1528 scholio

123 1546 276 1600 contendit
294 1546 446 1598 exanclare
463 1548 604 1615 eorporis,
627 1547 758 1615 perferre
777 1547 866 1600 animi
886 1564 957 1608 esse,
990 1544 1019 1597 id
1039 1545 1081 1596 ita
1105 1562 1209 1597 verum
1228 1552 1281 1612 ert,

122 1625 157 1669 ut
177 1617 280 1669 Cicero
310 1619 340 1669 in
366 1617 444 1687 poesi
470 1625 594 1686 utroque
619 1617 707 1672 verbo
732 1617 768 1670 de
791 1625 916 1687 utroque
941 1615 1070 1687 patiendi
1096 1633 1204 1692 genero
1230 1631 1282 1672 eno

123 1688 189 1742 iure
208 1689 251 1740 uti
272 1689 410 1758 potuerit.
448 1689 507 1740 Mr.
700 1734 701 1737 ,
751 1747 755 1754 ,

194 1759 316 1812 Iunonie
335 1766 429 1812 terror
455 1759 654 1826 implacabilis]
690 1758 788 1825 „Quis
811 1774 939 1828 unquam
963 1763 1101 1810 terrorem
1125 1757 1201 1810 dixit
1228 1757 1282 1811 im·

121 1829 309 1897 placabilem?
346 1829 388 1882 De
406 1829 471 1883 odio
491 1838 520 1883 et
538 1832 581 1882 ira
601 1830 720 1883 lunonis
739 1846 835 1882 sermo
853 1836 911 1881 est:
936 1843 1024 1895 quare
1049 1829 1173 1904 corrigo·
1190 1829 1283 1883 tiden-

124 1907 171 1952 ter
189 1902 293 1964 seruor.
314 1902 384 1955 Hor.
405 1901 453 1953 Od.
472 1906 494 1956 1.
516 1905 553 1958 ¹6.
574 1918 617 1952 me
635 1917 741 1971 quoque
757 1898 883 1966 pectoris
901 1899 1022 1952 tentarit
1041 1900 1170 1965 feruor.
1192 1899 1240 1952 Od.
1254 1904 1281 1956 1.

125 1975 168 2025 13.
197 1988 286 2025 meum
310 1974 422 2036 fervent
441 2005 473 2014 -
493 1972 548 2023 bile
566 1978 649 2025 tumet
674 1971 784 2024 iecur.“
808 1966 985 2023 Boulieriua.
1018 1971 1160 2036 „lunonis
1185 1976 1285 2024 terror

125 2039 201 2094 dixit
226 2061 280 2113 pro
306 2044 409 2095 lunone
436 2043 572 2098 lerribili.
613 2045 788 2113 Quamquam
814 2040 885 2093 haec
908 2057 965 2092 vox
991 2059 1044 2094 nec
1071 2041 1199 2097 Buherio
1228 2059 1282 2098 nec

123 2112 199 2164 mihi
220 2116 287 2167 satis
307 2114 453 2183 probatur.
491 2116 589 2175 Placet
608 2116 655 2167 illi
675 2117 779 2179 feruor,
804 2112 879 2166 mibi
904 2112 1018 2176 furor.“
1042 2112 1155 2166 Nieeen.
1193 2113 1282 2168 Necte

124 2184 268 2239 anolt.
289 2193 427 2238 terrorem
446 2186 487 2238 nit
506 2187 564 2239 dici
585 2187 703 2239 lunonis
730 2186 814 2247 iram,
839 2202 894 2254 qua
921 2182 1043 2236 Herculi
1068 2193 1211 2237 terrorem
1237 2186 1282 2239 in·

124 2258 208 2309 eutit.
245 2259 321 2311 Bene
341 2259 417 2310 idem
437 2267 537 2311 monet
555 2275 655 2312 vocem
675 2264 793 2321 tontum,
840 2273 891 2307 uae
911 2262 954 2307 est
974 2257 1004 2307 in
1023 2254 1111 2308 versu
1131 2264 1281 2327 sequente,

124 2327 256 2380 adhunc
276 2345 388 2397 quoque
429 2330 574 2394 ertinerc;
605 2336 637 2380 ut
663 2274 888 2402 intelligenium
909 2327 959 2380 sit:
998 2325 1054 2379 Nec
1077 2324 1148 2378 miti·
1172 2333 1282 2382 lantum

124 2397 242 2449 Iunonie
261 2405 364 2450 terror.
403 2346 481 2463 guod
501 2416 570 2451 vero
596 2400 636 2450 nit
655 2397 745 2451 Bouh.
774 2397 918 2449 neminem
947 2393 1045 2448 dicere
1065 2402 1203 2451 terrorem
1227 2397 1282 2452 im-

122 2469 299 2536 placabilem,
319 2468 403 2521 adid
423 2469 652 2539 respondendum
674 2477 726 2535 est,
745 2485 918 2539 quamquam
938 2475 1033 2520 terror
1054 2468 1196 2536 explicari
1215 2487 1282 2539 pos-

124 2539 178 2592 eit:
199 2539 246 2590 ira
265 2546 398 2591 terrorem
418 2540 570 2602 incutient,
590 2559 675 2610 quiam
696 2542 769 2592 iram
789 2546 868 2593 cert‘e
887 2554 945 2593 non
962 2540 1057 2591 minue
1076 2539 1282 2605 §inplacabilem

124 2608 223 2662 dicere
240 2617 338 2679 potest
356 2610 458 2663 Cicero
477 2614 571 2673 Poeta,
587 2617 674 2680 quam
693 2603 838 2684 Virgilius
858 2610 927 2663 Aen.
948 2610 970 2662 1.
991 2613 1023 2664 4:
1042 2624 1141 2662 tecuae
1159 2628 1282 2664 memo·

124 2697 195 2732 rem
220 2682 337 2734 lenonie
364 2682 396 2733 ob
422 2681 533 2748 irom3
566 2681 643 2736 haud
668 2690 764 2734 tamen
791 2680 982 2742 incommode,
1011 2697 1076 2732 cum
1095 2679 1124 2732 h.
1146 2681 1165 2734 l.
1186 2689 1282 2737 terror

124 2759 260 2821 ponetur,
280 2752 376 2805 locum
388 2752 529 2821 explicari
549 2754 596 2814 ita,
616 2760 649 2805 ut
668 2751 1000 2826 intelligamurlunonit
1019 2752 1207 2819 implacabilie
1224 2762 1281 2808 ler-

125 2839 227 2877 rorem.
265 2822 407 2876 Iunonem
424 2842 495 2877 vero
520 2824 726 2893 implacabilem
744 2823 804 2876 dici
829 2822 906 2875 baud
925 2824 1018 2894 peius,
1050 2837 1135 2892 quam
1159 2824 1194 2879 ab
1212 2826 1281 2881 aliis

147 2895 218 2944 oetis
237 2893 354 2947 immitia
375 2903 403 2949 et
421 2912 514 2950 coeco.
537 2928 569 2937 -
591 2897 715 2948 Tristem
733 2895 860 2965 explicet
878 2895 991 2948 Nissen.
1012 2910 1147 2961 severum,
1174 2898 1281 2962 ferrem

123 2911 451 3019 iAWolfius‘t'uiieum.
489 2969 543 3020 Est
563 2965 757 3038 Sophocleum
776 2967 898 3034 στυγνός.
928 2966 1043 3020 Nomen
1067 2965 1221 3037 Eurysthei
1247 2969 1281 3022 in

123 3036 193 3090 Cod.
214 3037 282 3113 Reg.
305 3039 444 3090 scribitur
462 3040 618 3094 Eurieteue.
656 3039 717 3092 Mr.
1293 3054 1297 3061 ’

193 3110 300 3161 vecors
320 3109 406 3162 Oenei
424 3119 512 3180 partu
538 3109 628 3176 edito]
665 3109 741 3176 Quae
764 3115 865 3162 nostro
889 3123 995 3171 vecors,
1019 3124 1051 3160 ee
1075 3105 1213 3177 Sophocli
1235 3126 1279 3165 ve.

124 3180 201 3232 1⁰67.
223 3187 266 3229 est
285 3178 411 3239 δολώπις.
450 3183 590 3251 Apposite
610 3181 732 3234 Festus:
761 3181 868 3232 vecors
888 3186 931 3233 eet
951 3177 1060 3231 turbati
1087 3179 1281 3233 1111111111·-

122 3247 179 3300 die.
199 3248 271 3301 Vide
291 3257 318 3300 et
337 3250 456 3302 eundem
477 3253 508 3304 in
527 3252 677 3318 vegrande.
714 3249 806 3302 Andr.
827 3249 943 3317 quidem
962 3249 1098 3301 Daoerius
1117 3267 1280 3319 perperam,

121 3318 184 3373 eine
202 3321 301 3382 corde3
327 3321 471 3386 porticula
495 3323 615 3386 minuil3
641 3336 700 3374 non
724 3320 802 3373 enim
825 3321 1033 3389 privationem.
1064 3320 1113 3372 sed
1138 3321 1280 3376 malitiam

122 3407 173 3442 seu
192 3391 366 3458 pravitatem
388 3391 426 3444 ibi
446 3393 572 3457 denotet,
592 3391 831 3461 quemadmodum
851 3392 937 3443 etiem
958 3390 989 3442 in
1004 3390 1111 3452 Verere,
1132 3391 1203 3444 licet
1218 3410 1280 3447 eam

120 3477 222 3513 vocem
236 3460 335 3513 'aliter
360 3463 574 3534 interpretetur
595 3462 729 3540 Agellius
748 3462 784 3513 N.
805 3463 838 3514 A.
859 3464 893 3527 V,
914 3465 955 3516 li.
993 3461 1158 3514 Notandum
1180 3479 1281 3534 supen-

121 3539 176 3595 cst,
202 3531 328 3585 Oeneum
354 3534 445 3587 luisse
472 3533 625 3589 Deianirae
645 3541 777 3604 patrem,
803 3533 879 3585 unde
913 3533 1009 3601 liquet
1032 3537 1146 3598 portum
1170 3531 1220 3588 hic
1244 3535 1280 3593 de

120 3604 250 3656 masculo
278 3604 346 3668 dici,
372 3622 446 3674 quae
465 3607 615 3660 rarissima
642 3614 685 3659 eet
705 3605 767 3657 eius
785 3603 969 3678 significatio.
1007 3603 1080 3656 Vide
1107 3603 1281 3670 Quinctilio·

120 3690 190 3724 num
211 3675 280 3726 lnet.
301 3675 378 3728 Orat.
399 3676 480 3740 Vlll,
500 3682 525 3734 6.
545 3686 575 3731 et
593 3677 720 3730 Nonium
740 3676 900 3742 inpetere.
937 3673 1056 3727 Graecis
1081 3681 1179 3729 tamen
1203 3678 1280 3740 τόκος

120 3741 178 3794 hoc
196 3744 281 3797 modo
299 3748 472 3816 frequenter
488 3756 656 3816 usurpator.
695 3744 976 3816 Sophoclee‚0edip.
1005 3743 1107 3799 Goion.
1137 3765 1180 3802 ve.
1201 3751 1278 3805 1379.

121 3813 224 3872 01οέως
243 3815 371 3869 ΊῸ’ΚοΣ
391 3819 502 3880 Τυδεύς.
538 3819 579 3872 Et
597 3819 628 3871 in
647 3815 767 3870 Philoct.
789 3835 830 3870 ve.
851 3817 913 3873 632.
951 3815 1077 3884 Λαέρτου
1095 3819 1174 3876 τόκος
1191 3816 1281 3889 Ulye·

120 3901 173 3939 tes.
212 3885 321 3939 lterum
342 3908 382 3941 ve.
405 3893 482 3945 1242.

255 3965 257 3968 ’
287 3961 361 4011 Nlov
378 3960 431 4023 μὲν
449 3960 547 4014 οὐδέν·
565 3959 603 4024 τῷ
621 3957 653 4010 δὲ
671 3962 805 4017 Ποίαντος
824 3951 941 4009 ἹῸ’ΚΩι

121 4029 272 4084 Similiter
300 4029 462 4100 Aeschylus
495 4040 525 4087 et
557 4029 723 4100 Euripides.
769 4028 853 4082 Philo
887 4027 962 4096 apud
990 4027 1149 4082 Eusebium
1179 4029 1279 4104 Praep.
1313 4080 1324 4092 ,

120 4101 231 4178 Eveng.
252 4102 302 4155 lib.
325 4102 371 4154 lx.
392 4117 453 4172 cap.
474 4107 518 4159 24.
541 4098 639 4169 Ἰακὼβ
657 4099 792 4154 οὐτέκνοιο
813 4094 942 4151 ΊῸ’ΚοΣ
958 4100 1058 4171 Ἰωσήφ
1103 4099 1160 4156 Adi
1182 4102 1222 4156 eis
1250 4111 1282 4157 et

120 4171 364 4295 ghi-yconomum
392 4174 501 4228 Homil.
529 4174 576 4227 lv.
605 4174 637 4225 in
667 4170 844 4225 lilatthaeum
876 4170 958 4224 Torn.
987 4170 1026 4224 11.
1057 4189 1124 4249 pag.
1150 4175 1195 4230 24.
1234 4173 1278 4228 ed.

149 4249 208 4296 ton.
246 4245 282 4300 D.
795 4268 798 4273 ·

194 4315 331 4368 Quantum
348 4331 404 4369 uno
420 4332 519 4369 vecors
536 4315 623 4370 Oenei
638 4320 723 4383 parto
741 4314 833 4382 edito]
861 4313 1082 4380 „Phavorinuee
1104 4321 1212 4370 Ttxreav
1228 4334 1279 4370 κο-

122 4386 186 4450 ρίως
203 4381 251 4436 iul
267 4394 401 4453 γυναικός.
424 4421 455 4432 -
470 4389 507 4440 Ὅ
531 4407 594 4457 ηρος
612 4387 643 4439 dt
661 4392 700 4454 ‘ti
717 4395 815 4442 τίκτειν
840 4389 889 4440 καὶ
911 4384 958 4447 lut
974 4385 1077 4456 ἀνδρὸς
1092 4391 1217 4511 λξρῆτοι·
1244 4381 1280 4450 ὡς

124 4451 494 4523 1χειιό·ὄνάθάνοτοςτ
519 4477 599 4518 erro
617 4461 692 4524 Ζεύς.
728 4457 886 4531 Euripide·
909 4455 1006 4534 lpbig.
1035 4459 1067 4512 in
1116 4456 1190 4513 ulid.
1209 4459 1282 4515 47³:
