2828 5070
546 335 676 403 LIBER
696 333 741 415 11,
762 337 813 400 tt.
1205 330 1269 397 566
1357 390 1364 398 .

120 505 194 566 nitu
214 501 394 584 oportebit,
414 509 455 562 ut
476 502 579 562 bonos
600 503 734 578 milites,
755 506 929 562 revocatos
950 495 1146 582 dignitatem
1168 498 1266 559 tueri.

119 586 197 648 Non
223 586 322 647 nimis
348 586 383 645 in
412 583 545 663 Niptris
570 583 630 645 ille
662 584 925 666 sapientissimus
954 579 1114 644 Graeciae
1139 581 1269 643 sancius

122 669 335 743 lamentatur,
357 668 411 729 vel
431 666 559 727 modice
580 668 708 747 potiuss

283 747 481 814 Pedcte'ntim
501 748 640 830 (iuquit)
661 758 693 811 et
714 745 827 811 sedato
855 749 941 826 nisa,

120 937 219 991 dicens
247 935 438 1011 glossatorem
460 934 559 1004 potius
584 933 763 1004 scripturum
788 932 881 988 inisse
898 951 934 988 ex
950 931 1188 1004 praecedentibus
1207 946 1270 985 con·

119 1008 303 1072 stringamus.
342 1007 402 1058 Mr.

192 1077 242 1129 loa
267 1077 410 1129 admonita
436 1075 594 1144 oportebit]
628 1076 694 1130 Post
719 1074 863 1128 admonitu
891 1074 1000 1127 addunt
1025 1071 1116 1125 simili
1183 1073 1212 1124 in

120 1147 192 1201 Oxx.
213 1148 347 1216 (quorum
367 1165 439 1199 unus
456 1146 543 1200 habet
561 1146 727 1208 admoniti)
754 1149 826 1198 lllon.
849 1150 872 1200 1.
893 1148 916 1200 Ἰ.
947 1153 1006 1197 tres
1026 1091 1181 1197 (teotardi
1197 1089 1270 1196 Etd'd.

120 1226 192 1272 vett.
211 1225 278 1272 ante
298 1217 390 1271 Gebh.
427 1218 462 1269 ln
479 1218 562 1270 Vind.
578 1224 601 1272 1.
620 1218 693 1292 Aug.
711 1221 734 1270 l.
754 1216 866 1291 legitur
883 1214 975 1268 simili
993 1215 1141 1267 admonitu.
1161 1213 1272 1284 Optimi

121 1289 301 1358 plurimique
327 1289 395 1340 libri
421 1304 479 1341 non
503 1308 517 1340 a
542 1296 670 1341 noscunt.
697 1286 771 1341 Gud.
791 1291 817 1342 ‘h
845 1284 931 1340 habet
956 1284 1092 1352 oportebit
1119 1285 1272 1337 admonitu.

122 1359 158 1410 ln
175 1360 246 1411 Ven.
266 1362 292 1411 ’λ
320 1366 348 1410 et
368 1358 440 1411 Med.
462 1359 485 1409 l.
536 1358 621 1412 eiskii
645 1365 689 1411 est
711 1357 880 1416 admonitus,
913 1363 942 1408 et
966 1356 1009 1409 sic
1035 1356 1122 1408 etiam
1149 1356 1180 1407 in
1198 1356 1271 1409 Ven.

121 1437 211 1482 nostr.
233 1428 417 1490 Bouhierius,
446 1429 547 1497 quiin
564 1443 622 1481 uno
645 1429 723 1481 heid.
744 1435 774 1481 et
793 1445 843 1480 sua
860 1427 914 1480 Ed.
934 1433 992 1478 vet.
1019 1425 1089 1479 item
1114 1426 1273 1495 reperisset

121 1500 222 1564 simili,
240 1500 271 1552 id
287 1500 336 1553 vel
353 1498 555 1564 obiiciendum,
583 1498 632 1551 vel
650 1499 681 1551 in
700 1498 785 1552 senili
802 1496 862 1561 (vel
885 1495 984 1550 similo
1000 1495 1187 1562 vocabulum)
1207 1513 1273 1548 mu·

121 1571 241 1624 tandum
260 1570 402 1624 censebat.
440 1572 495 1622 Pro
514 1576 658 1623 revocatos
674 1569 801 1622 voluisse
819 1567 891 1619 alios
911 1573 1044 1628 euocatos,
1072 1566 1202 1620 militare
1220 1582 1273 1619 vo·

122 1642 266 1765 lqplnqltnm,
276 1643 390 1763 ἡεῖοιι
408 1639 545 1694 schottus
567 1640 632 1697 1,ο.
660 1657 688 1710 p.
708 1642 777 1697 ³28:
803 1636 907 1708 quibus
930 1654 960 1691 so
983 1653 1042 1691 non
1060 1637 1102 1690 ait
1119 1637 1269 1692 assentire.

154 1729 196 1765 err
212 1727 237 1763 o.
313 1729 336 1763 r.

195 1799 259 1852 Non
278 1799 361 1853 nimis
379 1799 411 1853 in
428 1798 543 1866 Niptris
561 1797 623 1864 ille]
661 1797 729 1851 Cod.
749 1795 832 1850 l'ind.
855 1802 879 1852 1.
904 1796 976 1850 Num
994 1796 1026 1851 in
1042 1796 1157 1865 Neptrie
1176 1794 1271 1852 nimie.

122 1871 211 1925 maro.
237 1887 291 1923 non
314 1871 427 1923 minue
453 1869 587 1938 iniptris
614 1867 687 1931 (sic).
726 1866 954 1921 Minnahabent
979 1868 1067 1921 stiam
1084 1867 1176 1923 liehd
1196 1867 1272 1924 Gud.

121 1959 198 1993 unus
221 1941 286 2002 ΟΜ
312 1941 386 1993 alius
410 1941 503 1993 minio.
542 1939 575 1990 ln
604 1940 742 1992 omittunt
773 1939 830 1991 dno
855 1939 925 1991 Οτι.
950 1944 980 1991 et
1002 1937 1076 2014 Aug.
1112 1940 1195 1992 Unus
1220 1937 1271 1992 01.

120 2012 222 2085 pergit
249 2028 311 2064 non
338 2011 464 2079 imperi
471 2012 505 2063 ie
534 2010 594 2074 itte,
621 2011 670 2063 ubi
699 2011 780 2063 vides
805 2009 958 2061 librarium
986 2026 1087 2062 verum
1114 2011 1273 2063 verbosum

123 2082 312 2150 scriptionem
334 2098 389 2152 pro
413 2082 539 2135 aliorum
565 2081 718 2134 verborum
745 2081 915 2149 compendio
937 2077 1079 2137 habuisse.
1114 2079 1274 2134 Dicebatur

123 2152 177 2205 illa
194 2151 345 2222 Sophoclis
364 2152 474 2206 tabula:
507 2153 615 2220 Ntmpa
642 2151 658 2219 ἢ
676 2150 819 2209 Ὀδυσσεὺς
842 2149 1038 2218 aianeoane..
1060 2152 1274 2227 Argumentum

121 2224 183 2275 fuit
205 2241 282 2276 mors
307 2223 405 2276 Ulixis
431 2223 595 2293 pastinacae
618 2221 734 2293 (piscis)
760 2221 841 2275 radio
868 2222 1013 2293 (τρυγόνος
1037 2223 1154 2290 κέντρῳ)
1179 2222 1232 2273 icti
1256 2238 1274 2275 a

122 2293 194 2347 Tele
215 2311 270 2347 ono
285 2295 358 2359 tilio,
392 2303 425 2346 ut
449 2296 491 2346 ait
508 2293 633 2345 Brunck
659 2295 691 2346 iu
715 2295 862 2367 Fragmm.
883 2291 1018 2361 Sophocl.
1043 2294 1184 2346 Pacuvius
1209 2308 1273 2344 enm

121 2312 250 2416 sabaium
273 2367 392 2417 latinam
418 2367 498 2418 fecit.
534 2366 601 2417 Post
624 2363 758 2417 Graeciae
788 2362 856 2415 eod.
884 2362 982 2415 Duisb·
1011 2380 1065 2432 per
1087 2364 1111 2415 it
1141 2362 1273 2431 graviter

123 2434 244 2486 sauctus.
261 2435 361 2557 Rplutis
380 2437 429 2489 Ox.
449 2435 548 2510 pergit
566 2435 778 2488 lamentabatur.
798 2433 871 2488 Gud.
887 2439 911 2490 1.
926 2437 951 2488 2.
971 2434 1047 2512 Aug.
1091 2434 1151 2491 arb.
1170 2435 1275 2489 tam

125 2511 223 2560 tator.
297 2521 321 2556 r.

194 2591 363 2646 Pedetentim
382 2591 454 2657 etc]
491 2593 650 2658 „Pacuvius
670 2595 701 2647 in
719 2595 834 2665 Niptris
852 2595 960 2647 citetur
977 2612 993 2647 a
1012 2595 1097 2650 Festo
1116 2593 1146 2646 in
1166 2589 1274 2646 Serilla

126 2669 155 2717 et
179 2663 359 2719 auiscttdes.“
382 2665 429 2716 Fr.
450 2665 533 2719 naor.
561 2662 633 2717 Dav.
658 2667 689 2718 in
713 2665 767 2721 Ed.
789 2671 814 2721 l.
843 2666 996 2719 secundam
1020 2682 1121 2718 vocem
1148 2662 1275 2738 glossam

125 2750 187 2786 esse
207 2734 397 2795 existimabat,
424 2735 624 2805 scribebatque
642 2751 676 2788 ac
692 2752 748 2804 pro
767 2742 803 2801 et,
827 2745 861 2788 ut
883 2736 981 2789 laudat
999 2735 1095 2789 locum
1115 2733 1273 2788 Charisius.

124 2801 285 2857 Secundam
312 2805 457 2857 intellirit
481 2820 581 2858 rocem
607 2808 726 2870 verbum
755 2808 804 2869 ite,
835 2824 920 2876 quam
947 2808 1065 2860 tertiam
1088 2804 1217 2876 appellat
1241 2805 1275 2857 in

124 2874 198 2926 Edd.
219 2877 245 2930 2.
265 2883 294 2927 et
311 2879 337 2931 ³.
375 2851 468 2940 „oliti
495 2877 612 2945 quidem
631 2894 688 2929 non
707 2877 825 2930 videtur
844 2876 997 2930 delendum
1017 2878 1065 2942 ite,
1086 2893 1179 2945 neque
1197 2875 1275 2928 Ana·

123 2947 267 3017 paesticos
288 2960 413 3022 agnosco
430 2963 542 3010 versus,
563 2948 611 3000 sed
630 2946 814 3010 Trochaicos‚
842 2957 969 3001 metrum
988 2950 1019 3001 in
1037 2956 1082 3001 tra
1122 2946 1194 2999 ediis
1213 2948 1275 2999 ire-

166 3017 364 3071 entissimum:
393 3018 524 3088 quamvis
551 3019 640 3072 etiam
668 3019 703 3071 G.
722 3019 750 3071 J.
770 3019 887 3071 Vossius
916 3021 948 3071 in
977 3036 1043 3072 ann.
1068 2963 1274 3091 adorragmm.

152 3105 231 3171 regg.
252 3107 280 3157 p.
305 3092 353 3143 too
372 3107 413 3158 sq.
433 3088 636 3158 Anspaesticos
661 3105 720 3142 esso
737 3089 813 3142 velit
836 3105 902 3141 cum
922 3089 1097 3143 camerario.
1135 3087 1205 3140 Sine
1223 3087 1277 3138 dn·

124 3158 172 3210 bio
191 3176 222 3209 nn
240 3157 294 3210 hac
312 3175 395 3211 scena
412 3167 539 3211 metrum
558 3160 616 3212 tuit
634 3176 725 3212 unum
744 3159 892 3228 idemque:
910 3161 991 3228 atqui
1010 3160 1167 3212 inlrasunt
1185 3156 1277 3208 mani-

124 3228 192 3280 festi
205 3227 369 3291 ·troohaici;
388 3227 438 3280 hic
456 3243 527 3280 vero
546 3229 693 3284 obliterati
712 3230 823 3283 omissis
842 3230 954 3300 aliquot
966 3231 1087 3295 voculis,
1107 3245 1180 3299 quse
1197 3226 1277 3280 nihil

126 3298 190 3349 lere
215 3298 328 3350 iaciunt
354 3298 390 3351 ad
413 3299 590 3353 sententiam.
628 3301 697 3354 Veri
721 3300 815 3376 igitur
838 3308 883 3354 est
907 3301 1005 3354 simile
1030 3302 1070 3355 ita
1093 3300 1185 3354 inissa
1203 3298 1276 3353 scri·

124 3374 208 3438 ptum
226 3387 243 3421 a
266 3371 368 3439 poe'ta:
714 3432 715 3437 ¹

291 3465 324 3477 -
345 3467 377 3476 -
399 3470 430 3481 -
450 3469 480 3481 ·-
501 3440 668 3508 pedetentim
685 3440 735 3505 ite,
763 3447 789 3493 et
806 3440 865 3507 len,
883 3457 993 3510 precor,

290 3509 394 3564 Sedato
412 3511 489 3574 nisn‚·
513 3527 547 3563 ne
565 3527 693 3564 succussu
711 3512 836 3579 arripiat
854 3513 946 3566 maior
964 3514 1061 3567 dolor:

124 3580 159 3634 ad
178 3598 250 3652 quae
268 3582 301 3647 ii,
330 3582 381 3651 qui
395 3583 691 3707 &setabantleixem
711 3584 905 3653 respondent:

199 3652 239 3704 Tu
258 3668 366 3719 quoqne,
421 3654 519 3721 lueres,
544 3669 709 3722 quamquam
727 3654 858 3721 grauiter
876 3653 1015 3708 cernimur
1032 3660 1059 3707 te
1076 3652 1172 3723 ictum,
1190 3649 1278 3707 nimie

195 3722 286 3776 Paene
305 3723 398 3776 animo
418 3740 448 3776 ee
466 3723 554 3790 molli,
582 3732 727 3778 consuetae
744 3725 775 3777 in
793 3725 883 3778 armis
902 3741 999 3778 aenam
1017 3725 1127 3793 degere.

121 3808 266 3877 Equidem
286 3813 401 3866 minore
419 3811 489 3865 hacc
507 3813 667 3866 mutatione
685 3813 841 3866 verborum
861 3814 1011 3878 constitui,
1039 3832 1125 3884 quam
1145 3812 1197 3867 alii
1218 3812 1278 3866 viri

124 3880 237 3934 critici.
259 3881 382 3950 Ulysses,
400 3884 539 3936 vocativo
559 3900 636 3947 casu,
654 3900 745 3952 neque
763 3885 869 3938 bonum
889 3892 942 3949 est,
970 3900 1054 3953 quam
1072 3901 1159 3954 supra
1176 3882 1278 3938 Patro·

124 3951 181 4003 cles
200 3967 223 4002 c.
246 3954 288 4005 16.
309 3952 451 4020 quidquid
470 3951 547 4005 dicat
564 3953 720 4008 Bentleius.
758 3956 840 4009 Unus
859 3953 938 4009 held.
957 3953 1043 4008 hahet
1069 3955 1132 4024 qni
1154 3971 1189 4009 ee
1213 3972 1278 4009 con·

121 4023 396 4164 ffieytgssffiniffio
415 4023 618 4099 glossemate.“
636 4023 818 4079 Bouhiert'na.
855 4023 1124 4097 „sapientissimum
1141 4026 1277 4104 intellige

194 4181 366 4235 Pedetentim
385 4180 507 4251 (inquit)
526 4189 552 4235 et
571 4184 667 4238 sedato
685 4184 764 4252 nien]
800 4185 895 4262 Vulgo
914 4187 996 4245 locus
1014 4187 1117 4243 ordine
1136 4189 1276 4243 continno

125 4249 272 4313 scribitur,
291 4254 470 4327 legiturque,
489 4253 661 4308 Praetentinr
681 4257 802 4324 linquit)
825 4258 875 4311 ite
900 4265 927 4312 et
951 4259 1049 4313 sedato
1066 4259 1140 4324 nien,
1164 4275 1198 4311 ne
1215 4274 1276 4311 sua-

122 4335 207 4372 cnseo
225 4323 348 4391 arripiat
367 4324 461 4377 enainr
479 4326 566 4378 dolor.
604 4325 643 4379 At
661 4325 811 4395 Charisius
838 4329 908 4383 lust.
930 4330 1058 4384 Gramm.
1086 4329 1136 4382 lib.
1157 4328 1192 4381 ll.
1218 4327 1274 4383 coh

123 4390 185 4447 190.
205 4391 324 4447 initium
342 4395 385 4448 sic
403 4394 510 4458 laudnt,
536 4396 701 4466 pedetentim
718 4414 753 4451 ac
771 4400 870 4454 sedato
888 4399 962 4455 nisu.
999 4400 1090 4456 Recte
1110 4399 1227 4470 quidem
1245 4408 1276 4454 et

124 4477 204 4529 vere,
224 4463 301 4532 quod
318 4467 445 4545 ostendit
461 4475 606 4537 metrum
624 4486 691 4527 nem
710 4487 812 4527 versus
825 4471 1017 4546 ¹elrrspaestici
1033 4479 1110 4538 sunt,
1133 4477 1168 4526 nt
1183 4468 1275 4528 edidi·

143 3086 149 3105 1
