2828 5070
569 295 696 365 LIBER
716 297 760 378 ll,
797 300 846 363 11.
1217 298 1281 368 tet

125 465 410 541 declamationem,
425 462 573 527 studiose
588 463 742 547 equidem
761 472 843 526 utor
858 463 982 527 nostris
997 463 1120 545 poetist
1144 462 1214 545 sed,
1235 467 1281 529 si-

126 550 204 612 cubi
224 549 274 609 illi
294 546 500 626 deiecerunt,
532 550 622 609 verti
645 548 752 611 multo
774 545 815 609 de
836 545 986 624 Graecis,
1014 564 1056 610 ne
1084 567 1150 631 quo
1183 568 1282 611 orne.

122 724 153 771 et
171 716 261 771 Goth.
281 723 368 784 atque
386 716 418 769 in
437 732 505 770 nnn.
525 712 618 769 Gebh.
656 712 713 769 Sed
735 713 813 769 oliv.
841 720 871 769 et
889 713 952 766 0rr.
972 731 1007 767 ex
1025 729 1059 768 ec
1077 715 1166 768 electo
1183 724 1282 772 enotr-

121 789 203 854 runt]
231 797 260 841 et
304 804 386 841 mnes
413 795 484 842 vett.
510 794 577 841 ente
601 784 692 841 Geth
713 785 842 857 exceptis
860 785 908 850 iis,
955 802 1004 839 uss
1023 784 1162 839 diximus.
1199 788 1281 842 Unns

121 804 381 914 Gebhardi'habet
409 859 494 912 laeto.
531 857 587 911 Pro
615 855 674 910 loeo
698 855 789 910 Rehd.
814 864 845 910 et
866 802 965 932 Duidd.
993 856 1063 922 loco,
1091 857 1122 910 in
1145 856 1220 912 Fet
1246 857 1278 913 (l.

122 931 205 987 Jnnt.
226 939 255 985 et
273 930 337 983 Asc.
358 932 384 985 2.
411 937 454 984 est
473 931 564 993 tocoe3
592 926 665 982 haec
688 942 758 982 vero
784 928 816 980 in
840 943 932 1004 marg.
952 925 1007 981 MS.
1028 928 1088 982 loco
1106 927 1201 983 hahet
1237 927 1281 984 Ds

121 1020 178 1056 usu
196 1021 224 1058 r.
246 1001 315 1066 loco,
346 1007 380 1052 ut
404 1001 478 1054 siti.
500 1018 528 1071 q.
548 1000 633 1064 iusto,
660 1006 737 1070 epto,
766 997 868 1052 idoneo
893 998 968 1061 loco,
995 996 1054 1052 vid.
1073 998 1217 1056 Goerenz.
1246 1000 1282 1055 ad

123 1073 185 1128 cio.
206 1073 241 1125 de
258 1072 345 1127 Finn.
365 1071 413 1124 lv,
436 1077 459 1126 l.
479 1075 504 1127 2.
525 1088 554 1141 p.
575 1073 643 1136 4223
662 1086 714 1123 nos
732 1069 768 1122 nd
787 1069 847 1125 Cic.
867 1068 905 1123 de
922 1069 1013 1146 [regg.
1035 1071 1093 1122 lll.
1113 1072 1156 1126 18.
1175 1087 1204 1140 p·
1217 1073 1281 1128 457.

124 1145 262 1198 Greuner.
290 1143 325 1197 ad
344 1143 466 1198 eundem
485 1142 594 1195 librum
618 1157 642 1198 c.
661 1145 688 1199 4.
712 1159 742 1212 p-
761 1143 823 1197 ⁷11.
854 1141 897 1195 ed.
915 1148 1008 1194 nostr.
1029 1149 1059 1196 et
1078 1141 1126 1196 Gr.
1145 1140 1281 1199 Ochsner.

123 1215 160 1340 ἷᾱ
185 1214 318 1340 Οἰοεὴοιι.
342 1213 466 1291 Eologg.
496 1231 527 1285 p.
551 1214 613 1268 357.
647 1212 691 1266 ed.
719 1216 745 1273 3.
766 1243 798 1256 -
836 1209 905 1266 cod.
933 1211 1005 1288 Aug.
1030 1210 1118 1267 habet
1144 1212 1283 1281 adiunge·

141 1292 199 1338 ont.
272 1301 297 1338 r.

195 1355 266 1410 tanc
283 1354 367 1426 quasi
386 1353 501 1409 senilem
518 1352 766 1420 declamationem]
802 1354 885 1408 Unus
909 1351 959 1408 01.
979 1351 1038 1407 boe.
1059 1353 1150 1410 Rehd.
1170 1354 1283 1408 omittit

124 1428 218 1499 quoti.
261 1426 305 1482 Ad
332 1427 506 1482 sententiam
531 1428 570 1479 ci.
599 1443 685 1495 sopra
705 1425 727 1478 1.
748 1429 773 1482 4.
795 1427 827 1480 t:
855 1430 887 1478 ut
908 1456 940 1468 -
959 1431 1043 1479 oeteo
1066 1425 1284 1482 declamitabam

123 1515 228 1553 causor
246 1518 296 1552 -ε
324 1497 367 1550 ae'c
386 1496 454 1550 boec
476 1513 547 1550 noue
569 1495 758 1550 mitescatis
781 1501 825 1550 est
841 1495 1018 1550 declamatio.
1039 1530 1073 1541 -
1110 1496 1282 1552 Declamatio

125 1569 245 1625 ennth.
267 1569 521 1640 [disputationes
545 1567 774 1638 philosophicae.
819 1566 931 1622 Senties
957 1566 1076 1635 dicitnr,
1106 1569 1151 1622 eit
1173 1567 1281 1636 tete,

167 1643 202 1695 'e
216 1641 316 1697 eodem
341 1640 459 1695 nomine
485 1639 638 1694 dicebatur
660 1639 830 1694 exercitatio
856 1637 921 1704 ills,
946 1655 1002 1710 qua
1023 1641 1124 1712 pneris
1148 1640 1180 1694 in
1204 1638 1282 1696 ludis

147 1721 193 1767 cte
217 1710 355 1784 quaedam
378 1710 507 1765 themata
532 1710 692 1781 praescribi
719 1709 859 1775 solebant,
889 1709 993 1779 quibus
1020 1711 1057 1765 ad
1084 1710 1282 1780 eloquentiam

124 1785 203 1838 riam
222 1784 278 1838 sibi
296 1783 475 1836 muniebant.
511 1781 612 1859 Pergit
628 1779 719 1839 liehd.
743 1780 869 1834 studiose
895 1785 962 1834 ator
979 1781 1107 1851 equidem
1122 1782 1215 1850 poetis
1233 1799 1284 1837 no·

125 1854 206 1911 atris.
225 1854 325 1909 Duiob.
346 1854 458 1908 omittit
476 1869 546 1906 cnm
560 1869 618 1907 uno
637 1854 689 1911 Ox.
709 1851 759 1907 sed
775 1850 828 1918 sic,
846 1858 876 1907 et
891 1849 980 1907 babet
997 1853 1117 1907 nonnisi
1133 1852 1191 1907 obi.
1221 1855 1281 1907 Mr.

199 1942 281 1997 Verti
304 1941 395 1995 erim
416 1941 506 1993 molto
525 1940 558 1993 de
577 1939 709 2008 Graecis]
743 1939 914 2007 „Lectionis
932 1939 1022 1993 huius
1042 1948 1138 1995 custos
1156 1941 1283 1996 Victorii

125 2013 225 2077 editio,
245 2030 332 2083 quam
350 2012 505 2066 adstruunt
522 2011 595 2065 Pell.
614 2020 683 2066 tert.
705 2019 798 2083 qnart.
819 2012 913 2082 quint.
934 2008 983 2066 ned
1001 2012 1057 2067 reli
1078 2011 1111 2064 ni
1135 2011 1191 2065 duo
1208 2017 1283 2066 certe

124 2100 180 2157 pro
198 2083 251 2137 vul
272 2092 319 2138 ato
338 2084 431 2151 ipse.“
450 2081 589 2137 Gebhard.
628 2084 734 2150 „Enim
751 2081 861 2139 hebent
878 2081 947 2137 God.
966 2083 1009 2138 lle
1031 2123 1038 2135 .
1058 2029 1115 2137 duo
1128 2083 1283 2138 heldenses

123 2163 155 2210 et
177 2174 241 2211 mea
277 2154 317 2209 nd
340 2163 398 2208 ret.
420 2154 538 2209 Tertius
563 2154 712 2210 heideneie
736 2152 824 2209 habet
849 2159 936 2219 cerie,
958 2172 996 2224 qu
1051 2154 1181 2226 placet.“
1207 2155 1284 2208 Bou·

123 2223 197 2281 bs’er.
235 2227 324 2294 „sat
351 2226 442 2281 sicubi
467 2225 513 2279 itti
537 2225 703 2291 defecerunt.
743 2223 806 2290 [lte
832 2224 971 2278 videlicet
992 2224 1065 2278 Ern.
1095 2242 1162 2278 cnm
1189 2224 1283 2282 Gebh.

123 2297 207 2354 Verb.
233 2299 321 2369 plane
345 2299 435 2351 distin
479 2304 560 2351 entes
585 2304 650 2367 post
674 2295 853 2363 defecerunt]
883 2295 1025 2362 „Clarum
1050 2305 1094 2350 eet
1117 2295 1166 2348 hic
1185 2296 1284 2352 deesse

122 2370 257 2435 verbnm,
277 2369 353 2439 quod
370 2386 427 2438 pen
448 2375 495 2421 ent
512 2384 528 2420 e
546 2367 610 2421 Sed.
630 2383 734 2437 nempe
752 2367 862 2421 excidit
887 2366 1023 2434 externit,
1048 2368 1081 2420 in
1098 2366 1191 2420 line.“
1227 2367 1284 2420 lle*-

124 2446 225 2494 nestue.
262 2440 300 2492 Ei
318 2441 425 2492 merito
444 2452 530 2492 nemo
557 2437 711 2492 obsecutos
730 2446 783 2491 eet.
820 2438 881 2492 Mr.

199 2509 284 2564 Verti
302 2509 376 2580 ipse]
412 2508 510 2584 Vulgo
528 2508 601 2561 oerts'
618 2507 704 2562 enim.
742 2506 799 2564 Sed
817 2515 934 2564 veteres
952 2507 1045 2564 editos
1063 2525 1179 2585 sequor,
1210 2526 1283 2582 qnos

124 2579 294 2637 Gebhardns
314 2582 389 2634 mele
407 2578 543 2664 deseruit.
558 2650 565 2664 ·
580 2579 619 2632 D.
899 2649 906 2664 .
1009 2650 1016 2664 ·
1149 2651 1156 2666 ι
1211 2651 1217 2666 ι

122 2648 795 2787 ...retiretlette*itte.
812 2653 1282 2797 ztoettuzttttzt

124 2791 182 2847 hoc
204 2794 331 2847 voluisse
355 2789 514 2847 censendus
541 2799 586 2846 est
604 2792 722 2846 Cicero:
750 2793 796 2846 nti
822 2811 854 2848 se
883 2793 1010 2850 studiose
1038 2793 1156 2866 quidem
1180 2796 1282 2850 latinis

124 2865 235 2937 poetis;
254 2863 303 2919 sed
321 2872 391 2917 tinne
408 2871 534 2928 tantum,
563 2880 631 2917 cum
649 2881 665 2918 e
684 2862 802 2918 Graecis
819 2863 898 2919 nihil
915 2874 1058 2938 suppetet.
1096 2866 1185 2922 Mults
1205 2869 1284 2922 enim

124 2954 142 2989 e
159 2952 189 2990 se
206 2954 290 2991 veroa
309 2953 370 2990 esse
389 2936 424 2990 de
442 2935 571 2999 Graecis,
601 2951 675 3007 quae
697 2934 842 2991 ornandae
860 2935 994 2990 adhibeat
1012 2938 1130 2992 Latinae
1148 2938 1283 2992 orationi.

123 3007 179 3061 Pro
198 3007 363 3074 Davidem,
382 3024 469 3078 qoem
488 3007 662 3077 recepimus,
682 3007 809 3062 lectione
821 3015 899 3062 stant
914 3009 1059 3063 Manutius
1072 3017 1101 3062 et
1118 3009 1273 3063 Lambinus

124 3095 161 3133 ex
184 3097 242 3150 qua
266 3079 385 3133 elicitur
414 3095 512 3132 sensus
542 3078 614 3132 item
634 3077 802 3132 commodus
821 3087 850 3133 et
867 3079 1015 3151 apertos.“
1035 3079 1133 3133 Olivet.
1177 3047 1284 3145 „llend

124 3156 298 3202 cunctanter
316 3149 398 3225 legor
433 3149 601 3213 defecerunt,
624 3148 698 3202 verti
721 3147 835 3202 etiam
858 3150 954 3204 molto.
996 3151 1092 3203 liliam
1116 3167 1183 3204 cum
1210 3151 1284 3205 enim

124 3236 208 3342 {3³3⁰
228 3221 459 3344 ctttnfueuma·dut
476 3219 757 3343 Finssrss:8123351310'²
786 3221 885 3306 l’ostea
907 3220 1113 3345 Davisiuffiset
1136 3222 1219 3344 {ij
1247 3237 1284 3276 ex

125 3307 346 3428 [voluilndgdeld
366 3306 580 3416 enhiztevffiio
599 3305 669 3426 ‘End'
691 3307 851 3415 varidgddn
866 3306 1284 3429 adeffeedductodeedm'ie’dd

103 3449 224 3502 ‚rernm
244 3432 401 3486 lectionem
419 3439 569 3503 potarem:
589 3432 666 3486 certi
682 3433 767 3486 mtto
786 3433 821 3486 de
836 3432 985 3488 Graecis.“
1004 3433 1117 3488 Nissen.
1146 3434 1283 3489 Reiskine

124 3511 191 3576 post
209 3503 368 3568 defecerunt
387 3504 485 3629 defice
503 3504 688 3558 existimabat
705 3503 785 3559 meis.
824 3502 905 3572 Quod
923 3520 981 3559 non
1000 3504 1107 3560 melius
1125 3513 1170 3578 est¹
1187 3506 1283 3560 Erne-

125 3576 219 3629 stiano
244 3575 379 3631 externis.
451 3590 475 3627 r.
684 3573 691 3588 '

193 3664 267 3718 certi
292 3664 380 3717 multo
408 3663 442 3716 de
470 3661 600 3730 Graecis]
636 3661 736 3718 Placet
762 3664 880 3734 quidem
904 3663 983 3733 ipse.-
1014 3664 1066 3720 ssd
1091 3681 1159 3720 cum
1182 3663 1282 3721 nullus

123 3733 210 3803 plane
229 3735 307 3789 liber
324 3734 380 3789 MS.
401 3733 505 3790 hebent
523 3735 593 3802 ipse,
612 3735 669 3788 reli
711 3735 722 3786 i
739 3734 884 3789 fluctuent
902 3737 981 3790 inter
999 3735 1073 3790 enim
1099 3736 1182 3810 (ling.
1204 3735 1280 3790 Gud.

125 3810 149 3859 1.
170 3807 196 3859 l.
215 3806 287 3890 Aug.
308 3803 398 3860 llehd.
420 3804 497 3860 Gud.
524 3805 610 3858 Vind.
628 3809 655 3860 1.
671 3752 767 3862 qdern
794 3813 919 3874 quatuor
937 3805 1022 3873 0¹¹.)
1046 3814 1076 3861 et
1100 3814 1174 3860 certe
1193 3804 1281 3872 (Mon.

123 3880 150 3930 1.
168 3875 218 3939 2),
237 3877 289 3928 ahi
308 3885 446 3931 neutrum
464 3875 598 3947 habeant,
617 3883 651 3928 ut
668 3874 767 3929 Duisb.
786 3874 871 3929 Vind.
882 3881 907 3933 l.
925 3873 984 3932 MS·
1003 3875 1035 3930 in
1053 3894 1145 3953 marg.
1164 3875 1228 3930 Asc.
1243 3878 1282 3945 2,

122 3944 212 3998 facile
239 3947 378 4000 adductus
410 3963 484 4013 eum,
516 3954 550 3998 nt
576 3945 750 4016 particulam
774 3950 904 4018 spuriam
929 3947 1126 4004 existimarem
1152 3965 1281 4019 eamque,

123 4015 261 4070 euadente
274 4018 418 4082 Nissenio,
437 4035 504 4071 cum
515 4017 660 4073 FAWolf.
675 4016 758 4072 Koel.
772 4017 819 4071 Or.
831 4017 905 4073 Tbn.
921 4018 1058 4085 delerem,
1078 4017 1155 4090 qnod
1170 4021 1281 4074 factum

121 4086 227 4158 probet
253 4090 341 4141 etiam
368 4089 510 4143 Goerenn.
539 4087 575 4141 nd
595 4085 656 4145 Cic·
681 4086 768 4142 Anat.
787 4087 825 4141 11.
851 4092 896 4146 lt.
915 4091 959 4146 43.
983 4093 1076 4217 pivbll.
1112 4088 1146 4144 ld
1189 4091 1281 4144 eiam

121 4158 237 4228 pridem
262 4162 397 4213 fecerunt
423 4159 495 4214 Edd.
514 4159 549 4214 E.
569 4158 677 4212 Aldine
703 4158 825 4224 Reiskli,
853 4157 962 4215 Sturm.
1058 4159 1110 4219 oli.
1165 4179 1184 4214 n
1206 4162 1280 4214 Ven.

123 4237 214 4281 nostr.
234 4231 299 4286 Ald.
320 4236 346 4287 l.
367 4233 393 4284 ².
413 4232 495 4283 June.
515 4233 607 4283 Venn.
634 4237 664 4284 et
681 4227 773 4285 Medd.
801 4229 913 4284 lleiskii
932 4239 976 4285 est
993 4232 1079 4298 euim,
1107 4232 1138 4284 in
1156 4230 1280 4303 reliquis

123 4297 199 4363 ipse:
218 4302 359 4356 nimirum
379 4302 410 4354 in
430 4308 500 4356 vett.
538 4302 612 4354 Nam
632 4300 705 4355 enim
722 4299 830 4355 habent
848 4299 940 4355 Gebh.
959 4302 1031 4355 Em.
1050 4303 1137 4358 Verh.
1173 4303 1228 4352 Pro
1246 4300 1281 4353 de

124 4367 224 4421 Duisb.
243 4369 370 4428 habete.
401 4371 444 4426 De
462 4370 526 4425 illis
549 4373 626 4425 conf.
644 4370 776 4426 Ellendt.
795 4371 831 4428 de
848 4374 958 4429 munt.
979 4373 1096 4428 Condit.
1115 4371 1199 4441 p.1e.
1219 4369 1279 4424 Mr.

196 4453 230 4490 ne
253 4456 306 4508 quo
329 4442 512 4510 ornamento]
546 4442 591 4497 Ad
615 4443 788 4498 sententiam
813 4444 852 4498 cl.
878 4443 1010 4500 lliihneri
1035 4443 1144 4496 librum
1162 4438 1199 4495 de
1217 4438 1278 4494 Cio.
