2828 5070
543 298 675 363 LIBER
695 300 723 374 1,
745 299 795 365 17.
1186 298 1246 364 lat

88 466 233 537 1111111101,
255 484 359 545 quum
379 487 397 529 e
419 485 562 548 corpore
584 466 797 543 excesserint,
818 467 888 528 aive
910 466 962 527 illi
982 464 1052 526 sint
1071 463 1244 541 animales,

88 546 129 610 id
149 555 201 610 ast
221 548 407 628 spirabiles,
428 550 502 611 sive
523 549 626 631 ignei,
654 547 795 609 sublime
816 549 916 609 terri:
945 549 975 609 si
1002 565 1083 609 vero
1104 555 1163 608 aut
1184 551 1285 607 1111-11

91 679 190 733 luatur
207 687 250 732 est
267 680 411 747 pellantur
429 680 461 732 in
480 680 567 734 Codd.
628 679 865 733 atnor0r1.Au
889 719 894 730 .
916 679 988 732 Gud.
1009 679 1081 732 Edd.
1110 677 1244 732 1).Α.Β.

90 749 120 802 8.
141 749 176 802 D.
198 749 275 802 Cam.
295 751 366 804 Ven.
385 758 477 803 nostr.
497 697 669 804 Justdded.
690 749 754 803 Ald.
775 753 802 816 (a
825 789 831 802 .
878 750 939 817 sk.)
961 749 1014 803 Ed.
1035 750 1069 802 ll.
1095 749 1182 804 habet
1200 767 1243 804 re-

88 820 238 888 pellentur.
276 819 320 873 Ad
337 840 365 874 r.
384 827 510 874 constent
530 821 707 876 FAWolllus
727 822 758 872 iu
777 767 900 874 scdsolis:
921 828 1052 873 constare
1070 822 1193 872 dicimus
1212 821 1244 871 in

91 907 151 960 quo
173 907 273 944 omnes
298 893 492 946 consentiunt.
531 892 672 961 Sequitur
694 892 726 944 in
751 890 820 944 cod
845 891 930 944 vind.
953 896 977 945 1.
1007 890 1084 944 debet
1103 905 1163 941 esse
1178 905 1244 956 pes·-

89 962 223 1030 sps'cssssss.
243 963 317 1013 bion.
339 967 363 1016 1.
385 963 488 1016 debeat.
522 965 587 1016 Mox
606 979 621 1014 e
638 968 706 1015 ants
723 978 840 1029 comare
858 962 936 1016 abest
954 960 989 1014 ab
1007 977 1065 1014 uno
1083 960 1133 1013 01.
1173 961 1244 1012 Gor·

89 1032 211 1101 poribus
229 1031 369 1084 scribitur
388 1035 419 1085 in
438 1033 507 1089 Cod.
528 1031 612 1087 Vind.
635 1038 658 1088 1.
680 1041 711 1086 et
727 1032 780 1084 Ed.
801 1031 837 1084 H.
874 1033 935 1086 Mr.

164 1102 310 1156 Animales
327 1102 357 1155 id
376 1112 420 1157 est
430 1104 591 1174 spirabiles]
617 1103 688 1187 Req.
709 1112 738 1157 et
750 1103 842 1155 vatic.
864 1103 1059 1171 spiritabilem
1077 1101 1134 1155 Pal.
1148 1108 1241 1171 quart.

92 1172 255 1241 spiritale„
275 1173 401 1228 Petraea.
421 1175 586 1242 spirituales
592 1192 601 1237 ς
619 1191 653 1227 ac
672 1181 713 1227 rts
731 1172 888 1249 legendum
908 1175 1071 1229 coniecerat
1083 1172 1245 1225 anusGss·

92 1243 235 1297 lielmius.
272 1245 394 1298 Frustra
419 1246 534 1314 quidem
564 1255 592 1299 et
620 1244 776 1297 immerito.
823 1245 931 1298 Noster
959 1262 1020 1315 cap.
1049 1244 1145 1296 xxlx.
1186 1243 1245 1295 Fac

92 1315 214 1381 ignem,
232 1317 279 1379 suc
297 1314 473 1386 spirabilem.
499 1318 549 1371 Sic
567 1323 597 1369 et
614 1315 692 1368 alibi.
730 1315 850 1368 Servius
868 1314 904 1368 ad
922 1316 991 1368 Aen.
1013 1315 1147 1380 111,6611.
1178 1311 1244 1382 Spi-

92 1385 197 1451 rabile,
215 1386 309 1451 oitah,
338 1403 391 1455 quo
415 1389 567 1455 spiramus,
592 1394 619 1440 et
646 1391 688 1439 est
715 1401 806 1438 sermo
824 1386 984 1452 Ciceronis,
1011 1400 1172 1456 quamquam
1194 1382 1244 1437 ilis

92 1455 257 1526 spiritabiles
275 1456 383 1509 dixerit
406 1457 538 1511 inlibris
560 1457 730 1510 deDeorrsss
747 1461 859 1510 autera.
896 1456 1087 1527 Empedocles
1115 1474 1151 1511 ex
1175 1468 1243 1509 scr·

93 1527 177 1580 sione
196 1524 341 1580 Chalcidii
359 1528 392 1579 in
409 1527 561 1582 Timaeum
573 1527 601 1592 -§.
623 1533 665 1582 11.

197 1627 200 1631 ·
260 1597 411 1652 llsmoren
429 1599 547 1669 liquido,
565 1605 662 1652 nostro
681 1598 819 1670 spirabile
837 1600 914 1663 1111111.
1334 1636 1339 1645 -

92 1665 229 1721 Eundem
246 1685 363 1722 versum
382 1669 519 1722 nonnihil
538 1671 724 1723 immutatum
750 1671 866 1740 profert
888 1669 909 1736 6.
931 1669 1050 1724 CCXVI.
1088 1666 1245 1723 Aberrsvit

93 1754 165 1805 raro
183 1738 213 1790 Ρ.
233 1740 393 1804 Mauricius,
412 1741 463 1809 qui
481 1749 542 1793 tres
562 1740 681 1794 ultimas
701 1755 786 1794 voces
806 1740 994 1795 Glossematis
1012 1739 1166 1792 damnavit.
1204 1737 1242 1793 D.

165 1807 312 1874 animales,
337 1810 379 1862 s'd
405 1815 458 1864 eal
482 1810 700 1878 spirabiles]
751 1811 806 1876 Qui
832 1811 942 1886 glossas
967 1816 1122 1873 venantur,
1155 1806 1244 1860 facile

93 1879 123 1932 b.
139 1878 159 1931 1.
180 1880 237 1933 sibi
262 1879 321 1934 tale
370 1880 421 1934 uid
444 1878 667 1950 deprehendisse
691 1889 813 1952 possunt
831 1881 937 1946 rideri,
961 1881 986 1932 si
1010 1880 1075 1932 loco
1101 1878 1193 1930 idest
1212 1877 1244 1928 in

94 1966 151 2003 nuo
169 1951 220 2004 01.
241 1949 304 2025 legi
317 1899 451 2004 'viderint
469 1959 505 2017 el,
525 1953 557 2004 in
574 1952 632 2005 alio
651 1952 720 2017 siue,
739 1953 771 2004 in
790 1954 864 2004 Mon.
884 1954 910 2007 1.
930 1951 981 2003 uel.
1019 1948 1149 2012 Accedit,
1168 1945 1246 2016 qnod

94 2019 232 2075 contendi
249 2029 354 2089 potest,
381 2021 559 2087 Ciceronem,
589 2024 614 2075 si
632 2022 774 2077 voluisset
799 2022 947 2091 explicare
973 2036 1073 2073 vocem
1096 2018 1244 2083 animales,

94 2091 127 2144 id
144 2099 225 2145 certe
243 2094 392 2145 facturum
409 2093 498 2147 ulisse
517 2108 550 2146 eo
568 2093 643 2158 loco,
662 2093 712 2146 ubi
730 2094 860 2163 primum
879 2110 942 2145 eam
959 2092 1073 2161 posuit:
1101 2091 1244 2143 nimirum

131 2161 195 2215 ulto
222 2164 363 2245 superins,
386 2163 436 2216 ubi
458 2171 502 2218 est
527 2178 583 2216 una
608 2163 703 2230 ignea,
730 2163 823 2217 altera
842 2163 981 2216 animalis.
1019 2162 1059 2213 Et
1082 2169 1161 2215 carte
1185 2160 1244 2213 ism

121 2234 313 2286 ,Maaucruss
351 2234 518 2300 „Fortssse,
545 2232 630 2298 dixit,
653 2233 709 2287 hoc
728 2237 817 2287 etiam
842 2233 1071 2304 supposititium,
1100 2232 1133 2283 ab
1152 2233 1245 2284 inter-

116 2310 229 2356 retsnte
246 2304 413 2372 proximum
431 2306 552 2357 verbum
577 2304 713 2357 animalia
738 2302 945 2357 inculcatum.“
981 2301 1037 2355 Sed
1062 2310 1159 2354 tsrnen
1178 2317 1244 2351 cum

94 2321 214 2427 Davisio
233 2372 371 2427 servanda
389 2391 490 2429 censeo
508 2376 605 2445 verba,
624 2392 698 2444 quae
722 2372 779 2427 hoc
806 2374 870 2426 loco
898 2372 1077 2425 commodius
1097 2370 1244 2438 explicant

95 2445 181 2498 illam
198 2460 310 2509 vocem,
337 2463 424 2515 quam
442 2463 537 2515 supra.
574 2446 704 2499 varietas
722 2452 818 2498 autern
836 2444 972 2497 lectionis
1000 2443 1031 2494 in
1049 2441 1163 2494 voculis
1181 2437 1245 2509 ple-

96 2533 220 2584 rumque
248 2515 418 2583 compendio
446 2517 564 2586 scriptis
583 2515 661 2569 nihil
688 2531 807 2568 morere
824 2515 909 2568 debet
926 2513 1114 2582 suspicionis:
1147 2525 1244 2581 quam-

95 2603 183 2656 quam
201 2585 322 2639 Rathius
342 2594 454 2655 quoqne
473 2588 508 2640 ad
524 2586 554 2639 h.
570 2587 591 2638 l.
629 2585 825 2655 „Explicatur
850 2586 956 2654 itaque,
974 2585 1056 2649 dicit,
1083 2582 1154 2652 qnid
1178 2579 1244 2633 assi·

95 2656 167 2709 11ιαὶ1
185 2655 234 2721 sit,
264 2673 302 2708 sc.
322 2655 469 2723 Spirabile
491 2665 521 2710 et
546 2672 614 2709 mox
637 2674 661 2709 c.
682 2659 723 2710 18.
746 2656 926 2717 enucleatur,
954 2655 1025 2725 quid
1043 2652 1179 2722 spirabile
1197 2652 1244 2719 sit,

95 2744 134 2781 sc.
155 2726 290 2780 animale:
315 2735 344 2780 et
363 2723 393 2778 id
410 2728 506 2798 ipsum
531 2726 656 2780 animale
673 2725 773 2795 paullo
791 2735 859 2780 ante
883 2729 944 2779 sine
969 2725 1031 2782 ulla
1050 2724 1245 2794 explicatione

96 2799 218 2874 legitur.
255 2797 416 2866 Utrobique
435 2799 534 2868 inepta
551 2796 623 2850 haec
649 2796 855 2867 interpretatio
883 2795 1046 2855 inducenda
1064 2794 1154 2849 est:“
1184 2812 1245 2849 me-

96 2872 156 2922 rito
184 2870 241 2921 iam
269 2867 461 2938 reprehensus
486 2867 657 2931 accusare,
682 2884 767 2937 quem
786 2884 844 2920 non
863 2867 951 2922 semel
975 2867 1098 2933 laudavi,
1127 2865 1245 2919 Jenensi

97 2941 176 2996 1806.
196 2942 240 2994 49.
267 2956 295 3007 p.
316 2941 377 2994 387.
415 2937 560 2990 Scribitur
586 2945 683 2991 antem
708 2938 884 3005 spiritabiles
911 2941 942 2991 in
959 2955 1017 2991 uno
1038 2938 1087 2990 01.
1117 2945 1147 2991 et
1174 2936 1243 2990 God.

96 3011 168 3087 lieg.
188 3009 277 3078 idque
316 3009 428 3063 lacebat
445 3007 619 3062 Bouhierio:
639 3025 811 3078 quamquam
830 3009 965 3078 equidem
984 3008 1060 3060 illud
1079 3008 1176 3076 ipsum
1193 3021 1245 3060 vo·

96 3080 241 3143 eubulum,
260 3098 276 3132 a
294 3027 397 3133 des-vio
415 3078 458 3143 (in
476 3078 583 3131 Annot.
603 3078 731 3144 Davisii)
750 3078 886 3132 Ciceroni
903 3079 1095 3142 vindicatum,
1120 3078 1151 3128 in
1170 3076 1246 3128 libro

95 3152 132 3206 dc
155 3151 191 3203 N.
210 3148 245 3200 D.
267 3150 304 3201 11.
325 3167 349 3203 c.
368 3151 394 3204 6.
420 3158 493 3204 extr.
521 3149 638 3202 nonnisi
665 3149 697 3202 in
723 3165 782 3201 uno
813 3149 880 3202 Cod.
903 3148 994 3201 Rehd.
1014 3147 1086 3211 vidi,
1115 3152 1145 3199 et
1172 3143 1247 3212 apud

98 3225 195 3292 ipsum
212 3220 345 3275 Servium
364 3219 416 3274 alii
435 3219 539 3296 legunt
557 3219 698 3288 spiritale,
717 3218 794 3288 qnod
811 3220 907 3287 ipsum
927 3226 970 3271 est
993 3215 1122 3270 cadentis
1148 3213 1246 3266 latini-

97 3294 176 3345 tatis.
212 3291 259 3343 Ex
278 3308 311 3345 eo
329 3305 399 3345 vero
419 3300 449 3344 et
466 3290 608 3344 adiectivo
626 3288 775 3357 spirabilia
794 3288 984 3342 Ciceroniana
1004 3286 1158 3340 conflatum
1184 3284 1246 3338 exi-

97 3364 185 3416 stimo
209 3378 309 3416 vocem
334 3360 423 3414 nihili
444 3360 632 3428 spiritabilis.
672 3360 807 3414 Ceterum
832 3360 867 3412 de
893 3358 1083 3413 Ciceroniano
1108 3353 1246 3409 vocabulo

96 3434 136 3486 cf.
157 3432 291 3488 Ochsner.
312 3432 348 3485 ad
366 3431 426 3486 cic.
446 3431 569 3506 Eclogg.
591 3431 634 3484 ed.
655 3433 791 3499 31131.
828 3430 887 3482 Mr.

169 3503 283 3557 sublime
300 3503 386 3569 ferri]
421 3504 540 3569 „Vetus
559 3501 619 3553 cod.
640 3500 781 3553 hebetia
804 3500 917 3554 sublime
943 3499 1025 3564 ferri,
1052 3496 1129 3567 quod
1152 3496 1246 3572 inagis

97 3574 205 3645 placet,
231 3575 298 3643 quia
328 3591 414 3644 supra
442 3573 517 3626 dixit
541 3572 576 3625 s‘n
593 3572 734 3624 caelestem
757 3570 875 3626 locum.“
896 3570 1028 3625 Ursinus.
1066 3570 1146 3624 ldem
1172 3567 1247 3622 reci·

97 3645 236 3715 piendum
254 3644 349 3697 visum
368 3651 411 3697 est
429 3643 566 3707 Ernesto,
586 3659 653 3695 cum
671 3643 702 3695 in
722 3639 790 3698 cod.
811 3641 908 3694 Gueli.
930 3649 960 3695 et
978 3640 1050 3694 Edd.
1070 3641 1141 3694 Med.
1162 3640 1244 3694 Juns.

98 3715 165 3770 Ala.
185 3715 216 3768 ia
233 3715 362 3768 additum
380 3715 512 3767 vidisset.
549 3713 699 3768 Accedunt
715 3710 763 3768 his
782 3714 838 3766 dno
857 3711 944 3765 Codd.
956 3711 1025 3765 Oxus.
1037 3712 1111 3787 Aug.
1125 3709 1209 3763 Viud.
1219 3712 1244 3764 1.

97 3786 174 3840 Gud
193 3787 266 3840 Edd.
287 3785 322 3836 H.
344 3783 371 3837 S.
388 3783 425 3836 14.
444 3785 474 3836 Β.
494 3785 528 3836 Ε.
549 3784 580 3837 G·
599 3784 630 3835 11.
658 3785 728 3837 Ven.
755 3791 846 3837 nostr.
875 3783 938 3835 Asc.
961 3788 985 3838 1.
1004 3785 1030 3837 2.
1060 3782 1138 3836 cam.
1165 3779 1245 3848 sylb.

99 3858 165 3910 Car.
186 3855 282 3927 Steph.
304 3856 411 3911 Sturm.
432 3856 480 3908 tr.
501 3853 584 3907 Febr.
606 3852 688 3907 Schr..
717 3853 806 3908 Nobb.
833 3853 955 3914 llWoll.
981 3851 1067 3905 habet
1091 3851 1169 3921 quod
1194 3863 1247 3903 nos

99 3927 248 3997 additque:
275 3925 354 3991 „alii
372 3925 514 3990 sublimes,
540 3925 592 3977 alii
617 3923 649 3976 in
675 3925 805 3980 sublime:
839 3924 1058 3992 μετεωρίζεσθαι,
1082 3921 1098 3988 ἢ
1118 3916 1178 3973 ἅνω
1197 3918 1247 3988 pi·

97 4003 203 4069 ρεσθαι,
221 3997 237 4064 ἢ
257 3994 407 4066 ἀνωφερεΐς
424 3996 586 4063 γενέσθαι.“
622 3994 724 4050 Cicero
748 4002 845 4048 autem
872 4013 899 4046 v.
920 3993 1035 4046 sublime
1066 3992 1179 4062 saepius
1206 3991 1248 4045 its

98 4069 202 4138 posuit.
228 4067 292 4121 Vid.
314 4066 399 4120 modo
417 4083 469 4120 nos
488 4066 524 4120 ad
543 4066 603 4120 Cic.
625 4066 660 4117 de
677 4065 712 4118 N.
733 4066 766 4117 D.
787 4064 824 4116 11.
850 4068 888 4121 16.
918 4082 946 4134 p.
966 4066 1028 4119 271.
1055 4063 1101 4117 ed.
1121 4064 1170 4117 Gr.
1190 4068 1246 4116 eto.

98 4146 189 4191 nostr.
210 4139 274 4203 snei.
294 4137 333 4189 ll.
352 4139 396 4194 39.
416 4155 444 4208 p.
464 4139 525 4194 366.
546 4137 584 4188 11.
606 4137 648 4192 66.
669 4153 697 4205 p·
718 4139 779 4192 446.
801 4137 862 4192 769.
882 4136 925 4190 ed.
945 4141 1035 4188 nostr.
1056 4133 1245 4205 miu.p.105.
1271 4141 1274 4146 '

97 4210 159 4264 164.
179 4208 249 4262 add.
271 4207 405 4263 Ochsner.
426 4209 446 4260 l.
467 4227 491 4262 c.
513 4208 556 4262 ed.
577 4211 603 4262 3.
622 4224 650 4276 p.
672 4208 707 4260 65
726 4225 768 4276 sq.
789 4213 819 4258 et
836 4224 864 4275 p.
886 4208 947 4262 491.
969 4204 1159 4259 Doederlein:
1183 4202 1245 4255 Lat.

97 4279 200 4349 Syrou.
225 4296 252 4330 11.
279 4280 369 4347 Etym.
390 4278 412 4330 1.
436 4296 465 4349 p.
486 4281 529 4333 to.
558 4309 589 4320 -
627 4277 775 4331 scribitur
797 4276 884 4329 etiam
907 4277 1024 4330 sublime
1042 4273 1247 4330 adverbialiter

95 4349 573 4474 Γ1οὲἱ11111611111111ᾖ11111110.
595 4349 637 4403 43.
660 4350 720 4404 1111.
741 4346 776 4400 de
794 4345 858 4399 Div.
880 4345 921 4400 11.
941 4351 984 4404 31.
998 4349 1042 4403 67.
1062 4342 1243 4400 Doederlein.

111 4436 162 4474 .c.
214 4423 350 4490 .p.ltl⁰.
424 4427 499 4473 r.'
1236 4442 1242 4453 =
