2828 5070
102 288 166 357 ses
301 288 533 357 emanatus
552 286 1067 384 Tusculanarum.

103 463 217 518 mento
243 459 280 519 in
313 457 379 521 hoc
406 477 531 545 genero
561 457 799 538 disputationis
827 463 961 520 careret
988 455 1126 516 utine
1154 453 1278 517 oratio.

41 539 85 594 ²⁷·
106 538 171 600 Sed
191 538 339 618 videsne,
367 550 485 624 poetas
506 541 586 624 quid
614 543 693 602 mali
722 538 884 602 afferant!
920 541 1154 600 lamentantes
1184 537 1279 598 indu·

105 629 187 683 cunt
212 626 416 687 fartissimos
442 627 553 688 viros:
583 625 741 685 molliunt
772 625 899 684 animos
929 632 1087 683 nostros:
1122 623 1177 680 ita
1205 629 1280 680 sunt

104 702 226 766 deindo
249 705 372 784 dulces,
393 715 432 768 ut
453 726 519 768 nou
541 708 700 792 legantur
721 704 833 778 modo,
855 704 1038 767 sedetiam
1061 702 1277 763 ediscantur.

104 785 162 855 Sic
183 787 225 849 ad
247 789 367 851 malam
390 787 601 851 domesticam
631 789 840 870 disciplinam
861 790 1030 869 vitamque
1052 784 1279 847 umbratilem

106 875 141 932 et
162 868 337 934 delicatam
359 893 460 955 quum
481 880 694 934 accesserunt
715 874 815 935 etiam
849 879 977 954 poetae,
1006 887 1142 929 nervos
1173 868 1278 928 omnis

106 954 245 1017 virtutis
274 954 411 1019 elidunt.
465 954 568 1017 Recta
593 955 702 1038 igitur
730 974 749 1016 a
778 953 917 1016 Platone
943 950 1147 1015 educuntur
1176 970 1218 1011 ex
1244 967 1279 1013 ea

1222 1069 1274 1081 -n

105 1136 138 1188 in
156 1137 263 1190 Philos.
283 1137 397 1190 meritis
415 1155 443 1208 p.
462 1140 499 1194 85
517 1155 558 1210 sq.
595 1139 650 1191 Pro
669 1153 723 1208 pua
742 1137 816 1190 Gud.
842 1135 1031 1204 habensque.
1070 1133 1215 1186 Voluisse
1237 1132 1279 1184 ri·

105 1208 192 1262 detur
209 1208 345 1260 librarius
364 1225 458 1277 aequo,
478 1210 526 1262 sed
543 1211 662 1262 frustra.
682 1211 756 1262 ltlon.
775 1207 860 1260 Viud.
880 1213 905 1263 l.
926 1205 1032 1258 Latina
1050 1210 1183 1257 careret.
1204 1203 1277 1257 'l'um

106 1297 180 1331 unus
200 1279 249 1331 Ox.
269 1280 365 1331 cidere
382 1298 435 1352 pro
453 1281 575 1333 uidesne.
597 1280 684 1332 llarb.
705 1281 824 1346 efferant
843 1295 895 1350 pro
915 1279 1046 1344 afferant.
1086 1276 1155 1328 Mr.

179 1349 377 1403 lamentantes
407 1352 539 1404 inducunt
568 1351 745 1418 fortissimos
779 1349 869 1417 viros]
919 1347 1120 1413 „Addendum
1159 1347 1277 1400 videtur

106 1421 286 1473 cum.“13r'n.
322 1421 402 1473 Idem
420 1423 560 1475 sentiebat
577 1421 719 1475 Reiskius.
756 1422 895 1474 Volabant
916 1420 1058 1471 nimirum
1085 1417 1168 1471 baec
1194 1419 1277 1493 iungi

106 1508 174 1543 cum
192 1492 434 1556 antecedentibus,
453 1500 487 1544 nt
505 1492 673 1545 scribamus:
702 1497 802 1560 pollue
821 1491 891 1563 quid
907 1490 977 1542 mali
1001 1491 1139 1555 afferant,
1179 1505 1277 1560 psum

105 1561 290 1614 lamentantes
320 1563 456 1616 inducunt
481 1563 653 1630 {artissimos
677 1563 762 1617 viros·
799 1562 854 1617 Sed
881 1562 964 1613 nulla
993 1562 1081 1630 plane
1111 1561 1274 1614 mutatione

106 1647 177 1701 opus
197 1642 247 1685 est.
268 1633 357 1686 Rehtl.
378 1643 406 1686 et
424 1635 522 1687 Duisb.
542 1635 648 1688 habent
665 1634 743 1688 sn'ros
759 1629 942 1699 fortissimae.
981 1633 1083 1706 Pergit
1101 1632 1198 1684 Μαι-1).
1218 1647 1275 1685 sno·

106 1703 187 1756 aaut.
226 1704 371 1757 Similiter
388 1705 501 1758 locutus
520 1714 562 1759 eat
581 1706 658 1758 infra
676 1707 710 1757 V.
728 1709 772 1760 27.
794 1705 843 1760 ⁷8:
864 1720 915 1756 nor
928 1701 1103 1755 —animuns
1123 1729 1163 1740 -
1181 1701 1274 1757 melli·

106 1774 199 1827 aimus
217 1775 393 1844 opinionibus
410 1777 539 1845 maloque
556 1793 635 1830 more
659 1775 817 1830 delinitum.
837 1774 916 1829 'Mn

178 1846 222 1899 ita
240 1855 302 1901 sunt
322 1848 423 1902 deinde
446 1847 550 1915 dulces]
587 1848 655 1902 cod.
680 1848 726 1901 Au
748 1887 754 1899 .
778 1851 843 1899 sunt
860 1861 901 1898 ac
918 1844 1026 1899 deinde.
1054 1843 1134 1898 Gnd.
1157 1846 1271 1900 amu

107 1917 267 1987 denique.
305 1922 371 1972 lllox
393 1919 491 1972 Duisb.
521 1918 607 1974 etiam
632 1935 650 1971 a
673 1865 928 1972 dediscantur.
970 1918 1005 1970 ln
1023 1931 1106 1986 seqq.
1138 1917 1228 1971 Vina.
1248 1920 1270 1971 1.

107 1989 362 2059 domesticamque.
400 1991 444 2042 tid
466 2008 493 2042 v.
521 1991 660 2060 uitamque
691 1989 870 2043 umbratilem
895 1987 1063 2041 Beroaldus:
1103 2005 1213 2056 „quae
1243 1987 1270 2038 in

106 2060 208 2111 umbra
226 2069 255 2112 et
274 2061 333 2113 otio
352 2061 507 2114 domestico
525 2063 650 2136 degitur.
689 2062 732 2114 lta
758 2060 844 2114 bomo
870 2059 1043 2125 urndrcsls'cus
1070 2075 1087 2109 a
1106 2056 1216 2112 Plauto
1232 2057 1271 2111 di·

107 2136 170 2180 ctus
188 2131 340 2199 trapezita,
369 2133 419 2214 qui
448 2133 480 2183 iu
501 2132 604 2214 umbra
627 2131 679 2184 sub
703 2140 780 2214 tecte>
798 2132 889 2215 vitam
912 2130 993 2204 degit
1012 2128 1148 2213 otiosam.
1190 2130 1270 2183 Arta

106 2200 1270 2351 tilii.little.”zlellatlttltitltl‘t‘m.tlttt¹221

106 2341 182 2408 lunt,
202 2359 271 2413 quos
288 2344 357 2397 libri
376 2345 472 2399 docent
491 2344 522 2399 in
541 2346 639 2398 umbra
656 2351 683 2397 st
703 2344 772 2406 otio,
792 2353 824 2397 ut
844 2342 941 2413 inquit
964 2345 1000 2397 Μ.
1021 2340 1140 2394 Tullius
1169 2343 1204 2395 in
1223 2342 1266 2395 Or.

106 2432 160 2538 xro
180 2416 265 2468 Corn.
286 2416 385 2468 Balbo:
407 2418 478 2469 item
497 2432 550 2486 pro
569 2420 687 2469 Murena
706 2415 804 2480 (ledat,
834 2414 940 2483 inquit,
964 2413 1050 2467 stilus
1067 2412 1185 2479 gladio,
1213 2429 1281 2465 uest

125 2502 161 2538 ra
179 2487 264 2539 soli.“
301 2488 392 2540 Locus
411 2489 441 2538 in
461 2488 507 2540 Or.
527 2504 580 2557 pin
599 2489 671 2539 Mur.
702 2495 744 2540 est
762 2502 787 2539 c.
809 2487 851 2541 ld.
876 2485 946 2537 Add.
976 2484 1044 2537 cic..
1063 2485 1143 2538 Orat.
1167 2489 1211 2541 19.
1236 2484 1267 2537 de

107 2557 184 2609 Orat.
205 2559 227 2610 1.
247 2559 290 2612 34.
313 2561 371 2612 157.
409 2558 537 2611 seriores
563 2566 676 2609 tantum
702 2557 858 2627 scriptores
880 2555 921 2607 ait
943 2555 1072 2610 Wolfius
1100 2555 1133 2607 iu
1160 2554 1267 2609 scholis

127 2645 159 2680 ro
179 2627 339 2680 umbratilis
357 2629 462 2681 dixisse
479 2629 658 2682 umbraticus.
696 2627 753 2681 Sed
776 2627 833 2680 hoc
856 2627 913 2679 iam
930 2626 1016 2680 habet
1039 2624 1169 2691 Plautus,
1193 2646 1222 2679 r.
1243 2642 1266 2678 c.

105 2645 222 2749 bumul.
243 2700 290 2752 lv.
310 2701 335 2752 3.
357 2702 400 2753 24.
438 2699 577 2769 Sequitur
602 2701 633 2751 in
651 2699 717 2752 cod.
744 2698 828 2751 vind.
851 2703 874 2754 l.
904 2711 938 2750 uc
955 2713 1009 2767 pre
1036 2703 1073 2750 el.
1112 2697 1198 2750 Unus
1216 2698 1265 2749 0¹.

107 2769 220 2821 omittit
240 2785 330 2837 quum,
350 2768 423 2820 alius
441 2769 525 2822 habet
544 2775 571 2822 et
610 2770 756 2823 raetiam.
776 2769 849 2823 Gud.
869 2771 895 2822 2.
921 2769 1035 2822 omittit
1056 2773 1165 2835 poetae.
1205 2768 1264 2822 Mr.

177 2856 289 2918 nervos·
302 2855 413 2893 omnes
439 2840 553 2893 uirtutis
578 2789 694 2907 elidunt]
739 2843 804 2893 Post
830 2856 923 2894 omnes
945 2839 1019 2914 Aug.
1041 2839 1120 2891 addis
1150 2837 1213 2892 eius
1239 2847 1267 2892 et

105 2908 191 2962 habet
210 2910 309 2962 edidit.
330 2910 398 2963 Cod.
418 2911 502 2962 Vind.
522 2911 548 2963 2.
569 2927 663 2966 omnes
681 2928 790 2965 nervos.
810 2912 933 2964 variare
946 2910 1037 2964 libros
1054 2908 1266 2978 inscriptions

106 2996 201 3034 omnes
220 2982 272 3045 (sic
290 2981 395 3034 diserte
415 2980 489 3034 Gud.
511 2987 535 3037 l.
555 2981 657 3057 Aug),
676 2982 783 3036 omneis
800 2981 925 3048 (Lainbb.
947 2981 1033 3036 Goth.
1052 2979 1173 3033 HWoli.
1195 2980 1264 3034 illd.

105 3052 205 3118 Laod.)
226 3061 254 3105 et
273 3053 373 3117 omnis,
393 3068 451 3105 non
468 3053 621 3118 referrem,
640 3054 698 3105 nisi
717 3062 818 3118 essent,
838 3053 901 3135 qui,
921 3070 989 3105 cum
1008 3048 1140 3105 scribitur
1158 3050 1264 3116 omnis,

107 3140 170 3178 earn
188 3126 312 3177 formam
332 3124 503 3179 Genitivum
522 3142 580 3177 esse
597 3124 725 3178 vellent:
752 3124 829 3194 quod
847 3125 903 3193 ipsi
926 3123 1032 3190 accidit
1047 3119 1212 3176 rnwoluo
1232 3121 1266 3172 in

106 3194 229 3260 Scholis,
254 3213 319 3248 cum
348 3210 404 3265 quo
423 3213 481 3249 non
507 3197 598 3271 inagis
625 3198 720 3250 facere
738 3213 863 3265 possum,
892 3212 978 3263 quam
998 3191 1131 3246 Orellius.
1168 3193 1265 3246 Verbo

7 3265 13 3272 '
106 3266 232 3320 elidendi
249 3267 389 3320 similiter
407 3268 502 3321 utitur
520 3268 622 3322 Cicero
642 3268 719 3319 inira
737 3267 790 3320 111.
806 3269 854 3321 32.
874 3267 921 3321 83:
948 3265 1056 3332 stirpes
1073 3261 1266 3331 aegritudinis

105 3339 223 3401 elidere,
242 3341 275 3391 V.
296 3342 321 3395 6.
348 3342 394 3394 16:
423 3339 519 3402 aliter,
543 3338 690 3391 hominem
713 3337 853 3391 videlicet
876 3337 948 3389 dicit
973 3335 1046 3389 elidi
1071 3333 1263 3401 aegritudine.

105 3410 160 3464 Pro
180 3411 283 3464 elidere
309 3410 383 3461 dixit
409 3409 556 3463 Acadd.1.
578 3412 619 3464 1⁰.
647 3413 690 3466 35.
717 3408 882 3462 incidere
908 3423 1007 3461 neruos
1025 3405 1152 3459 uirtutis.
1181 3407 1263 3460 Cani.

106 3482 235 3534 Gronov.
256 3481 290 3533 ad
309 3481 372 3531 biv.
392 3481 454 3532 vll.
475 3483 518 3536 39.
538 3483 564 3535 6.
589 3479 703 3533 Schotti
721 3478 1072 3533 Nodorr.Ciceronn.111.
1093 3480 1136 3531 ll.
1157 3495 1185 3547 p.
1201 3477 1263 3533 355-

105 3553 151 3605 do.
171 3551 299 3603 Valensis
323 3549 355 3600 in
379 3550 635 3620 Compendiloquio
663 3553 772 3621 p.''l⁴ld.
801 3551 899 3603 locum
923 3568 959 3605 ex
985 3547 1135 3612 memoria,
1165 3557 1198 3600 ut
1220 3548 1265 3601 vi·

105 3622 201 3686 detur,
220 3620 347 3685 laudans,
366 3620 483 3673 scribit:
504 3638 556 3691 qao
574 3638 656 3692 qaum
674 3623 804 3676 accedunt
819 3627 926 3690 poetas,
956 3635 1056 3674 neruos
1080 3617 1196 3673 virtutis
1214 3618 1266 3672 eli·

106 3693 184 3747 dant.
223 3692 283 3746 Mr.

175 3763 259 3817 Recte
278 3762 373 3832 igitar
390 3778 408 3816 a
427 3760 545 3817 Platone
563 3763 632 3830 etc]
669 3764 735 3818 cod.
754 3763 844 3818 Rehd.
870 3778 889 3816 a
906 3760 1025 3816 Platone
1042 3760 1147 3830 igitur.
1184 3763 1267 3817 Unus

106 3834 157 3888 Ox.
178 3841 252 3889 recte
271 3835 368 3905 igitar
386 3835 579 3904 appellatione.
616 3835 668 3889 Aa.
697 3854 723 3887 v.
744 3835 866 3888 educere.
895 3835 953 3886 vid.
982 3834 1130 3887 lluucker.
1153 3834 1188 3886 ad
1206 3833 1266 3886 An-

106 3909 198 3959 tonin.
227 3908 353 3961 Liberal.
382 3925 410 3979 p.
440 3910 490 3962 150
515 3925 556 3976 sq.
593 3906 635 3960 ed.
664 3905 805 3960 Teucber.
841 3904 879 3976 [p.
899 3907 951 3961 231
974 3923 1015 3974 sq.
1045 3904 1088 3958 ed.
1113 3903 1264 3974 verheyk.

105 3978 150 4030 Lu
192 4016 197 4028 .
223 3980 253 4030 B.
277 3977 367 4044 1772]
404 3978 446 4030 Ad
474 3995 536 4030 rem
561 3978 709 4031 Meinecks
737 3979 771 4031 ad
796 3974 944 4031 Menandri
971 3975 1118 4046 Reliquias
1147 3994 1177 4046 p.
1202 3977 1264 4032 293.

106 4066 134 4100 n.
172 4051 214 4102 27.
241 4046 356 4101 Scducl.
394 4048 473 4101 Adde
496 4049 677 4119 potissimum
702 4048 731 4101 C.
751 4046 974 4171 Morffinsternii
999 4046 1203 4100 Commentatt.
1230 4046 1266 4100 de

106 4118 234 4173 Platonis
251 4120 320 4189 llep.
341 4137 368 4190 p·
387 4121 546 4175 237-255.
567 4139 595 4191 p·
613 4122 779 4176 usu-3⁰1.

176 4208 349 4262 Educuntur
367 4224 401 4261 en
420 4223 453 4260 ea
472 4208 598 4275 ciuitate]
635 4209 747 4262 Elisus.
771 4224 826 4260 sec.
851 4215 880 4259 et
905 4206 974 4258 Bak.
999 4205 1159 4270 eliciuntur,
1189 4203 1267 4276 qnod

107 4280 225 4351 quidem
242 4280 363 4331 verbum
382 4287 425 4331 est
443 4278 656 4346 vehementium
681 4278 748 4347 quia
766 4277 837 4331 eiici
855 4284 896 4331 est
913 4277 979 4330 inde
996 4276 1099 4344 expelli
1125 4277 1201 4331 unde
1218 4277 1268 4331 in·

106 4353 183 4406 vitus
201 4351 323 4415 recedas,
343 4358 428 4421 prout
447 4359 527 4405 recte
546 4351 654 4405 Seneca
670 4350 763 4420 Epist.
789 4350 862 4402 LIV.
900 4351 944 4402 lte
971 4348 1132 4417 loquuntur
1156 4357 1188 4401 et
1211 4348 1267 4400 alii

106 4425 271 4496 scriptores,
289 4421 339 4475 ubi
357 4421 482 4476 Platonis
499 4422 555 4477 hoc
573 4429 736 4477 memorant
759 4420 880 4474 lacinus.
916 4419 1094 4496 Augustinus
1118 4419 1150 4477 C.
1167 4418 1207 4472 D.
1225 4418 1268 4484 11,
1306 4492 1310 4496 Δ
