<?xml version="1.0" encoding="UTF-8"?>
<!DOCTYPE html PUBLIC "-//W3C//DTD XHTML 1.0 Transitional//EN"
    "http://www.w3.org/TR/xhtml1/DTD/xhtml1-transitional.dtd">
<html xmlns="http://www.w3.org/1999/xhtml" xml:lang="en" lang="en">
 <head>
  <title>
</title>
<meta http-equiv="Content-Type" content="text/html;charset=utf-8" />
  <meta name='ocr-system' content='tesseract 3.04.00' />
  <meta name='ocr-capabilities' content='ocr_page ocr_carea ocr_par ocr_line ocrx_word'/>
</head>
<body>
  <div class='ocr_page' id='page_1' title='image "./mtulliiciceroni01davigoog_0302.png"; bbox 0 0 2828 5070; ppageno 0'>
   <div class='ocr_carea' id='block_1_1' title="bbox 58 262 1216 723">
    <p class='ocr_par' dir='ltr' id='par_1_1' title="bbox 58 262 1216 723">
     <span class='ocr_line' id='line_1_1' title="bbox 498 262 1215 388; baseline 0.007 -19"><span class='ocrx_word' id='word_1_1' title='bbox 498 300 625 370; x_wconf 79' lang='lat' dir='ltr'>ntem</span> <span class='ocrx_word' id='word_1_2' title='bbox 648 299 676 388; x_wconf 87' lang='lat'>1,</span> <span class='ocrx_word' id='word_1_3' title='bbox 702 297 755 387; x_wconf 73' lang='lat' dir='ltr'>oe</span> <span class='ocrx_word' id='word_1_4' title='bbox 1017 262 1071 339; x_wconf 63' lang='lat' dir='ltr'>f·</span> <span class='ocrx_word' id='word_1_5' title='bbox 1152 297 1215 374; x_wconf 76' lang='lat' dir='ltr'>ert</span> 
     </span>
     <span class='ocr_line' id='line_1_2' title="bbox 60 438 1216 558; baseline 0.002 -21"><span class='ocrx_word' id='word_1_6' title='bbox 60 483 181 537; x_wconf 81' lang='lat' dir='ltr'>ecnrnt</span> <span class='ocrx_word' id='word_1_7' title='bbox 200 438 362 549; x_wconf 81' lang='lat' dir='ltr'>mentsm3</span> <span class='ocrx_word' id='word_1_8' title='bbox 383 471 499 552; x_wconf 81' lang='lat' dir='ltr'>multe,</span> <span class='ocrx_word' id='word_1_9' title='bbox 522 488 605 555; x_wconf 83' lang='lat' dir='ltr'>quae</span> <span class='ocrx_word' id='word_1_10' title='bbox 625 469 821 536; x_wconf 69' lang='lat' dir='ltr'>obtundent</span> <span class='ocrx_word' id='word_1_11' title='bbox 862 471 1216 558; x_wconf 79' lang='lat' dir='ltr'>Aristotelee&#39;qnident</span> 
     </span>
     <span class='ocr_line' id='line_1_3' title="bbox 60 555 1215 642; baseline -0.001 -22"><span class='ocrx_word' id='word_1_12' title='bbox 60 561 118 632; x_wconf 79' lang='lat' dir='ltr'>rit,</span> <span class='ocrx_word' id='word_1_13' title='bbox 140 558 246 619; x_wconf 78' lang='lat' dir='ltr'>omnes</span> <span class='ocrx_word' id='word_1_14' title='bbox 266 558 453 638; x_wconf 79' lang='lat' dir='ltr'>ingeniosos</span> <span class='ocrx_word' id='word_1_15' title='bbox 473 555 717 618; x_wconf 82' lang='lat' dir='ltr'>metomcboticor</span> <span class='ocrx_word' id='word_1_16' title='bbox 737 575 822 632; x_wconf 66' lang='grc' dir='ltr'>επις</span> <span class='ocrx_word' id='word_1_17' title='bbox 848 564 889 617; x_wconf 83' lang='lat' dir='ltr'>ut</span> <span class='ocrx_word' id='word_1_18' title='bbox 916 574 981 642; x_wconf 77' lang='lat' dir='ltr'>ego</span> <span class='ocrx_word' id='word_1_19' title='bbox 1005 575 1058 618; x_wconf 85' lang='lat' dir='ltr'>me</span> <span class='ocrx_word' id='word_1_20' title='bbox 1085 558 1215 620; x_wconf 81' lang='lat' dir='ltr'>tardio-</span> 
     </span>
     <span class='ocr_line' id='line_1_4' title="bbox 58 639 1214 723; baseline 0 -21"><span class='ocrx_word' id='word_1_21' title='bbox 58 659 132 702; x_wconf 86' lang='lat' dir='ltr'>rem</span> <span class='ocrx_word' id='word_1_22' title='bbox 154 658 227 701; x_wconf 87' lang='lat' dir='ltr'>esse</span> <span class='ocrx_word' id='word_1_23' title='bbox 248 659 315 700; x_wconf 89' lang='lat' dir='ltr'>non</span> <span class='ocrx_word' id='word_1_24' title='bbox 335 640 472 703; x_wconf 87' lang='lat' dir='ltr'>moleste</span> <span class='ocrx_word' id='word_1_25' title='bbox 493 643 607 702; x_wconf 89' lang='lat' dir='ltr'>teram.</span> <span class='ocrx_word' id='word_1_26' title='bbox 650 639 833 700; x_wconf 83' lang='lat' dir='ltr'>Ennmeret</span> <span class='ocrx_word' id='word_1_27' title='bbox 846 639 984 712; x_wconf 81' lang='lat' dir='ltr'>multos3</span> <span class='ocrx_word' id='word_1_28' title='bbox 1006 639 1105 722; x_wconf 88' lang='lat' dir='ltr'>idque</span> <span class='ocrx_word' id='word_1_29' title='bbox 1119 640 1214 723; x_wconf 79' lang='lat' dir='ltr'>qussi</span> 
     </span>
    </p>
   </div>
   <div class='ocr_carea' id='block_1_2' title="bbox 58 720 1249 891">
    <p class='ocr_par' dir='ltr' id='par_1_2' title="bbox 58 720 1249 891">
     <span class='ocr_line' id='line_1_5' title="bbox 59 720 1249 798; baseline 0 -12"><span class='ocrx_word' id='word_1_30' title='bbox 59 729 204 797; x_wconf 79' lang='lat' dir='ltr'>constet,</span> <span class='ocrx_word' id='word_1_31' title='bbox 227 724 402 796; x_wconf 74' lang='lat' dir='ltr'>rationem,</span> <span class='ocrx_word' id='word_1_32' title='bbox 424 741 486 783; x_wconf 91' lang='lat' dir='ltr'>cnr</span> <span class='ocrx_word' id='word_1_33' title='bbox 506 723 554 783; x_wconf 82' lang='lat' dir='ltr'>ite</span> <span class='ocrx_word' id='word_1_34' title='bbox 573 721 644 798; x_wconf 83' lang='lat' dir='ltr'>fiet,</span> <span class='ocrx_word' id='word_1_35' title='bbox 665 723 773 784; x_wconf 84' lang='lat' dir='ltr'>effert.</span> <span class='ocrx_word' id='word_1_36' title='bbox 817 720 962 785; x_wconf 81' lang='lat' dir='ltr'>Quodsi</span> <span class='ocrx_word' id='word_1_37' title='bbox 983 729 1074 783; x_wconf 79' lang='lat' dir='ltr'>tenta</span> <span class='ocrx_word' id='word_1_38' title='bbox 1091 725 1143 784; x_wconf 76' lang='lat' dir='ltr'>rie</span> <span class='ocrx_word' id='word_1_39' title='bbox 1163 722 1249 786; x_wconf 74' lang='lat' dir='ltr'>estb-</span> 
     </span>
     <span class='ocr_line' id='line_1_6' title="bbox 58 803 1215 891; baseline 0.001 -24"><span class='ocrx_word' id='word_1_40' title='bbox 58 803 101 867; x_wconf 77' lang='lat' dir='ltr'>ed</span> <span class='ocrx_word' id='word_1_41' title='bbox 122 804 273 865; x_wconf 81' lang='lat' dir='ltr'>habitum</span> <span class='ocrx_word' id='word_1_42' title='bbox 294 807 416 866; x_wconf 87' lang='lat' dir='ltr'>mentis</span> <span class='ocrx_word' id='word_1_43' title='bbox 436 807 472 865; x_wconf 90' lang='lat' dir='ltr'>in</span> <span class='ocrx_word' id='word_1_44' title='bbox 494 805 547 881; x_wconf 84' lang='lat' dir='ltr'>iis,</span> <span class='ocrx_word' id='word_1_45' title='bbox 576 822 661 885; x_wconf 81' lang='lat' dir='ltr'>quoe</span> <span class='ocrx_word' id='word_1_46' title='bbox 687 806 874 891; x_wconf 77' lang='lat' dir='ltr'>gignuntur</span> <span class='ocrx_word' id='word_1_47' title='bbox 901 806 938 865; x_wconf 89' lang='lat' dir='ltr'>in</span> <span class='ocrx_word' id='word_1_48' title='bbox 967 822 1129 887; x_wconf 67' lang='lat' dir='ltr'>corporet</span> <span class='ocrx_word' id='word_1_49' title='bbox 1160 803 1215 882; x_wconf 83' lang='lat' dir='ltr'>(ott</span> 
     </span>
    </p>
   </div>
   <div class='ocr_carea' id='block_1_3' title="bbox 57 967 1304 4525">
    <p class='ocr_par' dir='ltr' id='par_1_3' title="bbox 57 967 1216 1255">
     <span class='ocr_line' id='line_1_7' title="bbox 57 967 1215 1043; baseline 0.003 -19"><span class='ocrx_word' id='word_1_50' title='bbox 57 990 136 1024; x_wconf 87' lang='lat' dir='ltr'>nnus</span> <span class='ocrx_word' id='word_1_51' title='bbox 163 973 213 1024; x_wconf 78' lang='lat'>0¹.</span> <span class='ocrx_word' id='word_1_52' title='bbox 238 978 331 1026; x_wconf 80' lang='lat' dir='ltr'>acuat.</span> <span class='ocrx_word' id='word_1_53' title='bbox 361 972 429 1026; x_wconf 80' lang='lat' dir='ltr'>cod.</span> <span class='ocrx_word' id='word_1_54' title='bbox 456 971 554 1024; x_wconf 89' lang='lat' dir='ltr'>Duisb.</span> <span class='ocrx_word' id='word_1_55' title='bbox 578 967 681 1037; x_wconf 79' lang='lat' dir='ltr'>hebet3</span> <span class='ocrx_word' id='word_1_56' title='bbox 709 971 835 1026; x_wconf 68' lang='lat' dir='ltr'>emerunt</span> <span class='ocrx_word' id='word_1_57' title='bbox 860 986 933 1043; x_wconf 71' lang='lat' dir='ltr'>meae</span> <span class='ocrx_word' id='word_1_58' title='bbox 957 974 1075 1026; x_wconf 78' lang='lat' dir='ltr'>muttum</span> <span class='ocrx_word' id='word_1_59' title='bbox 1099 980 1215 1028; x_wconf 81' lang='lat' dir='ltr'>mentem</span> 
     </span>
     <span class='ocr_line' id='line_1_8' title="bbox 58 1041 1214 1115; baseline 0.004 -19"><span class='ocrx_word' id='word_1_60' title='bbox 58 1041 224 1097; x_wconf 56' lang='lat' dir='ltr'>dandami.</span> <span class='ocrx_word' id='word_1_61' title='bbox 247 1044 327 1096; x_wconf 91' lang='lat' dir='ltr'>Unus</span> <span class='ocrx_word' id='word_1_62' title='bbox 341 1043 391 1096; x_wconf 84' lang='lat' dir='ltr'>Ox.</span> <span class='ocrx_word' id='word_1_63' title='bbox 412 1044 568 1111; x_wconf 77' lang='lat' dir='ltr'>multoque</span> <span class='ocrx_word' id='word_1_64' title='bbox 586 1043 747 1110; x_wconf 73' lang='lat' dir='ltr'><em>obtundant,</em></span> <span class='ocrx_word' id='word_1_65' title='bbox 766 1043 839 1096; x_wconf 87' lang='lat' dir='ltr'>alius</span> <span class='ocrx_word' id='word_1_66' title='bbox 857 1045 1015 1115; x_wconf 79' lang='lat' dir='ltr'>multaque</span> <span class='ocrx_word' id='word_1_67' title='bbox 1033 1046 1214 1102; x_wconf 76' lang='lat' dir='ltr'>contundunt.</span> 
     </span>
     <span class='ocr_line' id='line_1_9' title="bbox 57 1114 1216 1186; baseline 0.001 -17"><span class='ocrx_word' id='word_1_68' title='bbox 57 1116 101 1169; x_wconf 85' lang='lat' dir='ltr'>Ut</span> <span class='ocrx_word' id='word_1_69' title='bbox 129 1123 226 1167; x_wconf 92' lang='lat' dir='ltr'>nostro</span> <span class='ocrx_word' id='word_1_70' title='bbox 254 1114 318 1168; x_wconf 89' lang='lat' dir='ltr'>loco</span> <span class='ocrx_word' id='word_1_71' title='bbox 343 1115 396 1166; x_wconf 89' lang='lat' dir='ltr'>sibi</span> <span class='ocrx_word' id='word_1_72' title='bbox 424 1123 608 1186; x_wconf 84' lang='lat' dir='ltr'>opponuntur</span> <span class='ocrx_word' id='word_1_73' title='bbox 637 1115 763 1167; x_wconf 86' lang='lat' dir='ltr'>invicem</span> <span class='ocrx_word' id='word_1_74' title='bbox 789 1126 888 1167; x_wconf 80' lang='lat' dir='ltr'><em>acuere</em></span> <span class='ocrx_word' id='word_1_75' title='bbox 917 1125 945 1168; x_wconf 88' lang='lat' dir='ltr'>et</span> <span class='ocrx_word' id='word_1_76' title='bbox 973 1116 1137 1169; x_wconf 79' lang='lat' dir='ltr'>obtunderet</span> <span class='ocrx_word' id='word_1_77' title='bbox 1174 1118 1216 1170; x_wconf 80' lang='lat' dir='ltr'>ite</span> 
     </span>
     <span class='ocr_line' id='line_1_10' title="bbox 58 1185 1047 1255; baseline 0 -18"><span class='ocrx_word' id='word_1_78' title='bbox 58 1193 277 1255; x_wconf 87' lang='lat' dir='ltr'>componuntur</span> <span class='ocrx_word' id='word_1_79' title='bbox 295 1187 326 1236; x_wconf 92' lang='lat' dir='ltr'>in</span> <span class='ocrx_word' id='word_1_80' title='bbox 344 1185 470 1242; x_wconf 79' lang='lat' dir='ltr'>dictione</span> <span class='ocrx_word' id='word_1_81' title='bbox 488 1186 566 1237; x_wconf 80' lang='lat' dir='ltr'>acies</span> <span class='ocrx_word' id='word_1_82' title='bbox 585 1185 692 1248; x_wconf 64' lang='lat' dir='ltr'>obtectu</span> <span class='ocrx_word' id='word_1_83' title='bbox 711 1185 829 1238; x_wconf 79' lang='lat' dir='ltr'>desen.</span> <span class='ocrx_word' id='word_1_84' title='bbox 849 1187 893 1250; x_wconf 78' lang='lat'>2³,</span> <span class='ocrx_word' id='word_1_85' title='bbox 913 1186 956 1241; x_wconf 87' lang='grc'>83.</span> <span class='ocrx_word' id='word_1_86' title='bbox 988 1187 1047 1238; x_wconf 88' lang='lat' dir='ltr'>Mr.</span> 
     </span>
    </p>

    <p class='ocr_par' dir='ltr' id='par_1_4' title="bbox 58 1254 1217 1949">
     <span class='ocr_line' id='line_1_11' title="bbox 133 1254 1217 1333; baseline 0.006 -28"><span class='ocrx_word' id='word_1_87' title='bbox 133 1254 304 1308; x_wconf 76' lang='lat' dir='ltr'>Aristoteles</span> <span class='ocrx_word' id='word_1_88' title='bbox 323 1256 433 1325; x_wconf 77' lang='lat' dir='ltr'>quidem</span> <span class='ocrx_word' id='word_1_89' title='bbox 451 1256 504 1325; x_wconf 86' lang='lat' dir='ltr'>ait]</span> <span class='ocrx_word' id='word_1_90' title='bbox 542 1256 603 1309; x_wconf 85' lang='lat' dir='ltr'>lloc</span> <span class='ocrx_word' id='word_1_91' title='bbox 620 1257 704 1328; x_wconf 87' lang='lat' dir='ltr'>ponit</span> <span class='ocrx_word' id='word_1_92' title='bbox 722 1263 751 1308; x_wconf 90' lang='lat' dir='ltr'>et</span> <span class='ocrx_word' id='word_1_93' title='bbox 770 1256 927 1308; x_wconf 82' lang='lat' dir='ltr'>rationibus</span> <span class='ocrx_word' id='word_1_94' title='bbox 951 1257 1103 1311; x_wconf 85' lang='lat' dir='ltr'>confirmat</span> <span class='ocrx_word' id='word_1_95' title='bbox 1121 1254 1217 1333; x_wconf 70' lang='lat' dir='ltr'>stagi-</span> 
     </span>
     <span class='ocr_line' id='line_1_12' title="bbox 59 1321 1217 1410; baseline 0.003 -32"><span class='ocrx_word' id='word_1_96' title='bbox 59 1325 121 1378; x_wconf 85' lang='lat' dir='ltr'>rita</span> <span class='ocrx_word' id='word_1_97' title='bbox 138 1326 278 1379; x_wconf 87' lang='lat' dir='ltr'>Problem.</span> <span class='ocrx_word' id='word_1_98' title='bbox 300 1327 385 1379; x_wconf 81' lang='lat' dir='ltr'>XXX.</span> <span class='ocrx_word' id='word_1_99' title='bbox 407 1337 514 1398; x_wconf 86' lang='lat' dir='ltr'>quaest.</span> <span class='ocrx_word' id='word_1_100' title='bbox 537 1331 561 1382; x_wconf 81' lang='lat'>1.</span> <span class='ocrx_word' id='word_1_101' title='bbox 581 1328 687 1381; x_wconf 76' lang='lat' dir='ltr'>Seneca</span> <span class='ocrx_word' id='word_1_102' title='bbox 705 1326 739 1380; x_wconf 87' lang='lat' dir='ltr'>de</span> <span class='ocrx_word' id='word_1_103' title='bbox 758 1326 866 1396; x_wconf 85' lang='lat' dir='ltr'>Tranq.</span> <span class='ocrx_word' id='word_1_104' title='bbox 895 1344 954 1410; x_wconf 80' lang='lat' dir='ltr'>cap.</span> <span class='ocrx_word' id='word_1_105' title='bbox 974 1321 1033 1380; x_wconf 77' lang='lat' dir='ltr'>XV.</span> <span class='ocrx_word' id='word_1_106' title='bbox 1062 1324 1217 1382; x_wconf 76' lang='lat' dir='ltr'>Aristoteli</span> 
     </span>
     <span class='ocr_line' id='line_1_13' title="bbox 59 1393 1216 1466; baseline 0.003 -18"><span class='ocrx_word' id='word_1_107' title='bbox 59 1397 166 1449; x_wconf 78' lang='lat' dir='ltr'>muttum</span> <span class='ocrx_word' id='word_1_108' title='bbox 183 1413 316 1466; x_wconf 78' lang='lat' dir='ltr'>magnum</span> <span class='ocrx_word' id='word_1_109' title='bbox 334 1399 364 1450; x_wconf 84' lang='lat' dir='ltr'>im</span> <span class='ocrx_word' id='word_1_110' title='bbox 387 1400 478 1451; x_wconf 81' lang='lat' dir='ltr'>emittm</span> <span class='ocrx_word' id='word_1_111' title='bbox 496 1398 556 1451; x_wconf 84' lang='lat' dir='ltr'>sime</span> <span class='ocrx_word' id='word_1_112' title='bbox 574 1399 697 1452; x_wconf 72' lang='lat' dir='ltr'>mixture</span> <span class='ocrx_word' id='word_1_113' title='bbox 716 1397 868 1452; x_wconf 80' lang='lat' dir='ltr'>dementire</span> <span class='ocrx_word' id='word_1_114' title='bbox 891 1399 957 1465; x_wconf 68' lang='lat' dir='ltr'>stret.</span> <span class='ocrx_word' id='word_1_115' title='bbox 995 1393 1166 1452; x_wconf 75' lang='lat' dir='ltr'><strong>Plutarchus</strong></span> <span class='ocrx_word' id='word_1_116' title='bbox 1184 1399 1216 1453; x_wconf 85' lang='lat' dir='ltr'>in</span> 
     </span>
     <span class='ocr_line' id='line_1_14' title="bbox 60 1466 1217 1542; baseline 0.003 -23"><span class='ocrx_word' id='word_1_117' title='bbox 60 1467 201 1538; x_wconf 77' lang='lat' dir='ltr'>Lysandr.</span> <span class='ocrx_word' id='word_1_118' title='bbox 221 1488 249 1538; x_wconf 89' lang='lat' dir='ltr'>p.</span> <span class='ocrx_word' id='word_1_119' title='bbox 270 1471 331 1524; x_wconf 78' lang='lat'><strong>334.</strong></span> <span class='ocrx_word' id='word_1_120' title='bbox 367 1470 545 1540; x_wconf 74' lang='lat' dir='ltr'>Apterortlme</span> <span class='ocrx_word' id='word_1_121' title='bbox 564 1467 594 1521; x_wconf 79' lang='lat' dir='ltr'>di</span> <span class='ocrx_word' id='word_1_122' title='bbox 617 1471 665 1532; x_wconf 77' lang='grc' dir='ltr'>τὰς</span> <span class='ocrx_word' id='word_1_123' title='bbox 681 1472 799 1536; x_wconf 73' lang='grc' dir='ltr'><em>μεγάλας</em></span> <span class='ocrx_word' id='word_1_124' title='bbox 816 1472 908 1540; x_wconf 77' lang='grc' dir='ltr'><strong>φύσεις</strong></span> <span class='ocrx_word' id='word_1_125' title='bbox 926 1466 1095 1542; x_wconf 71' lang='grc' dir='ltr'><em>ἀποφαίνων</em></span> <span class='ocrx_word' id='word_1_126' title='bbox 1112 1472 1217 1540; x_wconf 71' lang='grc' dir='ltr'><strong><em>μελαγ-</em></strong></span> 
     </span>
     <span class='ocr_line' id='line_1_15' title="bbox 60 1532 1216 1611; baseline 0.001 -19"><span class='ocrx_word' id='word_1_127' title='bbox 60 1542 183 1608; x_wconf 71' lang='grc' dir='ltr'>χολικάς,</span> <span class='ocrx_word' id='word_1_128' title='bbox 210 1539 315 1608; x_wconf 73' lang='lat' dir='ltr'>irrepet</span> <span class='ocrx_word' id='word_1_129' title='bbox 335 1545 380 1592; x_wconf 79' lang='grc' dir='ltr'>καὶ</span> <span class='ocrx_word' id='word_1_130' title='bbox 403 1540 570 1609; x_wconf 78' lang='grc' dir='ltr'><em>Λύσανδρον</em></span> <span class='ocrx_word' id='word_1_131' title='bbox 595 1538 645 1595; x_wconf 79' lang='grc' dir='ltr'>οὐκ</span> <span class='ocrx_word' id='word_1_132' title='bbox 668 1536 756 1602; x_wconf 73' lang='grc' dir='ltr'><strong><em>εὐθύς,</em></strong></span> <span class='ocrx_word' id='word_1_133' title='bbox 784 1537 849 1593; x_wconf 73' lang='lat' dir='ltr'>etto</span> <span class='ocrx_word' id='word_1_134' title='bbox 872 1547 1050 1611; x_wconf 77' lang='grc' dir='ltr'><strong>πριςβύιερον</strong></span> <span class='ocrx_word' id='word_1_135' title='bbox 1073 1532 1153 1607; x_wconf 76' lang='grc' dir='ltr'><strong><em>ὄντα,</em></strong></span> <span class='ocrx_word' id='word_1_136' title='bbox 1180 1544 1216 1610; x_wconf 64' lang='lat' dir='ltr'>eff</span> 
     </span>
     <span class='ocr_line' id='line_1_16' title="bbox 58 1608 1216 1683; baseline 0.005 -24"><span class='ocrx_word' id='word_1_137' title='bbox 58 1611 228 1679; x_wconf 66' lang='grc' dir='ltr'>μελαγχολίᾳ</span> <span class='ocrx_word' id='word_1_138' title='bbox 247 1613 414 1681; x_wconf 74' lang='grc' dir='ltr'><strong><em>περιπεσεῖν.</em></strong></span> <span class='ocrx_word' id='word_1_139' title='bbox 451 1611 627 1672; x_wconf 84' lang='lat' dir='ltr'>Phavorinus</span> <span class='ocrx_word' id='word_1_140' title='bbox 646 1611 733 1664; x_wconf 86' lang='lat' dir='ltr'>etiam</span> <span class='ocrx_word' id='word_1_141' title='bbox 745 1608 933 1682; x_wconf 81' lang='lat' dir='ltr'>Philosophus</span> <span class='ocrx_word' id='word_1_142' title='bbox 951 1611 983 1664; x_wconf 91' lang='lat' dir='ltr'>in</span> <span class='ocrx_word' id='word_1_143' title='bbox 1002 1612 1109 1678; x_wconf 79' lang='lat' dir='ltr'>eadem,</span> <span class='ocrx_word' id='word_1_144' title='bbox 1129 1622 1216 1683; x_wconf 84' lang='lat' dir='ltr'>atque</span> 
     </span>
     <span class='ocr_line' id='line_1_17' title="bbox 61 1677 1214 1752; baseline 0.001 -20"><span class='ocrx_word' id='word_1_145' title='bbox 61 1680 242 1746; x_wconf 77' lang='lat' dir='ltr'>Aristoteles,</span> <span class='ocrx_word' id='word_1_146' title='bbox 277 1682 335 1734; x_wconf 83' lang='lat' dir='ltr'>fuit</span> <span class='ocrx_word' id='word_1_147' title='bbox 360 1680 482 1735; x_wconf 86' lang='lat' dir='ltr'>haeresi.</span> <span class='ocrx_word' id='word_1_148' title='bbox 519 1677 635 1747; x_wconf 75' lang='lat' dir='ltr'>Sditote,</span> <span class='ocrx_word' id='word_1_149' title='bbox 663 1681 770 1752; x_wconf 85' lang='lat' dir='ltr'>inquit,</span> <span class='ocrx_word' id='word_1_150' title='bbox 789 1685 884 1735; x_wconf 82' lang='lat' dir='ltr'>tamem</span> <span class='ocrx_word' id='word_1_151' title='bbox 903 1681 1091 1751; x_wconf 70' lang='lat' dir='ltr'>intemperiem</span> <span class='ocrx_word' id='word_1_152' title='bbox 1117 1681 1214 1749; x_wconf 79' lang='lat' dir='ltr'>istem,</span> 
     </span>
     <span class='ocr_line' id='line_1_18' title="bbox 61 1752 1216 1899; baseline 0.002 -26"><span class='ocrx_word' id='word_1_153' title='bbox 61 1764 132 1874; x_wconf 71' lang='lat' dir='ltr'>sot</span> <span class='ocrx_word' id='word_1_154' title='bbox 149 1751 672 1894; x_wconf 48' lang='grc'>555555555555555555555555</span> <span class='ocrx_word' id='word_1_155' title='bbox 686 1752 1216 1899; x_wconf 45' lang='grc'>5555555055555555555565</span> 
     </span>
     <span class='ocr_line' id='line_1_19' title="bbox 62 1892 439 1949; baseline 0.008 -6"><span class='ocrx_word' id='word_1_156' title='bbox 62 1892 292 1948; x_wconf 80' lang='lat' dir='ltr'>lib.xv111.ca</span> <span class='ocrx_word' id='word_1_157' title='bbox 314 1933 320 1945; x_wconf 85' lang='grc'><strong>.</strong></span> <span class='ocrx_word' id='word_1_158' title='bbox 342 1898 366 1949; x_wconf 85' lang='grc'>7.</span> <span class='ocrx_word' id='word_1_159' title='bbox 403 1893 439 1947; x_wconf 88' lang='lat' dir='ltr'>D.</span> 
     </span>
    </p>

    <p class='ocr_par' dir='ltr' id='par_1_5' title="bbox 61 1914 1217 2175">
     <span class='ocr_line' id='line_1_20' title="bbox 135 1914 1216 2034; baseline 0.003 -19"><span class='ocrx_word' id='word_1_160' title='bbox 135 1914 312 2019; x_wconf 52' lang='lat' dir='ltr'>Aristotele?</span> <span class='ocrx_word' id='word_1_161' title='bbox 322 1965 432 2034; x_wconf 78' lang='lat' dir='ltr'>quidem</span> <span class='ocrx_word' id='word_1_162' title='bbox 450 1962 494 2018; x_wconf 82' lang='lat' dir='ltr'>ait</span> <span class='ocrx_word' id='word_1_163' title='bbox 512 1962 581 2032; x_wconf 78' lang='lat' dir='ltr'>etc]</span> <span class='ocrx_word' id='word_1_164' title='bbox 617 1961 762 2018; x_wconf 74' lang='lat' dir='ltr'>scribitur</span> <span class='ocrx_word' id='word_1_165' title='bbox 784 1961 996 2018; x_wconf 77' lang='lat' dir='ltr'>molmcioticoe</span> <span class='ocrx_word' id='word_1_166' title='bbox 1022 1964 1053 2017; x_wconf 90' lang='lat' dir='ltr'>iu</span> <span class='ocrx_word' id='word_1_167' title='bbox 1076 1980 1134 2018; x_wconf 89' lang='lat' dir='ltr'>uno</span> <span class='ocrx_word' id='word_1_168' title='bbox 1152 1966 1216 2031; x_wconf 74' lang='lat' dir='ltr'>ox,</span> 
     </span>
     <span class='ocr_line' id='line_1_21' title="bbox 61 2032 1215 2113; baseline 0.003 -26"><span class='ocrx_word' id='word_1_169' title='bbox 61 2035 260 2089; x_wconf 66' lang='lat' dir='ltr'>metonomicos</span> <span class='ocrx_word' id='word_1_170' title='bbox 279 2038 311 2088; x_wconf 90' lang='lat' dir='ltr'>in</span> <span class='ocrx_word' id='word_1_171' title='bbox 330 2036 403 2089; x_wconf 78' lang='lat' dir='ltr'>Gutl</span> <span class='ocrx_word' id='word_1_172' title='bbox 422 2040 448 2092; x_wconf 81' lang='lat'>2.</span> <span class='ocrx_word' id='word_1_173' title='bbox 469 2036 567 2100; x_wconf 71' lang='lat' dir='ltr'>Marb,</span> <span class='ocrx_word' id='word_1_174' title='bbox 585 2032 779 2088; x_wconf 83' lang='lat' dir='ltr'>metemcoticoe</span> <span class='ocrx_word' id='word_1_175' title='bbox 798 2037 829 2088; x_wconf 91' lang='lat' dir='ltr'>in</span> <span class='ocrx_word' id='word_1_176' title='bbox 847 2034 939 2113; x_wconf 48' lang='lat' dir='ltr'>Augq</span> <span class='ocrx_word' id='word_1_177' title='bbox 963 2035 1166 2090; x_wconf 83' lang='lat' dir='ltr'>metomcomicoe</span> <span class='ocrx_word' id='word_1_178' title='bbox 1184 2036 1215 2091; x_wconf 86' lang='lat' dir='ltr'>in</span> 
     </span>
     <span class='ocr_line' id='line_1_22' title="bbox 61 2105 1217 2175; baseline 0.003 -19"><span class='ocrx_word' id='word_1_179' title='bbox 61 2105 148 2159; x_wconf 81' lang='lat' dir='ltr'>vind.</span> <span class='ocrx_word' id='word_1_180' title='bbox 171 2111 194 2161; x_wconf 91' lang='lat' dir='ltr'>l.</span> <span class='ocrx_word' id='word_1_181' title='bbox 214 2109 239 2162; x_wconf 77' lang='lat' dir='ltr'>l.</span> <span class='ocrx_word' id='word_1_182' title='bbox 264 2106 309 2159; x_wconf 80' lang='lat' dir='ltr'>Ad</span> <span class='ocrx_word' id='word_1_183' title='bbox 327 2107 501 2160; x_wconf 86' lang='lat' dir='ltr'>sententiam</span> <span class='ocrx_word' id='word_1_184' title='bbox 527 2106 573 2173; x_wconf 92' lang='lat' dir='ltr'>iis,</span> <span class='ocrx_word' id='word_1_185' title='bbox 599 2122 669 2175; x_wconf 83' lang='lat' dir='ltr'>quos</span> <span class='ocrx_word' id='word_1_186' title='bbox 695 2106 791 2159; x_wconf 77' lang='lat' dir='ltr'>laudet</span> <span class='ocrx_word' id='word_1_187' title='bbox 808 2106 889 2174; x_wconf 77' lang='lat' dir='ltr'>Dar,</span> <span class='ocrx_word' id='word_1_188' title='bbox 916 2107 985 2162; x_wconf 84' lang='lat' dir='ltr'>edde</span> <span class='ocrx_word' id='word_1_189' title='bbox 1004 2107 1082 2161; x_wconf 84' lang='lat' dir='ltr'>Coel.</span> <span class='ocrx_word' id='word_1_190' title='bbox 1107 2106 1217 2162; x_wconf 83' lang='lat' dir='ltr'>Rhodi-</span> 
     </span>
    </p>

    <p class='ocr_par' dir='ltr' id='par_1_6' title="bbox 62 2173 1220 4232">
     <span class='ocr_line' id='line_1_23' title="bbox 85 2173 1215 2247; baseline 0.001 -18"><span class='ocrx_word' id='word_1_191' title='bbox 85 2177 92 2189; x_wconf 91' lang='lat'>&#39;</span> <span class='ocrx_word' id='word_1_192' title='bbox 115 2216 122 2228; x_wconf 89' lang='lat'><em>.</em></span> <span class='ocrx_word' id='word_1_193' title='bbox 143 2176 224 2230; x_wconf 79' lang='lat' dir='ltr'>Antt.</span> <span class='ocrx_word' id='word_1_194' title='bbox 254 2178 347 2231; x_wconf 83' lang='lat' dir='ltr'>Lectt.</span> <span class='ocrx_word' id='word_1_195' title='bbox 367 2178 456 2231; x_wconf 82' lang='lat' dir='ltr'>xvn.</span> <span class='ocrx_word' id='word_1_196' title='bbox 476 2179 502 2232; x_wconf 81' lang='lat'>5.</span> <span class='ocrx_word' id='word_1_197' title='bbox 529 2194 558 2247; x_wconf 85' lang='lat' dir='ltr'>p.</span> <span class='ocrx_word' id='word_1_198' title='bbox 578 2178 662 2231; x_wconf 76' lang='grc'>9003</span> <span class='ocrx_word' id='word_1_199' title='bbox 685 2213 691 2225; x_wconf 87' lang='grc'><strong>.</strong></span> <span class='ocrx_word' id='word_1_200' title='bbox 717 2173 781 2240; x_wconf 76' lang='lat' dir='ltr'>(Ed.</span> <span class='ocrx_word' id='word_1_201' title='bbox 801 2175 881 2230; x_wconf 78' lang='lat' dir='ltr'>Frcf.</span> <span class='ocrx_word' id='word_1_202' title='bbox 903 2178 993 2243; x_wconf 83' lang='grc'>1666.)</span> <span class='ocrx_word' id='word_1_203' title='bbox 1022 2181 1097 2231; x_wconf 83' lang='lat' dir='ltr'>cont.</span> <span class='ocrx_word' id='word_1_204' title='bbox 1126 2180 1215 2232; x_wconf 90' lang='lat' dir='ltr'>eiusd.</span> 
     </span>
     <span class='ocr_line' id='line_1_24' title="bbox 87 2191 1215 2320; baseline 0.002 -21"><span class='ocrx_word' id='word_1_205' title='bbox 87 2246 133 2300; x_wconf 90' lang='lat' dir='ltr'>bri</span> <span class='ocrx_word' id='word_1_206' title='bbox 159 2265 184 2299; x_wconf 89' lang='lat' dir='ltr'>c.</span> <span class='ocrx_word' id='word_1_207' title='bbox 206 2254 229 2304; x_wconf 93' lang='lat' dir='ltr'>l.</span> <span class='ocrx_word' id='word_1_208' title='bbox 255 2266 282 2320; x_wconf 88' lang='lat' dir='ltr'>p.</span> <span class='ocrx_word' id='word_1_209' title='bbox 302 2250 363 2303; x_wconf 69' lang='lat'>892.</span> <span class='ocrx_word' id='word_1_210' title='bbox 391 2274 424 2285; x_wconf 97' lang='lat'><em>-</em></span> <span class='ocrx_word' id='word_1_211' title='bbox 460 2248 514 2299; x_wconf 86' lang='lat' dir='ltr'>Pro</span> <span class='ocrx_word' id='word_1_212' title='bbox 540 2251 579 2298; x_wconf 79' lang='lat' dir='ltr'>ut</span> <span class='ocrx_word' id='word_1_213' title='bbox 602 2191 740 2314; x_wconf 55' lang='lat' dir='ltr'>ephot</span> <span class='ocrx_word' id='word_1_214' title='bbox 760 2248 835 2298; x_wconf 81' lang='lat' dir='ltr'>ltlon.</span> <span class='ocrx_word' id='word_1_215' title='bbox 858 2252 882 2301; x_wconf 89' lang='lat'>1.</span> <span class='ocrx_word' id='word_1_216' title='bbox 908 2255 965 2300; x_wconf 82' lang='lat' dir='ltr'>out</span> <span class='ocrx_word' id='word_1_217' title='bbox 991 2264 1050 2316; x_wconf 81' lang='lat' dir='ltr'>ego.</span> <span class='ocrx_word' id='word_1_218' title='bbox 1070 2249 1123 2301; x_wconf 80' lang='lat' dir='ltr'>Ed.</span> <span class='ocrx_word' id='word_1_219' title='bbox 1143 2250 1215 2302; x_wconf 80' lang='lat' dir='ltr'>Ven.</span> 
     </span>
     <span class='ocr_line' id='line_1_25' title="bbox 62 2315 1218 2385; baseline 0.001 -15"><span class='ocrx_word' id='word_1_220' title='bbox 62 2316 163 2372; x_wconf 78' lang='lat' dir='ltr'>Alteri</span> <span class='ocrx_word' id='word_1_221' title='bbox 183 2336 219 2371; x_wconf 87' lang='lat' dir='ltr'>ex</span> <span class='ocrx_word' id='word_1_222' title='bbox 238 2336 312 2372; x_wconf 90' lang='lat' dir='ltr'>corr.</span> <span class='ocrx_word' id='word_1_223' title='bbox 332 2323 369 2370; x_wconf 79' lang='lat' dir='ltr'>ut</span> <span class='ocrx_word' id='word_1_224' title='bbox 387 2334 481 2385; x_wconf 73' lang='lat' dir='ltr'>ergo.</span> <span class='ocrx_word' id='word_1_225' title='bbox 498 2319 576 2369; x_wconf 82' lang='lat' dir='ltr'>Mon.</span> <span class='ocrx_word' id='word_1_226' title='bbox 596 2319 625 2373; x_wconf 77' lang='lat'>2:</span> <span class='ocrx_word' id='word_1_227' title='bbox 642 2315 798 2368; x_wconf 71' lang='lat' dir='ltr'>tardiorem</span> <span class='ocrx_word' id='word_1_228' title='bbox 815 2332 858 2370; x_wconf 89' lang='lat' dir='ltr'>me</span> <span class='ocrx_word' id='word_1_229' title='bbox 876 2333 945 2373; x_wconf 80' lang='lat' dir='ltr'>esre.</span> <span class='ocrx_word' id='word_1_230' title='bbox 980 2316 1025 2370; x_wconf 84' lang='lat' dir='ltr'>Ad</span> <span class='ocrx_word' id='word_1_231' title='bbox 1041 2319 1114 2371; x_wconf 81' lang='lat' dir='ltr'>haec</span> <span class='ocrx_word' id='word_1_232' title='bbox 1131 2319 1218 2372; x_wconf 67' lang='lat' dir='ltr'>verbi</span> 
     </span>
     <span class='ocr_line' id='line_1_26' title="bbox 64 2386 1218 2457; baseline -0.001 -15"><span class='ocrx_word' id='word_1_233' title='bbox 64 2397 146 2442; x_wconf 86' lang='lat' dir='ltr'>recte</span> <span class='ocrx_word' id='word_1_234' title='bbox 164 2389 320 2442; x_wconf 85' lang='lat' dir='ltr'>Kiihnerns</span> <span class='ocrx_word' id='word_1_235' title='bbox 338 2399 445 2452; x_wconf 74' lang='lat' dir='ltr'>monet,</span> <span class='ocrx_word' id='word_1_236' title='bbox 469 2389 644 2457; x_wconf 89' lang='lat' dir='ltr'>interpretes</span> <span class='ocrx_word' id='word_1_237' title='bbox 683 2386 840 2439; x_wconf 85' lang='lat' dir='ltr'>ennanicos</span> <span class='ocrx_word' id='word_1_238' title='bbox 858 2387 979 2439; x_wconf 80' lang='lat' dir='ltr'>verbum</span> <span class='ocrx_word' id='word_1_239' title='bbox 1005 2388 1159 2440; x_wconf 81' lang='lat' dir='ltr'>tardiorem</span> <span class='ocrx_word' id='word_1_240' title='bbox 1182 2387 1218 2442; x_wconf 81' lang='lat' dir='ltr'>sd</span> 
     </span>
     <span class='ocr_line' id='line_1_27' title="bbox 63 2455 1217 2527; baseline 0 -15"><span class='ocrx_word' id='word_1_241' title='bbox 63 2459 231 2526; x_wconf 64' lang='lat' dir='ltr'>inguinem</span> <span class='ocrx_word' id='word_1_242' title='bbox 248 2459 396 2512; x_wconf 84' lang='lat' dir='ltr'>trahentes</span> <span class='ocrx_word' id='word_1_243' title='bbox 414 2455 539 2523; x_wconf 83' lang='lat' dir='ltr'>verte&#39;re,</span> <span class='ocrx_word' id='word_1_244' title='bbox 559 2473 592 2510; x_wconf 79' lang='lat' dir='ltr'>ac</span> <span class='ocrx_word' id='word_1_245' title='bbox 610 2457 634 2509; x_wconf 88' lang='lat' dir='ltr'>si</span> <span class='ocrx_word' id='word_1_246' title='bbox 676 2457 753 2508; x_wconf 86' lang='lat' dir='ltr'>icero</span> <span class='ocrx_word' id='word_1_247' title='bbox 773 2455 870 2509; x_wconf 88' lang='lat' dir='ltr'>dicere</span> <span class='ocrx_word' id='word_1_248' title='bbox 887 2457 1029 2510; x_wconf 83' lang='lat' dir='ltr'>voluerit:</span> <span class='ocrx_word' id='word_1_249' title='bbox 1055 2464 1084 2510; x_wconf 82' lang='lat' dir='ltr'>ut</span> <span class='ocrx_word' id='word_1_250' title='bbox 1103 2474 1155 2527; x_wconf 71' lang='lat' dir='ltr'>ego</span> <span class='ocrx_word' id='word_1_251' title='bbox 1173 2471 1217 2513; x_wconf 85' lang='lat' dir='ltr'>me</span> 
     </span>
     <span class='ocr_line' id='line_1_28' title="bbox 63 2523 1218 2599; baseline 0.003 -18"><span class='ocrx_word' id='word_1_252' title='bbox 63 2530 218 2583; x_wconf 75' lang='lat' dir='ltr'>tardiorem</span> <span class='ocrx_word' id='word_1_253' title='bbox 236 2529 404 2599; x_wconf 61' lang='lat' dir='ltr'>runfflinem</span> <span class='ocrx_word' id='word_1_254' title='bbox 420 2526 530 2593; x_wconf 79' lang='lat' dir='ltr'>bebere,</span> <span class='ocrx_word' id='word_1_255' title='bbox 549 2526 578 2578; x_wconf 89' lang='lat' dir='ltr'>h.</span> <span class='ocrx_word' id='word_1_256' title='bbox 593 2542 617 2578; x_wconf 91' lang='lat' dir='ltr'>e.</span> <span class='ocrx_word' id='word_1_257' title='bbox 636 2541 680 2580; x_wconf 87' lang='lat' dir='ltr'>me</span> <span class='ocrx_word' id='word_1_258' title='bbox 696 2523 919 2580; x_wconf 81' lang='lat' dir='ltr'>melancholicum</span> <span class='ocrx_word' id='word_1_259' title='bbox 936 2543 1006 2594; x_wconf 87' lang='lat' dir='ltr'>esre,</span> <span class='ocrx_word' id='word_1_260' title='bbox 1033 2544 1086 2582; x_wconf 78' lang='lat' dir='ltr'>mor</span> <span class='ocrx_word' id='word_1_261' title='bbox 1105 2530 1218 2585; x_wconf 81' lang='lat' dir='ltr'>moleste</span> 
     </span>
     <span class='ocr_line' id='line_1_29' title="bbox 63 2597 1218 2676; baseline 0.001 -22"><span class='ocrx_word' id='word_1_262' title='bbox 63 2601 165 2667; x_wconf 72' lang='lat' dir='ltr'>feram</span> <span class='ocrx_word' id='word_1_263' title='bbox 203 2604 357 2671; x_wconf 84' lang='lat' dir='ltr'>Perperam</span> <span class='ocrx_word' id='word_1_264' title='bbox 375 2617 445 2652; x_wconf 81' lang='lat' dir='ltr'>vero</span> <span class='ocrx_word' id='word_1_265' title='bbox 470 2599 525 2650; x_wconf 92' lang='lat' dir='ltr'>hoc</span> <span class='ocrx_word' id='word_1_266' title='bbox 548 2597 623 2663; x_wconf 85' lang='lat' dir='ltr'>fieri,</span> <span class='ocrx_word' id='word_1_267' title='bbox 652 2598 720 2668; x_wconf 80' lang='lat' dir='ltr'>quia</span> <span class='ocrx_word' id='word_1_268' title='bbox 738 2598 839 2650; x_wconf 82' lang='lat' dir='ltr'>tardur</span> <span class='ocrx_word' id='word_1_269' title='bbox 856 2599 925 2650; x_wconf 78' lang='lat' dir='ltr'>alibi</span> <span class='ocrx_word' id='word_1_270' title='bbox 944 2616 1002 2652; x_wconf 92' lang='lat' dir='ltr'>non</span> <span class='ocrx_word' id='word_1_271' title='bbox 1026 2599 1060 2652; x_wconf 92' lang='lat' dir='ltr'>de</span> <span class='ocrx_word' id='word_1_272' title='bbox 1078 2601 1218 2676; x_wconf 78' lang='lat' dir='ltr'>sanguine</span> 
     </span>
     <span class='ocr_line' id='line_1_30' title="bbox 64 2668 1218 2741; baseline 0.002 -16"><span class='ocrx_word' id='word_1_273' title='bbox 64 2672 189 2736; x_wconf 79' lang='lat' dir='ltr'>dicatur,</span> <span class='ocrx_word' id='word_1_274' title='bbox 209 2682 239 2726; x_wconf 90' lang='lat' dir='ltr'>et</span> <span class='ocrx_word' id='word_1_275' title='bbox 257 2671 399 2726; x_wconf 84' lang='lat' dir='ltr'>sententis</span> <span class='ocrx_word' id='word_1_276' title='bbox 416 2677 566 2741; x_wconf 83' lang='lat' dir='ltr'>praeterea</span> <span class='ocrx_word' id='word_1_277' title='bbox 584 2668 679 2721; x_wconf 84' lang='lat' dir='ltr'>exiret</span> <span class='ocrx_word' id='word_1_278' title='bbox 696 2668 815 2720; x_wconf 81' lang='lat' dir='ltr'>insulsa:</span> <span class='ocrx_word' id='word_1_279' title='bbox 835 2669 917 2739; x_wconf 84' lang='lat' dir='ltr'>loqui</span> <span class='ocrx_word' id='word_1_280' title='bbox 934 2669 1028 2740; x_wconf 89' lang='lat' dir='ltr'>potius</span> <span class='ocrx_word' id='word_1_281' title='bbox 1047 2671 1218 2727; x_wconf 80' lang='lat' dir='ltr'>Ciceronem</span> 
     </span>
     <span class='ocr_line' id='line_1_31' title="bbox 64 2738 1218 2827; baseline 0.001 -30"><span class='ocrx_word' id='word_1_282' title='bbox 64 2743 212 2812; x_wconf 71' lang='grc' dir='ltr'><strong><em>εἰρωνικῶς</em></strong></span> <span class='ocrx_word' id='word_1_283' title='bbox 237 2742 395 2796; x_wconf 85' lang='lat' dir='ltr'>dicentem:</span> <span class='ocrx_word' id='word_1_284' title='bbox 424 2739 594 2792; x_wconf 82' lang='lat' dir='ltr'>Aristoteles</span> <span class='ocrx_word' id='word_1_285' title='bbox 612 2755 709 2822; x_wconf 79' lang='lat' dir='ltr'>omnes</span> <span class='ocrx_word' id='word_1_286' title='bbox 733 2738 775 2790; x_wconf 83' lang='lat' dir='ltr'>eit</span> <span class='ocrx_word' id='word_1_287' title='bbox 800 2738 962 2825; x_wconf 78' lang='lat' dir='ltr'>ingeniosos</span> <span class='ocrx_word' id='word_1_288' title='bbox 988 2742 1218 2827; x_wconf 76' lang='lat' dir='ltr'>melancholicos</span> 
     </span>
     <span class='ocr_line' id='line_1_32' title="bbox 64 2809 1219 2963; baseline -0.001 -25"><span class='ocrx_word' id='word_1_289' title='bbox 64 2809 1219 2963; x_wconf 55' lang='lat' dir='ltr'>3212·tittimetis?*323²l303235tt15m,3?⁰r‚tttztztot‘tgtt</span> 
     </span>
     <span class='ocr_line' id='line_1_33' title="bbox 65 2951 1217 3027; baseline 0.003 -20"><span class='ocrx_word' id='word_1_290' title='bbox 65 2956 124 3020; x_wconf 89' lang='lat' dir='ltr'>uio,</span> <span class='ocrx_word' id='word_1_291' title='bbox 144 2956 207 3009; x_wconf 89' lang='lat' dir='ltr'>sine</span> <span class='ocrx_word' id='word_1_292' title='bbox 224 2953 424 3020; x_wconf 78' lang='lat' dir='ltr'>melancholia,</span> <span class='ocrx_word' id='word_1_293' title='bbox 443 2953 520 3004; x_wconf 86' lang='lat' dir='ltr'>malo</span> <span class='ocrx_word' id='word_1_294' title='bbox 539 2969 606 3017; x_wconf 88' lang='lat' dir='ltr'>esse,</span> <span class='ocrx_word' id='word_1_295' title='bbox 626 2968 713 3023; x_wconf 84' lang='lat' dir='ltr'>quam</span> <span class='ocrx_word' id='word_1_296' title='bbox 730 2951 843 3027; x_wconf 76' lang='lat' dir='ltr'>ingenii</span> <span class='ocrx_word' id='word_1_297' title='bbox 860 2957 1035 3024; x_wconf 82' lang='lat' dir='ltr'>praestantia</span> <span class='ocrx_word' id='word_1_298' title='bbox 1060 2956 1217 3024; x_wconf 86' lang='lat' dir='ltr'>excellere,</span> 
     </span>
     <span class='ocr_line' id='line_1_34' title="bbox 64 3022 1219 3094; baseline 0.001 -15"><span class='ocrx_word' id='word_1_299' title='bbox 64 3027 258 3080; x_wconf 79' lang='lat' dir='ltr'>melancholia</span> <span class='ocrx_word' id='word_1_300' title='bbox 277 3026 416 3078; x_wconf 84' lang='lat' dir='ltr'>laborans.</span> <span class='ocrx_word' id='word_1_301' title='bbox 453 3023 518 3076; x_wconf 79' lang='lat' dir='ltr'>&#39;l&#39;ali</span> <span class='ocrx_word' id='word_1_302' title='bbox 542 3022 625 3076; x_wconf 89' lang='lat' dir='ltr'>modo</span> <span class='ocrx_word' id='word_1_303' title='bbox 647 3022 753 3074; x_wconf 79' lang='lat' dir='ltr'>mirem</span> <span class='ocrx_word' id='word_1_304' title='bbox 771 3024 936 3076; x_wconf 80' lang='lat' dir='ltr'>Aristotelis</span> <span class='ocrx_word' id='word_1_305' title='bbox 961 3026 1126 3094; x_wconf 83' lang='lat' dir='ltr'>opinionem</span> <span class='ocrx_word' id='word_1_306' title='bbox 1151 3043 1219 3080; x_wconf 85' lang='lat' dir='ltr'>con·</span> 
     </span>
     <span class='ocr_line' id='line_1_35' title="bbox 64 3090 1217 3165; baseline 0.002 -16"><span class='ocrx_word' id='word_1_307' title='bbox 64 3098 160 3150; x_wconf 79' lang='lat' dir='ltr'>futare</span> <span class='ocrx_word' id='word_1_308' title='bbox 178 3090 303 3152; x_wconf 80' lang='lat' dir='ltr'>voluiss’e</span> <span class='ocrx_word' id='word_1_309' title='bbox 321 3096 440 3149; x_wconf 82' lang='lat' dir='ltr'>videtur</span> <span class='ocrx_word' id='word_1_310' title='bbox 458 3095 559 3148; x_wconf 87' lang='lat' dir='ltr'>Cicero</span> <span class='ocrx_word' id='word_1_311' title='bbox 578 3124 611 3135; x_wconf 92' lang='lat'>-</span> <span class='ocrx_word' id='word_1_312' title='bbox 632 3110 721 3165; x_wconf 79' lang='lat' dir='ltr'>qnare</span> <span class='ocrx_word' id='word_1_313' title='bbox 739 3094 817 3147; x_wconf 85' lang='lat' dir='ltr'>addit</span> <span class='ocrx_word' id='word_1_314' title='bbox 836 3095 935 3146; x_wconf 82' lang='lat' dir='ltr'>etiam:</span> <span class='ocrx_word' id='word_1_315' title='bbox 955 3095 1039 3163; x_wconf 83' lang='lat' dir='ltr'>idque</span> <span class='ocrx_word' id='word_1_316' title='bbox 1058 3096 1141 3164; x_wconf 73' lang='lat' dir='ltr'>puori</span> <span class='ocrx_word' id='word_1_317' title='bbox 1152 3113 1217 3151; x_wconf 84' lang='lat' dir='ltr'>com·</span> 
     </span>
     <span class='ocr_line' id='line_1_36' title="bbox 65 3163 1218 3239; baseline 0 -18"><span class='ocrx_word' id='word_1_318' title='bbox 65 3173 119 3221; x_wconf 83' lang='lat' dir='ltr'>etet</span> <span class='ocrx_word' id='word_1_319' title='bbox 139 3176 194 3220; x_wconf 88' lang='lat' dir='ltr'>etc.</span> <span class='ocrx_word' id='word_1_320' title='bbox 213 3169 300 3222; x_wconf 85' lang='lat' dir='ltr'>llecte</span> <span class='ocrx_word' id='word_1_321' title='bbox 317 3166 479 3220; x_wconf 83' lang='lat' dir='ltr'>Riihnerus.</span> <span class='ocrx_word' id='word_1_322' title='bbox 516 3163 573 3219; x_wconf 85' lang='lat' dir='ltr'>Sed</span> <span class='ocrx_word' id='word_1_323' title='bbox 590 3179 649 3216; x_wconf 86' lang='lat' dir='ltr'>non</span> <span class='ocrx_word' id='word_1_324' title='bbox 668 3181 764 3217; x_wconf 88' lang='lat' dir='ltr'>omnes</span> <span class='ocrx_word' id='word_1_325' title='bbox 784 3164 957 3235; x_wconf 80' lang='lat' dir='ltr'>interpretes</span> <span class='ocrx_word' id='word_1_326' title='bbox 968 3167 1137 3218; x_wconf 76' lang='lat' dir='ltr'>Germanici</span> <span class='ocrx_word' id='word_1_327' title='bbox 1150 3185 1218 3239; x_wconf 80' lang='lat' dir='ltr'>per-</span> 
     </span>
     <span class='ocr_line' id='line_1_37' title="bbox 63 3233 1217 3310; baseline 0 -19"><span class='ocrx_word' id='word_1_328' title='bbox 63 3255 166 3310; x_wconf 78' lang='lat' dir='ltr'>peram</span> <span class='ocrx_word' id='word_1_329' title='bbox 191 3238 402 3292; x_wconf 78' lang='lat' dir='ltr'>intellexerunt</span> <span class='ocrx_word' id='word_1_330' title='bbox 423 3236 528 3289; x_wconf 89' lang='lat' dir='ltr'>locum.</span> <span class='ocrx_word' id='word_1_331' title='bbox 571 3233 689 3289; x_wconf 81' lang='lat' dir='ltr'>Diezius</span> <span class='ocrx_word' id='word_1_332' title='bbox 716 3236 795 3288; x_wconf 90' lang='lat' dir='ltr'>enim</span> <span class='ocrx_word' id='word_1_333' title='bbox 821 3235 852 3286; x_wconf 90' lang='lat' dir='ltr'>in</span> <span class='ocrx_word' id='word_1_334' title='bbox 878 3237 1011 3289; x_wconf 82' lang='lat' dir='ltr'>versione</span> <span class='ocrx_word' id='word_1_335' title='bbox 1038 3236 1108 3289; x_wconf 89' lang='lat' dir='ltr'>libri</span> <span class='ocrx_word' id='word_1_336' title='bbox 1126 3237 1217 3307; x_wconf 87' lang='lat' dir='ltr'>primi</span> 
     </span>
     <span class='ocr_line' id='line_1_38' title="bbox 64 3301 1220 3384; baseline -0.001 -21"><span class='ocrx_word' id='word_1_337' title='bbox 64 3309 185 3363; x_wconf 86' lang='lat' dir='ltr'>seorsim</span> <span class='ocrx_word' id='word_1_338' title='bbox 211 3311 288 3363; x_wconf 77' lang='lat' dir='ltr'>edita</span> <span class='ocrx_word' id='word_1_339' title='bbox 313 3309 449 3384; x_wconf 82' lang='lat' dir='ltr'>(Magdeb.</span> <span class='ocrx_word' id='word_1_340' title='bbox 475 3324 504 3359; x_wconf 91' lang='lat' dir='ltr'>u.</span> <span class='ocrx_word' id='word_1_341' title='bbox 525 3307 594 3378; x_wconf 70' lang='grc' dir='ltr'>[ιρι.</span> <span class='ocrx_word' id='word_1_342' title='bbox 617 3306 707 3372; x_wconf 81' lang='grc'><strong>1786.)</strong></span> <span class='ocrx_word' id='word_1_343' title='bbox 733 3305 838 3358; x_wconf 82' lang='lat' dir='ltr'>vertit:</span> <span class='ocrx_word' id='word_1_344' title='bbox 876 3306 1038 3359; x_wconf 82' lang='lat' dir='ltr'>weshelb</span> <span class='ocrx_word' id='word_1_345' title='bbox 1070 3301 1131 3358; x_wconf 86' lang='lat' dir='ltr'>ich</span> <span class='ocrx_word' id='word_1_346' title='bbox 1156 3307 1220 3362; x_wconf 82' lang='lat' dir='ltr'>aui</span> 
     </span>
     <span class='ocr_line' id='line_1_39' title="bbox 65 3375 1215 3455; baseline 0.003 -23"><span class='ocrx_word' id='word_1_347' title='bbox 65 3380 492 3455; x_wconf 79' lang='lat' dir='ltr'>meinen&#39;langsamern</span> <span class='ocrx_word' id='word_1_348' title='bbox 509 3377 614 3448; x_wconf 85' lang='lat' dir='ltr'>Kopi</span> <span class='ocrx_word' id='word_1_349' title='bbox 630 3377 718 3429; x_wconf 89' lang='lat' dir='ltr'>eben</span> <span class='ocrx_word' id='word_1_350' title='bbox 736 3375 841 3428; x_wconf 88' lang='lat' dir='ltr'>nicht</span> <span class='ocrx_word' id='word_1_351' title='bbox 858 3376 942 3431; x_wconf 80' lang='lat' dir='ltr'>blise</span> <span class='ocrx_word' id='word_1_352' title='bbox 961 3379 1043 3432; x_wconf 89' lang='lat' dir='ltr'>sein</span> <span class='ocrx_word' id='word_1_353' title='bbox 1062 3379 1215 3436; x_wconf 81' lang='lat' dir='ltr'>mb&#39;chte.</span> 
     </span>
     <span class='ocr_line' id='line_1_40' title="bbox 63 3445 1215 3526; baseline 0.002 -23"><span class='ocrx_word' id='word_1_354' title='bbox 63 3450 256 3526; x_wconf 73' lang='lat' dir='ltr'>Bilchlingius</span> <span class='ocrx_word' id='word_1_355' title='bbox 292 3452 323 3501; x_wconf 93' lang='lat' dir='ltr'>in</span> <span class='ocrx_word' id='word_1_356' title='bbox 349 3467 423 3503; x_wconf 80' lang='lat' dir='ltr'>vers.</span> <span class='ocrx_word' id='word_1_357' title='bbox 452 3449 581 3502; x_wconf 88' lang='lat' dir='ltr'>omnium</span> <span class='ocrx_word' id='word_1_358' title='bbox 604 3449 637 3499; x_wconf 79' lang='lat' dir='ltr'>V.</span> <span class='ocrx_word' id='word_1_359' title='bbox 664 3446 820 3500; x_wconf 87' lang='lat' dir='ltr'>librorum:</span> <span class='ocrx_word' id='word_1_360' title='bbox 855 3449 906 3501; x_wconf 87' lang='lat' dir='ltr'>lm</span> <span class='ocrx_word' id='word_1_361' title='bbox 932 3445 1215 3524; x_wconf 79' lang='lat' dir='ltr'>Verbeygehent</span> 
     </span>
     <span class='ocr_line' id='line_1_41' title="bbox 65 3517 1217 3594; baseline 0.003 -21"><span class='ocrx_word' id='word_1_362' title='bbox 65 3520 206 3574; x_wconf 90' lang='lat' dir='ltr'>ichbin</span> <span class='ocrx_word' id='word_1_363' title='bbox 226 3539 261 3574; x_wconf 89' lang='lat' dir='ltr'>es</span> <span class='ocrx_word' id='word_1_364' title='bbox 280 3521 493 3584; x_wconf 81' lang='lat' dir='ltr'>znfrieden,</span> <span class='ocrx_word' id='word_1_365' title='bbox 520 3517 687 3594; x_wconf 74' lang='lat' dir='ltr'>weniger</span> <span class='ocrx_word' id='word_1_366' title='bbox 713 3517 914 3572; x_wconf 83' lang='lat' dir='ltr'>talentroll</span> <span class='ocrx_word' id='word_1_367' title='bbox 934 3537 977 3572; x_wconf 79' lang='lat' dir='ltr'>zu</span> <span class='ocrx_word' id='word_1_368' title='bbox 1003 3520 1091 3574; x_wconf 90' lang='lat' dir='ltr'>sein.</span> <span class='ocrx_word' id='word_1_369' title='bbox 1128 3522 1217 3586; x_wconf 73' lang='lat' dir='ltr'>llecte</span> 
     </span>
     <span class='ocr_line' id='line_1_42' title="bbox 65 3588 1217 3658; baseline 0.001 -12"><span class='ocrx_word' id='word_1_370' title='bbox 65 3593 154 3646; x_wconf 81' lang='lat' dir='ltr'>etism</span> <span class='ocrx_word' id='word_1_371' title='bbox 182 3593 272 3645; x_wconf 80' lang='lat' dir='ltr'>vertit</span> <span class='ocrx_word' id='word_1_372' title='bbox 299 3590 443 3644; x_wconf 80' lang='lat' dir='ltr'>Olivetus:</span> <span class='ocrx_word' id='word_1_373' title='bbox 476 3591 541 3642; x_wconf 74' lang='lat' dir='ltr'>dett</span> <span class='ocrx_word' id='word_1_374' title='bbox 568 3605 599 3642; x_wconf 91' lang='lat' dir='ltr'>ce</span> <span class='ocrx_word' id='word_1_375' title='bbox 621 3588 671 3658; x_wconf 79' lang='lat' dir='ltr'>qui</span> <span class='ocrx_word' id='word_1_376' title='bbox 694 3603 738 3642; x_wconf 88' lang='lat' dir='ltr'>me</span> <span class='ocrx_word' id='word_1_377' title='bbox 764 3592 872 3643; x_wconf 80' lang='lat' dir='ltr'>console</span> <span class='ocrx_word' id='word_1_378' title='bbox 899 3591 932 3643; x_wconf 94' lang='lat' dir='ltr'>de</span> <span class='ocrx_word' id='word_1_379' title='bbox 950 3592 979 3644; x_wconf 81' lang='lat' dir='ltr'>te</span> <span class='ocrx_word' id='word_1_380' title='bbox 997 3591 1163 3646; x_wconf 71' lang='lat' dir='ltr'>mediocrite</span> <span class='ocrx_word' id='word_1_381' title='bbox 1181 3592 1217 3648; x_wconf 84' lang='lat' dir='ltr'>de</span> 
     </span>
     <span class='ocr_line' id='line_1_43' title="bbox 63 3660 1217 3732; baseline 0.002 -15"><span class='ocrx_word' id='word_1_382' title='bbox 63 3680 127 3717; x_wconf 82' lang='lat' dir='ltr'>mor</span> <span class='ocrx_word' id='word_1_383' title='bbox 144 3663 235 3729; x_wconf 68' lang='lat' dir='ltr'>genie.</span> <span class='ocrx_word' id='word_1_384' title='bbox 273 3661 362 3728; x_wconf 79' lang='lat' dir='ltr'>Quam</span> <span class='ocrx_word' id='word_1_385' title='bbox 380 3677 461 3732; x_wconf 83' lang='lat' dir='ltr'>saepe</span> <span class='ocrx_word' id='word_1_386' title='bbox 479 3660 714 3731; x_wconf 82' lang='lat' dir='ltr'>nutem,torditor</span> <span class='ocrx_word' id='word_1_387' title='bbox 732 3670 761 3714; x_wconf 86' lang='lat' dir='ltr'>et</span> <span class='ocrx_word' id='word_1_388' title='bbox 779 3662 879 3714; x_wconf 84' lang='lat' dir='ltr'>tordur</span> <span class='ocrx_word' id='word_1_389' title='bbox 904 3661 939 3714; x_wconf 87' lang='lat' dir='ltr'>de</span> <span class='ocrx_word' id='word_1_390' title='bbox 958 3663 989 3716; x_wconf 91' lang='lat' dir='ltr'>in</span> <span class='ocrx_word' id='word_1_391' title='bbox 1011 3664 1076 3717; x_wconf 86' lang='lat' dir='ltr'>enio</span> <span class='ocrx_word' id='word_1_392' title='bbox 1103 3664 1217 3719; x_wconf 81' lang='lat' dir='ltr'>dicetur</span> 
     </span>
     <span class='ocr_line' id='line_1_44' title="bbox 65 3731 1216 3809; baseline 0 -22"><span class='ocrx_word' id='word_1_393' title='bbox 65 3752 82 3787; x_wconf 80' lang='lat' dir='ltr'>a</span> <span class='ocrx_word' id='word_1_394' title='bbox 100 3736 250 3799; x_wconf 85' lang='lat' dir='ltr'>Cicerone,</span> <span class='ocrx_word' id='word_1_395' title='bbox 269 3750 353 3786; x_wconf 90' lang='lat' dir='ltr'>nemo</span> <span class='ocrx_word' id='word_1_396' title='bbox 372 3741 423 3799; x_wconf 85' lang='lat' dir='ltr'>est,</span> <span class='ocrx_word' id='word_1_397' title='bbox 463 3733 494 3782; x_wconf 91' lang='lat' dir='ltr'>ni</span> <span class='ocrx_word' id='word_1_398' title='bbox 512 3731 629 3783; x_wconf 77' lang='lat' dir='ltr'>nesciat.</span> <span class='ocrx_word' id='word_1_399' title='bbox 650 3763 683 3774; x_wconf 92' lang='lat'>-</span> <span class='ocrx_word' id='word_1_400' title='bbox 719 3731 825 3784; x_wconf 85' lang='lat' dir='ltr'>Vocem</span> <span class='ocrx_word' id='word_1_401' title='bbox 843 3747 888 3785; x_wconf 82' lang='lat' dir='ltr'>me</span> <span class='ocrx_word' id='word_1_402' title='bbox 905 3733 1016 3787; x_wconf 79' lang='lat' dir='ltr'>omittit</span> <span class='ocrx_word' id='word_1_403' title='bbox 1035 3733 1124 3809; x_wconf 48' lang='lat' dir='ltr'>lnge</span> <span class='ocrx_word' id='word_1_404' title='bbox 1151 3751 1216 3788; x_wconf 80' lang='lat' dir='ltr'>ver·</span> 
     </span>
     <span class='ocr_line' id='line_1_45' title="bbox 64 3751 1215 3872; baseline 0 -14"><span class='ocrx_word' id='word_1_405' title='bbox 64 3804 134 3858; x_wconf 85' lang='lat' dir='ltr'>bum</span> <span class='ocrx_word' id='word_1_406' title='bbox 163 3821 224 3858; x_wconf 80' lang='lat' dir='ltr'>esse</span> <span class='ocrx_word' id='word_1_407' title='bbox 253 3805 308 3856; x_wconf 93' lang='lat' dir='ltr'>duo</span> <span class='ocrx_word' id='word_1_408' title='bbox 336 3806 406 3858; x_wconf 76' lang='lat'>0¹1.</span> <span class='ocrx_word' id='word_1_409' title='bbox 443 3751 520 3855; x_wconf 37' lang='lat' dir='ltr'>*um</span> <span class='ocrx_word' id='word_1_410' title='bbox 543 3801 609 3855; x_wconf 88' lang='lat' dir='ltr'>Cod.</span> <span class='ocrx_word' id='word_1_411' title='bbox 636 3799 750 3872; x_wconf 76' lang='lat' dir='ltr'>Gryph.</span> <span class='ocrx_word' id='word_1_412' title='bbox 780 3813 809 3856; x_wconf 89' lang='lat' dir='ltr'>et</span> <span class='ocrx_word' id='word_1_413' title='bbox 835 3821 908 3856; x_wconf 82' lang='lat' dir='ltr'>unus</span> <span class='ocrx_word' id='word_1_414' title='bbox 934 3805 984 3857; x_wconf 88' lang='lat' dir='ltr'>Ox.</span> <span class='ocrx_word' id='word_1_415' title='bbox 1011 3805 1048 3857; x_wconf 83' lang='lat' dir='ltr'>Et</span> <span class='ocrx_word' id='word_1_416' title='bbox 1077 3809 1215 3858; x_wconf 79' lang='lat' dir='ltr'>numerat.</span> 
     </span>
     <span class='ocr_line' id='line_1_46' title="bbox 64 3871 1217 3951; baseline 0.002 -24"><span class='ocrx_word' id='word_1_417' title='bbox 64 3875 139 3951; x_wconf 79' lang='lat' dir='ltr'>Aug.</span> <span class='ocrx_word' id='word_1_418' title='bbox 160 3881 331 3929; x_wconf 81' lang='lat' dir='ltr'>enumerant.</span> <span class='ocrx_word' id='word_1_419' title='bbox 368 3875 449 3927; x_wconf 86' lang='lat' dir='ltr'>Unus</span> <span class='ocrx_word' id='word_1_420' title='bbox 468 3875 518 3927; x_wconf 86' lang='lat' dir='ltr'>Ox.</span> <span class='ocrx_word' id='word_1_421' title='bbox 538 3871 572 3926; x_wconf 88' lang='lat' dir='ltr'>id</span> <span class='ocrx_word' id='word_1_422' title='bbox 588 3888 642 3943; x_wconf 86' lang='lat' dir='ltr'>pro</span> <span class='ocrx_word' id='word_1_423' title='bbox 660 3872 712 3925; x_wconf 85' lang='lat' dir='ltr'>ita.</span> <span class='ocrx_word' id='word_1_424' title='bbox 733 3872 807 3930; x_wconf 87' lang='lat' dir='ltr'>Gud.</span> <span class='ocrx_word' id='word_1_425' title='bbox 827 3877 853 3931; x_wconf 77' lang='lat'>2.</span> <span class='ocrx_word' id='word_1_426' title='bbox 880 3873 966 3927; x_wconf 86' lang='lat' dir='ltr'>habet</span> <span class='ocrx_word' id='word_1_427' title='bbox 993 3890 1045 3927; x_wconf 85' lang='lat' dir='ltr'>cur</span> <span class='ocrx_word' id='word_1_428' title='bbox 1062 3877 1155 3942; x_wconf 68' lang='lat' dir='ltr'>adfert</span> <span class='ocrx_word' id='word_1_429' title='bbox 1174 3875 1217 3931; x_wconf 82' lang='lat' dir='ltr'>itte</span> 
     </span>
     <span class='ocr_line' id='line_1_47' title="bbox 64 3944 1219 4019; baseline -0.001 -19"><span class='ocrx_word' id='word_1_430' title='bbox 64 3948 126 4012; x_wconf 72' lang='lat' dir='ltr'>fiet.</span> <span class='ocrx_word' id='word_1_431' title='bbox 144 3948 229 4000; x_wconf 85' lang='lat' dir='ltr'>Vind.</span> <span class='ocrx_word' id='word_1_432' title='bbox 252 3951 283 4001; x_wconf 89' lang='lat'>1..</span> <span class='ocrx_word' id='word_1_433' title='bbox 295 3946 340 3998; x_wconf 84' lang='lat' dir='ltr'>ito</span> <span class='ocrx_word' id='word_1_434' title='bbox 358 3945 419 3998; x_wconf 84' lang='lat' dir='ltr'>eit.</span> <span class='ocrx_word' id='word_1_435' title='bbox 455 3944 500 3998; x_wconf 87' lang='lat' dir='ltr'>Ad</span> <span class='ocrx_word' id='word_1_436' title='bbox 525 3944 769 3996; x_wconf 83' lang='lat' dir='ltr'>constructionem</span> <span class='ocrx_word' id='word_1_437' title='bbox 792 3946 1012 4008; x_wconf 77' lang='lat' dir='ltr'>consecutivam,</span> <span class='ocrx_word' id='word_1_438' title='bbox 1037 3963 1093 4017; x_wconf 79' lang='lat' dir='ltr'>qus</span> <span class='ocrx_word' id='word_1_439' title='bbox 1117 3952 1148 3999; x_wconf 83' lang='lat' dir='ltr'>ut</span> <span class='ocrx_word' id='word_1_440' title='bbox 1167 3964 1219 4019; x_wconf 86' lang='lat' dir='ltr'>po-</span> 
     </span>
     <span class='ocr_line' id='line_1_48' title="bbox 64 4012 1215 4157; baseline 0.004 -14"><span class='ocrx_word' id='word_1_441' title='bbox 64 4017 349 4143; x_wconf 42' lang='lat' dir='ltr'>wamhs?</span> <span class='ocrx_word' id='word_1_442' title='bbox 363 4016 512 4141; x_wconf 49' lang='lat' dir='ltr'>o&#39;eidrtssd‘</span> <span class='ocrx_word' id='word_1_443' title='bbox 523 4014 568 4139; x_wconf 57' lang='lat' dir='ltr'>tid</span> <span class='ocrx_word' id='word_1_444' title='bbox 579 4012 705 4142; x_wconf 51' lang='grc' dir='ltr'>30603ιί3θ</span> <span class='ocrx_word' id='word_1_445' title='bbox 722 4014 834 4157; x_wconf 48' lang='lat' dir='ltr'>{epm}</span> <span class='ocrx_word' id='word_1_446' title='bbox 853 4018 1035 4141; x_wconf 63' lang='lat' dir='ltr'>ii&#39;ai&#39;ii’i</span> <span class='ocrx_word' id='word_1_447' title='bbox 1062 4017 1105 4144; x_wconf 56' lang='grc' dir='ltr'>ἷῗ</span> <span class='ocrx_word' id='word_1_448' title='bbox 1122 4036 1145 4148; x_wconf 68' lang='grc' dir='ltr'><strong><em>ἷ</em></strong></span> <span class='ocrx_word' id='word_1_449' title='bbox 1146 4028 1215 4148; x_wconf 45' lang='grc' dir='ltr'>051ῑέ</span> 
     </span>
     <span class='ocr_line' id='line_1_49' title="bbox 64 4156 1003 4232; baseline -0.005 -17"><span class='ocrx_word' id='word_1_450' title='bbox 64 4176 93 4232; x_wconf 82' lang='lat' dir='ltr'>p.</span> <span class='ocrx_word' id='word_1_451' title='bbox 115 4161 175 4215; x_wconf 75' lang='lat'><strong>1³9.</strong></span> <span class='ocrx_word' id='word_1_452' title='bbox 214 4161 249 4212; x_wconf 90' lang='lat' dir='ltr'>ln</span> <span class='ocrx_word' id='word_1_453' title='bbox 267 4157 334 4213; x_wconf 77' lang='lat' dir='ltr'>cod.</span> <span class='ocrx_word' id='word_1_454' title='bbox 354 4158 450 4211; x_wconf 82' lang='lat' dir='ltr'>Duisb.</span> <span class='ocrx_word' id='word_1_455' title='bbox 470 4156 609 4211; x_wconf 79' lang='lat' dir='ltr'>rationem</span> <span class='ocrx_word' id='word_1_456' title='bbox 648 4157 747 4209; x_wconf 86' lang='lat' dir='ltr'>onitur</span> <span class='ocrx_word' id='word_1_457' title='bbox 763 4165 827 4228; x_wconf 87' lang='lat' dir='ltr'>post</span> <span class='ocrx_word' id='word_1_458' title='bbox 844 4159 905 4225; x_wconf 71' lang='lat' dir='ltr'>fiet.</span> <span class='ocrx_word' id='word_1_459' title='bbox 942 4157 1003 4214; x_wconf 88' lang='lat' dir='ltr'>Mr.</span> 
     </span>
    </p>

    <p class='ocr_par' dir='ltr' id='par_1_7' title="bbox 64 4173 1304 4525">
     <span class='ocr_line' id='line_1_50' title="bbox 137 4173 1216 4300; baseline 0.003 -17"><span class='ocrx_word' id='word_1_460' title='bbox 137 4247 209 4298; x_wconf 78' lang='lat' dir='ltr'>quoe</span> <span class='ocrx_word' id='word_1_461' title='bbox 225 4230 387 4300; x_wconf 77' lang='lat' dir='ltr'>gignuntur</span> <span class='ocrx_word' id='word_1_462' title='bbox 400 4229 438 4299; x_wconf 78' lang='lat' dir='ltr'>¹ire</span> <span class='ocrx_word' id='word_1_463' title='bbox 457 4226 587 4298; x_wconf 70' lang='lat' dir='ltr'>corpore]</span> <span class='ocrx_word' id='word_1_464' title='bbox 622 4173 711 4282; x_wconf 57' lang='lat' dir='ltr'>Kouh.</span> <span class='ocrx_word' id='word_1_465' title='bbox 732 4240 821 4297; x_wconf 86' lang='lat' dir='ltr'>quum</span> <span class='ocrx_word' id='word_1_466' title='bbox 846 4229 878 4281; x_wconf 91' lang='lat' dir='ltr'>in</span> <span class='ocrx_word' id='word_1_467' title='bbox 904 4246 961 4284; x_wconf 90' lang='lat' dir='ltr'>uno</span> <span class='ocrx_word' id='word_1_468' title='bbox 978 4228 1046 4284; x_wconf 75' lang='lat' dir='ltr'>coo.</span> <span class='ocrx_word' id='word_1_469' title='bbox 1065 4229 1146 4286; x_wconf 83' lang='lat' dir='ltr'>Leid.</span> <span class='ocrx_word' id='word_1_470' title='bbox 1169 4247 1216 4286; x_wconf 87' lang='lat' dir='ltr'>re·</span> 
     </span>
     <span class='ocr_line' id='line_1_51' title="bbox 86 4299 1214 4379; baseline -0.001 -25"><span class='ocrx_word' id='word_1_471' title='bbox 86 4301 204 4354; x_wconf 79' lang='lat' dir='ltr'>crisset:</span> <span class='ocrx_word' id='word_1_472' title='bbox 232 4317 303 4370; x_wconf 80' lang='lat' dir='ltr'>quae</span> <span class='ocrx_word' id='word_1_473' title='bbox 328 4301 488 4370; x_wconf 78' lang='lat' dir='ltr'>gigmumtu&#39;r</span> <span class='ocrx_word' id='word_1_474' title='bbox 512 4314 531 4351; x_wconf 88' lang='lat' dir='ltr'>o</span> <span class='ocrx_word' id='word_1_475' title='bbox 553 4314 680 4367; x_wconf 69' lang='lat' dir='ltr'>corpore,</span> <span class='ocrx_word' id='word_1_476' title='bbox 707 4299 748 4350; x_wconf 81' lang='lat' dir='ltr'>ita</span> <span class='ocrx_word' id='word_1_477' title='bbox 775 4300 981 4379; x_wconf 70' lang='lat' dir='ltr'>corrigendum</span> <span class='ocrx_word' id='word_1_478' title='bbox 1008 4318 1066 4356; x_wconf 88' lang='lat' dir='ltr'>esse</span> <span class='ocrx_word' id='word_1_479' title='bbox 1093 4302 1214 4355; x_wconf 88' lang='lat' dir='ltr'>censuit.</span> 
     </span>
     <span class='ocr_line' id='line_1_52' title="bbox 93 4367 1297 4433; baseline 0.001 -9"><span class='ocrx_word' id='word_1_480' title='bbox 93 4372 177 4426; x_wconf 86' lang='lat' dir='ltr'>abent</span> <span class='ocrx_word' id='word_1_481' title='bbox 196 4373 274 4425; x_wconf 89' lang='lat' dir='ltr'>idem</span> <span class='ocrx_word' id='word_1_482' title='bbox 292 4374 347 4426; x_wconf 90' lang='lat' dir='ltr'>duo</span> <span class='ocrx_word' id='word_1_483' title='bbox 366 4376 435 4428; x_wconf 84' lang='lat' dir='ltr'>Oxx.</span> <span class='ocrx_word' id='word_1_484' title='bbox 455 4370 541 4426; x_wconf 79' lang='lat' dir='ltr'>Vind.</span> <span class='ocrx_word' id='word_1_485' title='bbox 559 4372 587 4426; x_wconf 75' lang='lat'>2.</span> <span class='ocrx_word' id='word_1_486' title='bbox 608 4370 681 4423; x_wconf 89' lang='lat' dir='ltr'>Gud.</span> <span class='ocrx_word' id='word_1_487' title='bbox 700 4367 789 4423; x_wconf 79' lang='lat' dir='ltr'>llehd.</span> <span class='ocrx_word' id='word_1_488' title='bbox 809 4373 884 4425; x_wconf 79' lang='lat' dir='ltr'>lton.</span> <span class='ocrx_word' id='word_1_489' title='bbox 898 4376 922 4431; x_wconf 84' lang='lat' dir='ltr'>l.</span> <span class='ocrx_word' id='word_1_490' title='bbox 940 4372 967 4431; x_wconf 59' lang='grc' dir='ltr'>Ἄ.</span> <span class='ocrx_word' id='word_1_491' title='bbox 986 4373 1099 4429; x_wconf 83' lang='lat' dir='ltr'>Nissen.</span> <span class='ocrx_word' id='word_1_492' title='bbox 1119 4372 1217 4433; x_wconf 80' lang='lat' dir='ltr'>conie—¹</span> <span class='ocrx_word' id='word_1_493' title='bbox 1292 4377 1297 4389; x_wconf 81' lang='lat'>¹</span> 
     </span>
     <span class='ocr_line' id='line_1_53' title="bbox 64 4441 1304 4525; baseline 0.002 -28"><span class='ocrx_word' id='word_1_494' title='bbox 64 4443 107 4497; x_wconf 88' lang='lat' dir='ltr'>cit</span> <span class='ocrx_word' id='word_1_495' title='bbox 125 4460 142 4498; x_wconf 91' lang='lat' dir='ltr'>e</span> <span class='ocrx_word' id='word_1_496' title='bbox 158 4459 283 4515; x_wconf 80' lang='lat' dir='ltr'>corpore.</span> <span class='ocrx_word' id='word_1_497' title='bbox 313 4441 646 4525; x_wconf 26' lang='lat' dir='ltr'>Praeterlnecessitetem</span> <span class='ocrx_word' id='word_1_498' title='bbox 664 4449 801 4514; x_wconf 86' lang='lat' dir='ltr'>uterque:</span> <span class='ocrx_word' id='word_1_499' title='bbox 821 4442 961 4513; x_wconf 75' lang='lat' dir='ltr'>qumis,</span> <span class='ocrx_word' id='word_1_500' title='bbox 979 4449 1014 4498; x_wconf 84' lang='lat' dir='ltr'>ut</span> <span class='ocrx_word' id='word_1_501' title='bbox 1030 4442 1161 4498; x_wconf 79' lang='lat' dir='ltr'>videmus</span> <span class='ocrx_word' id='word_1_502' title='bbox 1179 4459 1216 4499; x_wconf 84' lang='lat' dir='ltr'>ex</span> <span class='ocrx_word' id='word_1_503' title='bbox 1302 4488 1304 4491; x_wconf 55' lang='grc'>,</span> 
     </span>
    </p>
   </div>
   <div class='ocr_carea' id='block_1_4' title="bbox 0 0 1426 5070">
    <p class='ocr_par' dir='ltr' id='par_1_8' title="bbox 0 0 1426 5070">
     <span class='ocr_line' id='line_1_54' title="bbox 0 0 1426 5070; baseline 0 0"><span class='ocrx_word' id='word_1_504' title='bbox 0 0 1426 5070; x_wconf 95' lang='lat' dir='ltr'> </span> 
     </span>
    </p>
   </div>
  </div>
 </body>
</html>
