2828 5070
199 309 262 375 344
399 305 630 372 CICERONIS
651 307 899 373 TUSCULAN.
921 306 1152 372 DISPUTAT.

200 491 274 556 que,
307 473 337 534 si
363 492 454 534 mors
482 473 604 535 malum
631 475 686 551 sit,
716 493 786 535 esse
815 475 1055 554 sempiternum
1085 475 1220 536 malum.
1268 473 1359 536 Nam

199 560 289 616 vitas
311 555 453 617 miserae
473 575 563 617 mars
595 555 671 616 finis
700 575 771 616 esse
796 557 948 630 videtum
982 576 1072 616 mors
1093 558 1123 616 si
1145 566 1196 618 est
1217 557 1377 634 misera,

198 637 274 697 linis
296 655 367 699 esse
389 638 496 698 nullus
516 645 637 719 potest.
681 636 745 698 Sed
768 637 848 718 qnid
870 656 931 722 ego
952 637 1125 698 Socratem
1147 646 1207 697 ant
1220 638 1357 699 Thera-

197 737 338 795 menem,
383 726 565 780 raestantes
585 720 677 780 viros
698 721 835 782 virtutis
862 727 897 780 et
917 722 1099 799 sapientiae
1120 720 1240 804 gloria,
1265 737 1356 780 com·

198 819 362 863 memoro.
406 820 507 882 quum
536 799 821 862 Lacedaemonius
848 799 994 881 quidam,
1034 803 1128 861 cuius
1155 820 1198 862 ne
1229 820 1356 862 nomen

199 881 332 964 quidem
355 881 525 963 proditum
547 891 608 959 est,
631 891 771 943 mortem
795 891 889 943 tanto
911 902 1013 964 opere
1028 885 1282 963 contempserit,
1304 889 1353 962 ut,

824 1006 1350 1015 --———--——-—.—.—-.--

198 1067 273 1122 Gud.
292 1067 331 1120 sit
350 1070 467 1131 malam
485 1068 561 1121 idem
580 1067 691 1120 omittit
710 1085 777 1120 cnm
792 1067 868 1122 Gud.
882 1066 909 1120 2.
928 1065 1034 1117 malam
1091 1071 1116 1118 st
1134 1065 1353 1133 sempiternam

197 1155 234 1192 τι
251 1141 433 1204 correctoris,
458 1141 521 1192 sine
540 1138 635 1201 dubio,
658 1139 821 1191 sententia.¹
847 1135 986 1205 Sequitur
1003 1135 1035 1187 in
1079 1135 1137 1191 ind.
1158 1141 1184 1190 l.
1203 1136 1282 1190 citas
1299 1137 1353 1190 mi·

195 1209 361 1275 assassinis
379 1226 440 1262 esse
457 1209 570 1261 uidetur
587 1225 669 1261 mors.
701 1208 782 1262 Unus
801 1208 852 1261 Ox.
873 1207 959 1259 habet
977 1206 1052 1258 vitae
1070 1206 1243 1259 miseriae
1261 1209 1354 1261 ornis

197 1279 237 1331 ais
255 1281 351 1332 verbis
369 1281 434 1345 finis
452 1295 519 1332 esse.
541 1277 594 1330 Ed.
614 1278 649 1330 11.
669 1277 755 1332 habet
773 1295 834 1331 esse
851 1276 925 1342 finis.
954 1275 1046 1329 Habes
1064 1274 1124 1328 h.l.
1145 1291 1207 1329 esse
1223 1276 1353 1341 ridetur,

217 1367 282 1401 uam
300 1349 469 1404 Hexametri
495 1348 654 1401 clausulam
679 1351 710 1402 in
737 1349 796 1402 fine
819 1346 1026 1401 enuntiationis
1045 1344 1216 1400 Ciceronem
1243 1347 1353 1402 vitasse

218 1419 306 1471 'cunt.
341 1419 401 1472 Mr.

266 1490 379 1553 Mortis,
397 1489 426 1543 si
443 1499 485 1544 est
504 1489 627 1555 misera]
665 1489 714 1543 Sic
733 1489 776 1543 Cl.
798 1489 950 1544 Bentleius
968 1505 1035 1541 cum
1054 1489 1149 1542 blsatis
1169 1487 1352 1543 Gebhardia-

194 1558 241 1610 nis
260 1566 290 1611 et
307 1560 451 1612 veteribus
471 1559 565 1615 editis.
602 1559 658 1612 vot
680 1577 805 1614 amors:
837 1576 870 1612 ac
895 1560 935 1612 ita
952 1558 1021 1633 Reg.
1049 1560 1197 1629 ceterique
1217 1559 1350 1625 Codices,

194 1643 267 1696 quos
286 1627 483 1695 adhibuimus,
514 1631 573 1682 nisi
599 1649 637 1700 qu
702 1631 774 1684 bled.
795 1636 1000 1700 repraesentet,
1029 1646 1104 1681 mors
1121 1629 1149 1682 si
1167 1636 1210 1682 est
1227 1630 1350 1694 msera,

193 1696 363 1752 miseriae
381 1701 446 1764 finis
457 1718 516 1753 esse
527 1701 620 1753 aulius
635 1707 742 1768 potes13
761 1718 833 1770 quae
848 1700 947 1751 forsan
960 1707 1002 1752 est
1013 1697 1164 1752 Ciceronis
1178 1718 1291 1756 manus.
1310 1700 1348 1755 D.

266 1803 342 1842 mors
360 1788 389 1843 ai
406 1795 448 1842 est
466 1790 582 1853 misera,
601 1789 667 1855 finis
686 1805 746 1842 esse
764 1788 855 1840 nullas
871 1787 990 1854 potest]
1028 1787 1108 1852 Quod
1129 1805 1164 1841 ex
1184 1787 1253 1842 coo.
1273 1788 1350 1842 Med.

193 1858 227 1912 in
244 1877 309 1912 ann.
329 1861 431 1912 attulit
448 1861 530 1924 Dar,
560 1868 734 1929 receperunt
757 1858 900 1912 cawile.
929 1856 1013 1910 Scha
1035 1857 1082 1910 Or.
1124 1858 1196 1910 Mihi
1228 1860 1350 1928 quidem

193 1944 367 1998 quamquam
393 1930 548 1983 admodum
572 1931 704 1998 placeret
731 1929 837 1983 lectio:
871 1928 1039 1980 misertas
1065 1930 1132 1993 fiais
1162 1944 1225 1981 esse
1252 1931 1351 1983 sauss

190 2006 292 2066 potest,
311 2001 342 2051 in
361 2002 416 2052 ista
434 2001 558 2053 lectione
577 2001 621 2051 nil
640 2000 696 2052 nisi
716 2000 878 2074 elegantem
906 1999 1180 2066 interpretationem
1199 1999 1250 2052 vel
1268 2001 1352 2075 glos-

193 2085 253 2121 sam
272 2085 405 2145 agnosco,
424 2086 489 2122 cuns
510 2071 701 2123 vetustissimi
719 2087 808 2138 aeque
827 2086 860 2121 ac
879 2069 1057 2122 recentiores
1077 2068 1164 2123 Codd.
1185 2069 1272 2123 istam
1292 2086 1353 2124 το·

191 2154 398 2263 illisit.
411 2139 794 2264 iiissiiii‘iiiiioii
809 2139 1192 2279 ttttsttttitattt
1219 2148 1352 2264 ,3333

191 2280 286 2334 Verbu
327 2319 331 2330 .
357 2287 386 2334 et
408 2281 513 2335 Olivet.
560 2281 640 2345 Quod
667 2288 763 2333 autem
790 2281 831 2331 ait
865 2278 956 2332 Gebh.
981 2279 1083 2331 mortis
1110 2280 1214 2334 habere
1244 2298 1351 2335 omnes

192 2350 280 2405 Oudd.
321 2351 372 2406 all.
393 2352 434 2415 id,
453 2352 549 2414 credo,
567 2351 674 2404 falsum
693 2359 746 2404 est.
770 2349 944 2403 Bouhierius
963 2348 998 2400 ad
1016 2351 1101 2403 verba
1120 2352 1186 2414 fiais
1204 2366 1265 2405 esse
1283 2353 1351 2404 aad·

191 2421 235 2474 las
251 2429 339 2490 potest
357 2423 488 2498 intelligi
505 2422 622 2475 volebat
639 2420 717 2472 maii.
747 2421 836 2484 idem,
856 2436 923 2472 cum
941 2421 973 2471 in
991 2436 1048 2472 uno
1063 2421 1141 2474 haid.
1161 2423 1192 2473 in
1212 2424 1351 2491 superia-

190 2492 271 2545 ribus
288 2494 456 2562 reperisset,
489 2493 566 2562 quod
591 2508 644 2545 nos
663 2493 695 2543 in
713 2507 773 2543 unc
791 2491 853 2551 Ox,
881 2491 959 2542 citae
980 2491 1122 2555 miseriae,
1152 2492 1347 2546 couiiciebat:

190 2561 263 2615 Nam
288 2565 364 2615 citae
390 2570 418 2615 et
450 2564 592 2617 miseriae.
635 2562 798 2629 Utrumque
824 2578 927 2629 parum
952 2560 1108 2629 probabile.
1143 2562 1349 2617 Bentlcianam

190 2633 419 2685 emendationem
438 2649 688 2702 supervacaneam,
707 2634 850 2696 miserum,
872 2633 986 2684 recoxit
1004 2630 1135 2696 Rathius,
1160 2633 1271 2695 (addito
1290 2636 1349 2686 mi-

189 2702 294 2766 seriae)
314 2704 457 2770 quianon
476 2703 634 2765 intellexit,
655 2704 767 2755 etiamsi
784 2703 864 2775 ‘legas
888 2703 1004 2763 misera,
1032 2704 1137 2755 iustam
1164 2704 1348 2774 eandemque

189 2773 361 2825 sententiam
394 2775 484 2828 exire.
522 2773 598 2826 Niss.
627 2788 741 2842 quoque
775 2780 802 2826 et
829 2772 957 2825 Kiihner.
985 2770 1113 2824 additum
1136 2792 1152 2825 a
1177 2773 1347 2830 FAWolno

189 2841 398 2894 substantivum
431 2843 566 2896 miseriae
589 2851 654 2912 post
676 2845 780 2896 misera
799 2843 930 2916 intelligi
954 2858 1038 2910 posse
1057 2843 1269 2897 existimabant.
1307 2847 1346 2899 ln

188 2911 249 2964 acia
266 2913 321 2964 Ed.
341 2912 473 2965 HWoliii
492 2914 631 2965 scribitur
649 2930 733 2979 mors,
757 2913 785 2966 si
802 2913 908 2965 misera
925 2925 983 2965 est·-
1013 2910 1100 2966 Codd.
1123 2913 1197 2968 Gud.
1217 2915 1294 2969 Gud.
1314 2921 1344 2974 2

187 2982 261 3058 Aug.
281 2981 380 3035 Duisb.
401 2984 476 3035 lton.
496 2988 521 3039 1.
540 2987 567 3039 2.
593 2983 685 3036 niellus
703 2999 771 3039 esse.
810 2985 871 3036 Mr.

257 3071 314 3126 Sed
332 3071 401 3142 qaid
419 3088 470 3139 ego
488 3070 644 3136 Socratem]
672 3071 746 3126 Gud.
766 3073 791 3125 2.
818 3071 850 3123 si
867 3071 943 3141 qnid.
964 3071 1039 3124 Gud.
1059 3089 1135 3126 sam
1153 3074 1228 3139 ossii.
1249 3075 1341 3132 Codd.

186 3140 256 3220 lieg.
278 3143 352 3200 Gud.
373 3148 397 3198 l.
417 3146 444 3198 2.
470 3149 505 3195 et
532 3148 588 3194 aut.
615 3143 703 3194 lilarb.
723 3139 937 3207 acberamesem,
968 3160 1043 3195 unus
1061 3142 1112 3195 0¹.
1133 3144 1341 3198 Clerameaem.

186 3214 271 3268 vind.
293 3218 314 3269 l.
333 3215 504 3282 praestastis
527 3212 643 3265 virtutis
661 3213 747 3264 siros.
785 3212 866 3265 Unus
886 3215 935 3265 Ox.
955 3214 1232 3280 praestantissimas.
1271 3217 1342 3269 Post

186 3285 305 3338 uirtutis
323 3286 397 3339 bion.
419 3291 443 3339 l.
463 3284 575 3339 omittit
593 3290 634 3335 et:
659 3300 734 3334 unas
753 3283 802 3333 Ox.
822 3282 907 3337 habet
926 3284 1038 3351 gloriae
1056 3300 1110 3354 pro
1128 3286 1236 3353 gloria,
1261 3288 1342 3355 quod

98 3353 99 3356 ’
186 3357 298 3410 omittit
317 3355 390 3408 Gud.
411 3359 438 3411 2.
475 3353 510 3406 ln
529 3353 598 3407 Cod.
618 3353 690 3428 Aug.
712 3353 868 3407 scribitur:
893 3354 1068 3422 praestastis
1091 3355 1105 3406 i
1112 3356 1234 3424 agerii
1256 3357 1340 3409 siros

185 3426 301 3480 uirtutis
326 3433 353 3478 et
377 3425 533 3492 sapientiae
550 3424 655 3492 gloria.
694 3425 753 3476 Mr.

258 3498 344 3550 Ονττνντ
364 3493 597 3547 Lacedaemonius
616 3494 741 3564 quidam]
776 3494 842 3547 Non
861 3511 896 3548 ex
913 3494 1013 3549 eodem
1030 3498 1122 3561 fonte,
1140 3513 1176 3549 ax
1194 3511 1249 3564 quo
1267 3496 1339 3547 Plu-

185 3563 312 3628 tarchus,
339 3562 467 3617 hausisse
493 3562 609 3617 videtur
633 3563 735 3617 Cicera
764 3564 840 3618 hanc
869 3567 1074 3619 narrationem.
1118 3565 1176 3619 ills
1201 3565 1279 3617 enim
1305 3573 1336 3618 et

69 3683 73 3690 .
184 3635 313 3688 hominis
332 3649 437 3687 nomen
457 3642 588 3698 noverat,
608 3641 638 3687 et
655 3651 718 3686 rem
737 3634 895 3705 (Apophth.
914 3638 1039 3689 Lacona.
1057 3655 1086 3707 p.
1098 3639 1158 3692 885.
1178 3652 1206 3704 p.
1222 3636 1276 3689 370
1289 3653 1334 3706 sq.

185 3706 229 3761 ed.
248 3705 346 3775 Wytt.
367 3703 462 3775 hips.)
480 3704 579 3773 paullo
598 3704 687 3757 aliter
704 3712 820 3759 narrat:
841 3707 1020 3776 Θεκταμένης,
1039 3707 1229 3774 καταγνόντων
1246 3706 1339 3761 αὐτοῦ

183 3779 308 3830 θάνατον
325 3779 382 3829 τῶν
399 3775 520 3844 ἐφόρων,
538 3772 621 3841 ἀπῄει
636 3775 752 3845 μειδιῶν
776 3783 822 3829 καί
842 3793 915 3836 τινος
934 3784 991 3831 τῶν
1014 3781 1162 3844 παρόντων
1178 3773 1339 3845 ἐρωτήσαν-

183 3869 238 3912 τος,
270 3848 298 3899 si
320 3849 368 3900 sal
392 3850 562 3918 καταφρονεῖ
585 3851 642 3898 τῶν
663 3847 708 3912 τῆς
734 3850 860 3917 Σπάρτης
887 3855 1025 3915 νομίμων,
1057 3851 1137 3916 Οὐχὶ,
1164 3841 1250 3912 εἶπεν,
1269 3845 1337 3902 dtas

183 3920 296 3988 γέγηθα,
316 3920 359 3973 δτι
377 3918 420 3970 δεῖ
439 3937 475 3986 με
492 3913 541 3984 τὴν
559 3922 658 3983 ζημίαν
676 3915 905 3984 instauratam,
930 3916 994 3985 παρ’
1014 3916 1128 3978 οὐδενὸς
1146 3913 1210 3972 οὔτε
1228 3915 1337 3986 decervi-

183 3991 270 4042 σαντά
292 4008 336 4054 με,
368 3982 432 4043 οὔτε
456 3989 664 4054 δανεισάμενον.
687 4015 719 4026 -
756 3990 811 4041 Prn
835 3991 944 4055 padam
971 3989 1040 4042 cod.
1062 3989 1137 4042 Mon.
1158 3995 1184 4045 l.
1213 3990 1334 4059 quidem.

182 4061 249 4112 Mox
266 4059 351 4111 Vind.
370 4062 397 4111 2.
417 4059 499 4111 caius
517 4075 613 4111 nomes
631 4075 665 4111 se
683 4057 802 4128 quidem.
828 4060 904 4112 Gud.
924 4059 1004 4112 cuins
1022 4076 1055 4111 ae
1073 4077 1172 4113 nomes
1187 4060 1336 4128 proditam

181 4136 224 4184 est
242 4128 362 4198 quidem.
381 4128 628 4197 wyttenbachius
652 4129 687 4183 ad
706 4129 855 4182 Plutarchi
874 4129 980 4195 locam,
1008 4147 1096 4199 φτοω
1115 4131 1335 4200 exscripsimus,

180 4218 209 4326 x.
231 4203 308 4257 ttta.
334 4217 354 4269 p
382 4202 442 4254 429.
470 4197 512 4252 ed.
540 4200 619 4270 hips.
644 4200 679 4253 de
704 4200 834 4253 nominis
863 4199 945 4254 illius
962 4194 1182 4255 Lacedaemonii
1209 4203 1349 4256 veritate·

201 4271 398 4396 ubltcltiittsstiii
414 4356 509 4393 nomen
527 4341 638 4410 quidem
660 4341 802 4410 proditum
821 4343 880 4408 est]
915 4342 994 4395 Huic
1021 4343 1085 4395 viro
1113 4358 1220 4396 nomen
1244 4342 1334 4395 fuisse

183 4410 360 4468 Thestamesi
377 4408 466 4465 tradit
483 4410 655 4466 Plutarchus
673 4409 820 4481 Apopbth.
839 4414 944 4466 lacon.
967 4429 1031 4488 pag.
1051 4415 1112 4469 ast.
1151 4413 1187 4466 D.

1351 4480 1361 4514 l
