2828 5070
560 291 686 355 LIBER
706 291 752 371 ΙΙ,
772 294 823 359 22.
1217 295 1282 363 673

77 329 90 395 l

77 498 97 559 ι,
130 464 181 520 est
205 456 316 518 omnia
342 457 465 539 potius,
506 474 584 518 uam
615 458 764 521 conscios
791 454 949 519 delendae
977 455 1166 535 tyrannidis
1191 457 1280 521 indi-

77 546 99 647 ι·
127 549 231 638 caret.
273 538 327 601 De
345 538 497 638 Anaxarc
523 559 542 599 o
564 539 771 638 Democritio
797 541 975 640 cogitetur,
1003 540 1061 618 qui
1091 560 1193 622 quum
1214 538 1279 622 Cy·
1296 539 1323 595 b·

77 686 100 730 Ι
128 641 184 704 prr
204 641 241 682 sn
262 641 379 683 manos
407 621 643 683 Nicocreontis
675 640 765 707 regis
796 620 979 699 mctdtssei,
1011 621 1139 683 nullum
1171 644 1277 708 genus

77 773 100 815 ¹³
126 793 246 859 τώμενος
268 784 316 844 ὑπ’
331 788 416 844 αὐτοῦ
434 793 482 857 τὴν
498 793 622 857 γλῶτταν
639 789 725 845 aizoi
743 787 867 845 luduaoir
883 790 931 845 aul
947 786 1097 855 ἆποτεμών
1112 790 1279 860 apoeimvoa

77 870 100 883 ““
127 868 167 927 eni
185 864 308 932 τυράννῳ
335 866 380 914 aul
406 860 436 916 iu
461 861 537 932 ὅλμῳ
554 863 662 930 βληθεὶς
684 866 839 931 συντρίφθη
857 866 1052 928 πτισσόμενος,
1083 861 1124 913 Et
1140 862 1279 931 Tyranno

77 934 98 1060 :
127 929 1278 1073 instaurarunt.raraamanum

77 1079 95 1138 d
127 1090 189 1143 cap.
209 1074 264 1135 Ill,
282 1076 308 1129 3.
327 1081 439 1127 extem.
467 1072 550 1127 Modo
569 1022 687 1128 turnedg
682 1072 819 1127 nonnihil
832 1070 947 1127 direrso
967 1090 1030 1126 ram
1048 1083 1177 1141 narrant,
1196 1076 1283 1128 cuius

77 1148 92 1203 n
127 1146 216 1198 etiam
244 1146 405 1198 meminere
429 1144 512 1197 Philo
537 1145 658 1198 Iudaeus
685 1145 717 1195 in
740 1144 816 1198 libro
843 1145 918 1212 quod
944 1144 1033 1196 omnis
1055 1146 1170 1211 produc,
1205 1146 1279 1199 tiber

77 1226 91 1275 J
127 1231 164 1284 pa
187 1255 193 1269 .
213 1217 273 1270 ost.
311 1215 453 1268 Eusebius
471 1215 569 1284 Praep.
589 1215 645 1269 Ετ.
664 1214 716 1267 lib.
734 1215 768 1267 X.
789 1231 850 1285 cap.
872 1218 913 1269 lt.
933 1213 1133 1267 Theodoretus
1150 1214 1279 1286 Tharap.

77 1304 88 1347 ι
126 1232 205 1339 vlit.
224 1303 289 1361 pag.
302 1288 362 1339 126.
381 1286 497 1339 Boetius
517 1284 600 1338 Cous.
621 1285 672 1338 lib.
692 1285 730 1339 ΙΙ.
751 1288 829 1339 Pros.
849 1286 896 1337 Vl.
916 1293 945 1339 et
959 1277 1131 1338 Plutarchus
1149 1287 1184 1339 de
1204 1285 1279 1339 Gan·

77 1384 85 1418 1
127 1352 185 1410 rul.
207 1354 288 1409 Tom.
307 1356 344 1409 ll.
364 1375 429 1432 pag.
444 1359 505 1425 505.
525 1357 605 1421 licet,
625 1356 690 1425 quis
708 1357 800 1410 fuerit
812 1356 968 1424 Tyrannus
980 1355 1043 1421 ille,
1062 1372 1121 1408 noa
1136 1355 1276 1410 indicant.

77 1456 84 1491 ι
126 1428 166 1480 At
179 1427 229 1480 hic
248 1427 283 1480 de
300 1428 428 1501 Repugn.
449 1426 537 1480 Staio.
562 1444 627 1500 pag.
650 1430 727 1483 1051.
755 1434 785 1481 et
802 1427 866 1482 adv,
893 1426 987 1480 Colot.
1014 1446 1048 1496 pa
1072 1469 1079 1482 .
1105 1430 1184 1483 1126.
1211 1443 1278 1481 eam

77 1510 83 1559 ·,
126 1495 286 1567 Demylum
310 1505 401 1550 vocat.
446 1497 520 1551 Sane
542 1496 713 1565 Tyrannum
743 1498 772 1551 oi
794 1498 847 1563 μὲν
870 1497 1010 1567 Νέαρχον,
1038 1444 1072 1551 oi
1093 1498 1124 1550 di
1147 1498 1278 1565 Δημύλον

77 1600 81 1632 ,
126 1573 385 1638 προςαγορεύουσιν,
410 1575 444 1619 ut
470 1567 603 1621 observat
622 1569 754 1621 Clemens
772 1568 983 1623 Alexandrinus
1010 1567 1115 1623 Strom.
1137 1569 1186 1622 lv,
1204 1587 1277 1647 pag.

77 1670 80 1703 ι
126 1642 189 1695 689.
235 1640 346 1690 Horum
372 1638 505 1691 locorum
529 1638 671 1693 nonnulla
696 1639 754 1691 iam
784 1637 939 1692 laudarunt
969 1640 1059 1692 Henr.
1087 1639 1216 1693 Valesius
1242 1640 1279 1695 ad

126 1709 274 1763 Ammiani
301 1709 465 1762 Marcellini
489 1708 539 1761 lib.
560 1709 632 1761 XIV.
658 1712 764 1778 capit.
791 1717 820 1763 et
846 1710 888 1763 Aa
911 1749 916 1759 .
936 1711 1086 1785 Menagius
1113 1710 1149 1764 ad
1167 1710 1278 1764 Laertii

127 1781 180 1844 lx,
206 1783 250 1837 26.
291 1779 334 1832 Ab
361 1778 443 1832 hisce
471 1794 542 1832 vero
565 1779 697 1833 diversus
725 1779 785 1832 abit
808 1779 880 1833 Tart
914 1780 1008 1832 liunus
1031 1780 1056 1833 A
1078 1779 1115 1833 ol.
1142 1796 1203 1851 cap.
1232 1783 1276 1838 511.

126 1851 208 1905 Zeno
226 1850 348 1914 Eleates,
368 1850 475 1919 inquit,
494 1852 631 1903 consultus
648 1868 665 1901 a
681 1849 833 1919 Dionysio,
853 1851 985 1920 quidnam
1000 1799 1177 1918 pliidsopitia
1192 1866 1278 1918 prae·
1332 1860 1346 1887 ⁸

127 1923 236 1975 staret?
269 1937 331 1972 cum
349 1920 544 1986 respondisset,
570 1927 750 1987 contemptum
766 1921 878 1984 mortis,
896 1921 1022 1987 flagellis
1042 1921 1170 1990 Tyranni
1182 1921 1279 1974 audie·

126 1999 186 2044 ctas
203 1990 363 2045 sententiam
382 2006 462 2042 suam
481 1991 519 2042 ad
536 1999 649 2043 mortem
667 2007 750 2060 usque
767 1991 906 2059 signabat.
945 1992 983 2043 At
1001 2008 1068 2045 cum
1081 1993 1159 2045 zeno
1178 2000 1279 2046 noster

128 2063 175 2116 ct.
194 2063 314 2114 circiter
332 2062 413 2113 annis
431 2059 571 2130 Dionysio
595 2061 688 2114 fucrit
714 2062 871 2132 antiquior,
894 2061 1038 2138 Rigaltius
1061 2078 1148 2116 voces
1172 2077 1190 2114 a
1208 2062 1279 2117 Dio-

126 2135 207 2201 nysio
236 2133 438 2201 suppositicias
463 2148 523 2185 esse
547 2133 676 2194 censuit‚·
706 2133 855 2208 Msnagius
881 2141 976 2187 autem
1004 2133 1080 2206 legit
1105 2149 1123 2186 a
1148 2133 1276 2204 Demon.

126 2201 182 2257 sed
210 2203 388 2257 doctissimos
416 2202 483 2254 illos
504 2204 584 2255 uiros
608 2203 687 2287 fugit
709 2203 790 2256 locus
817 2220 833 2256 e
860 2203 931 2257 libri
954 2205 989 2257 ds
1012 2203 1118 2257 Anima
1142 2220 1203 2273 cap.
1230 2207 1276 2261 53.

125 2274 253 2342 Respice,
272 2273 376 2342 inquit,
397 2274 435 2325 ad
452 2273 578 2327 Zenonis
597 2274 743 2338 (ansanum)
762 2289 822 2325 cana
842 2274 922 2326 ittam
934 2272 991 2345 vDi
998 2290 1038 2326 on
1044 2273 1120 2342 ysie'
1141 2281 1278 2328 tormento

123 2351 312 2415 praetereunt.
355 2341 433 2397 Adeo
457 2351 490 2395 ut
516 2343 593 2396 nihil
617 2345 649 2397 in
674 2341 857 2397 Tertulliano
881 2345 921 2397 sit
945 2343 1125 2410 mutandum,
1152 2345 1277 2415 ipsique,

126 2432 185 2468 nou
210 2413 361 2478 triburiis,
396 2430 480 2466 error
504 2415 543 2466 sit
569 2415 764 2482 imputandus.
809 2414 922 2468 Pariter
947 2414 1034 2468 etiam
1064 2416 1217 2470 Nemeeius
1241 2416 1279 2469 ds

126 2486 192 2538 Nat.
211 2483 290 2537 hom.
310 2501 370 2554 cap.
384 2483 468 2539 XXX.
488 2503 522 2554 pa
547 2523 553 2534 .
573 2487 632 2540 233.
653 2487 749 2552 Ζήνων
767 2485 784 2535 ὁ
801 2482 958 2555 ἀποφαγὼν
976 2481 1074 2550 ἑαυτοῦ
1091 2489 1140 2551 τὴν
1156 2488 1278 2552 γλῶτταν

125 2559 172 2611 ttui
194 2554 351 2613 ἀποπτύσας
370 2557 528 2606 Alontas
557 2575 567 2605 ι
592 2558 629 2621 τῷ
661 2558 782 2621 τυράννῳ
807 2555 874 2625 ὑπὲρ
899 2557 949 2608 τοῦ
973 2555 1072 2624 μηδενὶ
1096 2557 1170 2622 αὐτῷ
1194 2557 1276 2634 (laag.

126 2623 775 2756 tt.t⁶:‘ti.}f.i‘.⁷.³:²⁹tlt‘lttttzilt'is
798 2625 981 2752 ‘attilii
1002 2624 1279 2766 silit-‘ttt‘tt

125 2769 278 2838 μηδόὶος
296 2766 330 2831 (i.
346 2784 369 2820 e.
388 2764 453 2834 μηδ’
473 2761 551 2832 ὅλως)
570 2764 661 2831 αὐτῷ
680 2763 812 2824 ἰξειπτῖν·
829 2766 879 2820 ubi
895 2765 954 2818 vid.
969 2776 1067 2820 annot.
1077 2787 1105 2838 p.
1115 2770 1177 2827 266.
1197 2770 1276 2822 conf.

125 2858 153 2911 p·
174 2842 235 2895 395.
255 2835 320 2901 Mn]
354 2837 399 2890 Ibi
419 2856 484 2892 sane
500 2837 649 2908 pudendus
669 2844 713 2888 est
730 2835 944 2907 ἀναχρονισμός.
965 2838 1026 2890 cius
1045 2845 1142 2893 tamen
1160 2837 1277 2909 eulpam

126 2910 224 2962 subeat
247 2916 362 2980 oportet
380 2909 541 2978 Episcopus
560 2907 727 2962 Emesenus.
765 2907 904 2977 Hippiam
923 2905 1093 2978 Tyrannum
1122 2910 1153 2961 in
1170 2908 1224 2961 hac
1243 2925 1276 2962 rs

124 2989 269 3034 memorat
296 2978 400 3034 Seneca
425 2981 461 3033 de
485 2980 532 3032 Ira
551 2979 590 3040 11,
609 2981 653 3034 23.
690 2977 746 3031 Sed
769 2979 907 3032 Leaenam
934 2979 1120 3032 meretricem
1137 2996 1204 3031 curn
1222 2981 1277 3034 Ze-

125 3067 210 3116 none,
230 3051 289 3102 nisi
300 3049 399 3113 fallor,
418 3051 559 3104 confudit.
579 3049 651 3102 Vide
663 3046 880 3101 Tertullianum
893 3046 928 3100 ad
942 3050 1083 3118 Martyres
1097 3066 1158 3118 cap.
1169 3050 1217 3122 lV.
1236 3046 1273 3102 D.
1305 3049 1309 3056 '

196 3136 277 3187 quum
295 3121 419 3173 conscios
437 3121 571 3173 delendae
589 3118 747 3187 tyrannidis
765 3117 926 3184 indicaret]
946 3118 1014 3171 oon
1032 3116 1117 3172 Marb.
1139 3118 1274 3182 conscius.

124 3190 201 3246 Gud.
211 3195 235 3245 l.
246 3190 333 3253 idem,
350 3191 400 3243 sed
413 3190 584 3260 compendio
596 3190 715 3256 conscio.
730 3188 818 3243 ltehd.
834 3189 919 3241 habet
930 3188 1068 3284 Msocios.
1112 3187 1176 3242 Duo
1202 3189 1273 3243 Οτι.

123 3278 265 3330 omittunt
297 3278 438 3333 delendae.
482 3277 581 3351 Pergit
613 3277 686 3329 Gud.
709 3282 732 3331 l.
773 3278 960 3331 Denoaarco
985 3276 1059 3342 (sic)
1086 3275 1273 3337 Democricio.

126 3347 198 3402 Gud.
218 3351 244 3403 2.
264 3347 307 3399 De
325 3346 469 3402 auxamio.
489 3348 562 3422 Aug.
592 3349 626 3399 de
644 3347 781 3413 Nouerca,
800 3348 888 3401 Marb.
909 3347 943 3399 de
961 3345 1120 3407 nawcito„
1146 3346 1275 3414 Quatuor

124 3419 193 3473 Oxx.
214 3420 286 3493 Aug.
315 3421 389 3472 Mon.
409 3423 435 3475 1.
461 3417 547 3471 Marb·
574 3418 627 3470 Ed.
648 3417 678 3470 Ο.
699 3418 867 3472 Democrito.
899 3417 953 3469 Ed.
981 3427 1071 3472 nostr.
1096 3419 1167 3474 Vsn.
1187 3417 1275 3472 habet

123 3490 159 3543 de
177 3488 380 3542 Anaxacro.
417 3487 462 3542 Ad
479 3507 541 3542 ram
562 3491 599 3541 cf.
621 3487 680 3540 Gis.
700 3488 736 3542 ds
753 3490 789 3543 N.
802 3489 835 3540 D.
851 3488 904 3541 ΙΙΙ.
918 3488 961 3543 33.
982 3496 1056 3544 extr.
1076 3487 1275 3543 Anaxarchum

122 3561 313 3614 Democritum
331 3575 349 3612 o
362 3561 466 3629 (iwrio
483 3566 602 3628 tyramo
616 3561 836 3624 excarnificatum
849 3561 1020 3625 accepimus.-
1037 3558 1178 3614 Zenonem
1189 3561 1273 3615 Eleae

122 3632 155 3685 s'n
179 3633 323 3685 tormentis
350 3639 486 3684 necatam:
520 3630 556 3683 ad
579 3646 666 3698 quem
690 3629 787 3682 locum
815 3630 853 3683 ef.
880 3629 1088 3699 Wyttanbach.
1115 3632 1147 3685 in
1174 3630 1222 3683 Or.
1243 3637 1274 3686 ot

122 3709 213 3754 nostr.
242 3703 288 3755 Ed
306 3702 371 3766 mai.
398 3719 426 3771 p.
448 3705 498 3758 ast
518 3720 559 3771 sq.
587 3701 640 3753 Ed.
670 3708 761 3752 nostr.
790 3701 861 3754 min.
879 3717 907 3771 p.
928 3702 990 3756 229.
1018 3702 1186 3755 Nemesium
1204 3700 1225 3752 l.
1245 3718 1270 3754 c.

122 3788 151 3842 p.
172 3774 232 3825 266.
253 3774 297 3825 ed.
317 3771 461 3825 Matthaei.
481 3772 593 3825 Fabric.
614 3769 688 3823 Bibl.
709 3770 761 3824 Gr.
781 3771 820 3827 ll.
848 3787 877 3840 p·
897 3773 950 3826 642
968 3788 1010 3839 sq.
1047 3772 1128 3825 Unus
1147 3770 1197 3824 Ox.
1217 3785 1272 3842 pru

122 3841 260 3908 cogitetur
282 3841 368 3896 habet
394 3844 513 3908 cogitur.
551 3843 612 3895 Mr.

194 3912 242 3978 qui
259 3929 340 3981 quum
358 3912 446 3980 Cypri
463 3917 493 3967 in
511 3929 607 3965 manas
624 3909 827 3977 Nicocreontis]
846 3911 913 3977 „lta
923 3911 1033 3964 Victor.
1054 3928 1119 3963 cum
1139 3910 1273 3970 omnibus

120 3986 183 4038 tera
203 3984 310 4035 nostris
335 3982 413 4036 MSS.
447 3983 504 4037 Sed
529 3983 578 4035 1111
605 3990 702 4037 tamen
726 3999 865 4057 germano
892 3998 1033 4035 consensu
1060 3982 1270 4050 Timocreontis,

120 4063 154 4107 ut
172 4062 202 4108 et
221 4052 298 4106 Pith.
318 4053 429 4129 Vulgo:
452 4054 501 4122 qui
517 4068 579 4105 cum
596 4054 627 4106 in
645 4070 743 4107 manae
761 4053 861 4123 Cyprii
877 4051 1012 4106 Nicocrf‘
1031 4051 1168 4107 Gebhard.
1195 4055 1273 4120 „Ve-

120 4127 194 4178 ritas
232 4124 374 4177 historica
410 4124 491 4177 iubet
524 4140 576 4177 nos
612 4125 812 4179 Timocreontis
845 4125 930 4176 flocci
965 4124 1095 4179 facere.“
1134 4126 1271 4192 Veriarg.

121 4195 308 4266 „Utrumque
327 4197 429 4264 (Cypri
451 4195 482 4247 in
499 4210 600 4247 manus
616 4194 679 4248 Nic.
704 4203 738 4247 ut
758 4202 802 4250 est
828 4196 860 4247 in
879 4194 949 4248 cod.
969 4194 1042 4261 con,
1075 4203 1105 4250 ct
1121 4198 1154 4252 in
1173 4211 1272 4250 manus

122 4266 220 4334 Cyprii
237 4267 366 4331 Nicoer.)
392 4268 464 4320 bene
488 4265 634 4321 scribitur.
673 4266 747 4318 Nam
765 4274 795 4321 et
811 4266 984 4331 Nicocreon,
1012 4267 1063 4337 qui
1079 4285 1096 4320 a
1113 4263 1271 4320 Plutarcho

121 4337 155 4387 in
178 4334 344 4390 Alexandro
367 4338 527 4408 Νικοκρέων
550 4337 567 4389 d
591 4338 669 4389 Σαλα
692 4341 761 4399 ίνιος
782 4336 959 4403 nominatur,
992 4336 1118 4408 Cyprius
1146 4354 1198 4389 rex
1221 4351 1272 4387 sau

121 4409 236 4475 Κύπρου
253 4410 383 4475 τύραννος
401 4410 468 4476 tuit,
487 4416 516 4464 st
534 4355 723 4464 Anaxarcius
740 4416 806 4480 post
823 4415 948 4463 mortem
966 4405 1137 4470 Alexandri,
1160 4404 1270 4460 invitus
