2828 5070
529 310 658 377 num
681 310 708 394 1,
728 312 778 379 ιο.
951 342 980 412 ¹.
1008 306 1029 323 ’·
1156 304 1237 380 ’τοο

81 479 271 557 defuerunt,
309 479 442 540 ubertus
463 481 626 541 orationis
646 498 712 540 non
738 476 854 540 detuit.
899 476 1019 541 Clarae
1038 498 1120 541 vero
1143 486 1235 541 mora·

81 571 142 636 tes,
172 581 234 642 pro
263 563 371 642 petria
393 565 572 642 oppetitae,
610 581 676 622 nou
703 564 808 624 sotum
836 560 1002 645 gloriosae
1027 560 1233 640 rhetoribus,

81 644 139 705 sed
172 646 271 705 etiam
304 646 420 705 beatae
451 643 561 706 videri
593 646 713 707 solent.
763 643 931 724 Repetunt
962 645 1002 705 ab
1034 645 1232 724 Erechtheo,

1181 769 1232 779 ..ιιι

81 827 166 881 Codd.
185 828 340 902 Reg.·Gud.
354 833 377 882 1.
388 831 413 882 2.
435 836 493 880 tres
502 829 571 881 On.
586 829 638 882 Ed.
652 829 732 882 Junt.
751 829 861 882 ubertus
877 827 1046 882 rationis.
1067 827 1148 882 Male.
1169 826 1230 883 Mr.

153 899 258 951 Cluroe
276 915 341 951 vero
359 898 484 965 usorteq]
504 899 576 952 Gud.
596 901 622 955 t.
648 901 741 953 clere
759 912 824 953 uero
842 900 971 952 mortis.
993 900 1096 964 „Cous¹
1115 898 1176 952 Cic.
1197 899 1231 954 de

81 986 141 1039 rep.
162 970 184 1023 1.
204 973 230 1024 8.
251 970 337 1022 init.“
356 968 470 1022 sctuct.
508 973 572 1024 Mox
591 972 664 1092 hup.
685 980 714 1023 et
730 979 790 1024 tres
809 971 878 1023 Oxx.
905 971 1060 1039 appetitae
1077 986 1130 1041 pro
1150 988 1165 1022 ο
1183 986 1232 1039 pe·

81 1039 167 1106 titue3
191 1057 264 1092 unus
282 1041 442 1108 gloriosum.
464 1040 536 1092 Gud.
557 1042 582 1098 λ.
608 1041 753 1109 goriosue
772 1040 805 1093 ui
812 1041 938 1094 dentur
961 1040 1126 1094 rhetoribus.
1184 1040 1231 1117 ug.

81 1110 227 1178 gloriae
253 1112 440 1165 rectoribus.
460 1114 533 1163 tlon.
555 1118 579 1167 1.
599 1114 625 1167 2.
646 1112 719 1166 Gud.
740 1112 790 1164 seu
812 1118 846 1165 et
870 1113 979 1165 beatae:
1005 1129 1079 1163 unus
1097 1112 1146 1164 Ox.
1167 1112 1232 1164 bea·

81 1187 141 1232 tum
159 1181 263 1245 (idem,
291 1184 341 1251 qui
358 1181 539 1248 gloriosum).
570 1182 652 1234 Vind.
675 1189 698 1238 1.
725 1183 800 1259 Aug.
825 1183 915 1236 eoieut
942 1182 1044 1236 videri.
1080 1184 1160 1236 Unus
1179 1182 1229 1236 Ox.

80 1252 192 1304 ornittit
211 1253 317 1315 videri;
344 1252 416 1304 alius
434 1253 520 1304 habet
537 1253 615 1307 solet.
654 1254 711 1305 Mr.
1229 1250 1233 1257 ¹

84 1394 106 1442 Α
143 1322 285 1446 l{tepetsmt
304 1325 338 1375 ub
357 1321 531 1389 Erechtheo,]
546 1321 721 1389 '‚,iirecbtheo
739 1325 920 1378 scribendum
940 1326 1003 1397 (pro
1017 1320 1176 1386 ttrtcttteo)
1197 1339 1233 1375 ex

107 1409 143 1461 po
170 1409 185 1445 ο

206 1410 265 1459 oro,
290 1395 341 1462 qui
360 1395 408 1446 lib.
430 1396 477 1446 lv.
505 1395 543 1446 ita
568 1395 602 1447 de
621 1394 674 1447 hac
702 1410 734 1447 re
761 1405 858 1448 rtarrat
884 1394 973 1462 [locus
1001 1404 1044 1448 est
1066 1394 1118 1448 111.
1141 1398 1184 1449 15.
1202 1396 1229 1448 d.

81 1480 109 1532 p-
133 1467 190 1519 187.
211 1464 253 1516 ed.
273 1463 424 1530 sermnem]
450 1467 576 1534 Ἐρεχθεῖ
592 1465 622 1518 δὲ
650 1464 717 1535 ὑπὲρ
733 1469 889 1533 Ἀθηναίων
906 1473 980 1533 νίκης
997 1466 1132 1534 χρωμένῳ
1151 1467 1232 1534 ἔχρη·

81 1531 162 1586 σινὸ
186 1536 248 1594 θεὸς
267 1541 448 1603 κατορθώσειν
467 1538 514 1587 τὸν
532 1538 663 1602 πόλεμον,
689 1536 739 1591 tur
789 1542 836 1590 λαν
859 1544 916 1590 τοῖν
939 1539 1098 1606 θυγατέρων
1122 1538 1231 1605 σφάξῃ·

82 1607 127 1656 καλ
150 1608 304 1675 σφάξαντος
331 1605 415 1660 αὐτοῦ
438 1610 486 1672 τὴν
508 1609 644 1673 νεωτάτην
668 1608 713 1658 καλ
738 1629 755 1659 α
799 1612 894 1661 λοιααλ
922 1604 1019 1667 ἑαυτάς
1041 1606 1231 1676 κατέσφαξαν·

81 1675 243 1745 ἐποιήσαντο
268 1675 307 1741 [S.
328 1675 504 1744 ἐπεποίηντο]
527 1679 580 1745 γὰρ
607 1677 647 1742 [S.
667 1679 728 1730 add.
755 1673 791 1736 ὡς
816 1681 832 1732 ἔ
853 1681 925 1731 ασάν
948 1675 1027 1744 τινες]
1052 1682 1233 1748 συνωμοσίαν

81 1744 202 1815 ἀλλήλαις
230 1748 457 1801 συναπολέσθαι.
478 1750 642 1801 Menoeceus
670 1750 757 1800 etiam
774 1700 859 1819 paudb
878 1758 950 1820 post,
976 1765 1029 1818 pro
1049 1745 1233 1801 Menoecbeue

81 1834 116 1869 ex
141 1818 238 1871 eodem
265 1820 405 1888 scriptore
432 1818 644 1893 corrigendum.
681 1820 728 1871 Ex
755 1816 787 1871 eo
814 1828 920 1883 autem,
953 1818 1029 1889 quod
1052 1835 1137 1888 supra
1158 1817 1233 1871 dixit

81 1888 192 1952 Cicero,
211 1899 270 1941 tres
289 1888 444 1943 versiculos
462 1889 563 1958 Elysio
582 1889 614 1940 in
632 1888 746 1941 tabellis
765 1889 851 1942 titisse
869 1889 957 1955 datos,
978 1888 1046 1942 colli
1069 1904 1118 1941 ere
1158 1904 1234 1955 ossu-

82 1975 153 2023 mus,
173 1976 304 2029 responsa
323 1961 354 2011 in
371 1959 485 2012 tabellis
504 1959 537 2012 ab
551 1959 668 2012 oraculo
687 1959 748 2011 dari
766 1961 850 2013 solita
867 1961 968 2013 fuisse:
989 1904 1068 2029 quod
1082 1906 1234 2011 confirma·

82 2039 132 2080 tur
148 2029 310 2083 huiusmodi
330 2031 450 2099 quadam
477 2030 549 2099 apud
567 2047 613 2081 me
631 2030 830 2099 antiquissima
848 2030 953 2083 tabella
973 2047 1008 2083 ex
1026 2047 1101 2091 aere,
1127 2029 1158 2080 in
1197 2045 1233 2095 ue

82 2101 205 2152 incisum
224 2111 278 2153 est:
298 2102 378 2154 Nune
395 2119 438 2154 me
455 2101 582 2168 rogitus:
602 2116 675 2154 nunc
692 2100 833 2155 consutis:
859 2108 964 2170 tempus
982 2101 1041 2153 abit
1059 2099 1151 2152 iam.“
1177 2046 1234 2153 bia

80 2171 166 2223 cinus.
204 2170 374 2225 Bouhierius
401 2173 583 2224 commodum
607 2171 710 2224 harum
735 2173 983 2225 enumerationum
1001 2188 1107 2224 nexum
1125 2170 1234 2224 deside·

81 2259 155 2307 raus,
182 2252 246 2312 post
264 2244 366 2296 ciuium
389 2243 525 2296 excidisse
545 2241 722 2294 existimabat
746 2249 814 2307 tum,
839 2250 872 2293 ut
892 2242 1023 2311 exempla
1049 2241 1090 2301 ita
1107 2258 1137 2293 sc
1156 2240 1234 2293 exei-

81 2313 173 2381 piant:
202 2314 338 2381 Repetunt
359 2315 393 2367 ab
414 2311 574 2376 Erechtheo,
594 2314 673 2364 cuiue
693 2340 724 2349 -
744 2313 860 2374 οτόἰιιοις
890 2318 961 2364 tum
979 2311 1080 2376 Codro,
1107 2309 1157 2380 qui
1176 2319 1231 2363 etc.

81 2384 243 2437 Menoeceus
271 2401 323 2437 nou
343 2412 375 2421 -
400 2384 450 2454 qui
476 2393 530 2437 etc.
572 2382 694 2438 Veniunt
716 2381 786 2436 'inde
810 2383 848 2435 ud
871 2382 1009 2452 propiora
1034 2391 1088 2436 etc.
1113 2380 1233 2435 Confert

81 2453 140 2506 Cic.
160 2454 263 2507 Aeadd.
290 2456 337 2507 IV.
356 2459 387 2511 5:
421 2454 554 2522 Repetunt
575 2453 634 2505 ium
661 2468 679 2505 α
698 2450 729 2504 Ρ.
754 2453 879 2520 Valerio,
905 2453 954 2521 qui
980 2450 1090 2511 erectis
1114 2450 1233 2520 regibue

80 2534 135 2577 etc.
157 2528 221 2578 tum
239 2527 277 2579 ud
294 2523 343 2578 boa
360 2525 485 2578 notiores
505 2533 559 2578 etc.
579 2523 715 2577 Rethius:
750 2524 840 2590 „Dan
867 2524 953 2576 verba
980 2524 1060 2576 cuius
1080 2548 1112 2559 —
1131 2520 1233 2575 ciuium

80 2597 245 2664 parenthesi
265 2598 399 2659 includit,
427 2606 459 2647 ut
478 2596 601 2656 σύνταξις
620 2602 739 2659 constet,
769 2603 879 2663 etpost
898 2594 1018 2648 Codrum
1037 2592 1232 2665 rolonponit.

81 2667 222 2736 Opinatur
244 2668 341 2736 itaque
369 2667 492 2721 Codrum
514 2665 639 2737 pendere
663 2684 678 2716 a
702 2671 836 2735 repetunt.
875 2664 967 2717 Falso.
1004 2663 1074 2718 iude
1094 2666 1172 2717 enim
1190 2678 1234 2717 se·

81 2747 228 2805 queretur,
252 2738 337 2790 Codri
356 2747 488 2803 aetatem,
516 2737 566 2806 qui
589 2736 727 2788 trecentis
754 2739 815 2789 iere
841 2736 921 2788 annis
947 2746 1011 2807 post
1034 2735 1233 2788 Erechtheum

80 2808 164 2872 vixit,
184 2810 215 2860 in
232 2808 318 2860 huius
336 2819 465 2879 tempora
484 2807 625 2860 incidisse.
655 2806 687 2858 Id
705 2806 800 2860 noluit
812 2806 930 2876 quidem
942 2808 991 2859 vir
1008 2806 1232 2862 eruditissimus:

81 2879 129 2929 sed
147 2890 324 2950 sequeretur.
362 2882 492 2949 Namque
519 2879 553 2930 ab
579 2874 728 2930 Erechtheo
752 2883 877 2944 repetere
901 2887 943 2931 est
967 2878 1000 2930 ab
1025 2878 1084 2930 anti
1107 2874 1233 2930 uissimis

81 2949 258 3020 temporibus
275 2950 435 3004 Erechthei
455 2966 589 3002 revocare
607 2950 701 3000 cturua
719 2955 831 3014 mortes,
851 2966 909 3002 non
924 2948 1052 3003 Codrum.
1082 2896 1165 3002 ibride
1184 2955 1234 3003 aut

79 3021 199 3072 verbum
219 3022 336 3087 excidit,
356 3030 405 3073 aut
423 3022 513 3074 oratio
532 3013 721 3079 ἅνακόλοοθσς
739 3027 789 3072 est.
827 3018 858 3073 Si
878 3020 962 3085 illud,
983 3020 1083 3073 malim
1098 3019 1233 3089 equidem

81 3091 145 3143 addi
164 3099 386 3145 coeuntemorunt.
413 3092 473 3146 cic.
493 3091 578 3143 Acad.
598 3091 645 3142 IV.
666 3094 691 3146 5.
712 3089 847 3158 Repetunt
865 3106 883 3142 a
907 3089 937 3141 P.
961 3091 1078 3144 Valerio
1098 3122 1130 3131 -
1150 3104 1234 3141 com-

80 3169 273 3213 memorant
293 3165 424 3231 reliquos.
463 3162 522 3226 Qrso
542 3161 572 3212 in
589 3160 654 3214 ioco
672 3161 792 3225 verbum
812 3161 957 3228 repetendi
975 3161 1049 3226 vult,
1069 3169 1102 3211 ut
1121 3159 1151 3212 P.
1177 3159 1234 3212 Va·

82 3229 171 3282 terius
188 3232 248 3298 ipse
266 3247 301 3300 po
323 3233 448 3283 uteribus
467 3231 678 3293 adnumeretur,
703 3231 734 3283 in
753 3239 849 3283 nostro
868 3240 973 3295 autem,
1001 3240 1033 3283 ut
1053 3229 1234 3282 Erechtheus

82 3301 251 3370 excipiatur.
318 3318 372 3365 am,
392 3299 468 3371 quod
485 3308 605 3365 constet,
636 3301 713 3353 tiliae
737 3300 805 3355 illae
831 3299 949 3370 quidem
972 3300 1130 3354 Erechthei
1155 3316 1234 3352 mor-

81 3381 141 3424 tem
169 3386 220 3443 pro
246 3373 337 3441 patria
365 3369 541 3442 oppetivere,
575 3387 632 3424 non
656 3370 839 3425 Erechtheus
866 3370 935 3441 ipse.
981 3371 1063 3425 Unde
1085 3368 1235 3443 'particuia

82 3443 169 3495 etiam
194 3441 270 3494 idem
296 3442 374 3495 valet
398 3456 430 3494 ae
454 3441 533 3506 adeo,
566 3450 598 3492 ut
624 3441 843 3513 promentis
868 3458 892 3492 c.
911 3445 960 3498 tl:
996 3444 1128 3507 Mortem,
1153 3450 1234 3510 qnam

82 3515 132 3566 eti
138 3529 190 3567 am
214 3514 341 3581 uirgines
366 3510 495 3578 Athenis,
529 3511 632 3579 regis„
647 3514 755 3583 opinor,
783 3509 932 3566 Erechthei
960 3513 1038 3578 {ittae
1063 3529 1116 3580 pro
1138 3512 1234 3581 patric

81 3584 259 3638 contemsisse
279 3586 422 3648 dicuntur,
450 3596 502 3650 ego
521 3582 668 3636 timerem?
698 3583 739 3651 [u.
760 3582 841 3637 adh.
862 3585 881 3635 l.
907 3582 941 3637 A.
961 3584 1097 3638 Matthiae
1123 3587 1153 3635 in
1170 3583 1233 3637 Cic.

83 3656 172 3708 Oratt.
193 3657 240 3709 Vi.
260 3676 289 3726 p.
311 3658 369 3710 104.
391 3656 459 3722 ibiq.
480 3650 585 3719 lauet]
605 3654 786 3722 „Respondet
803 3654 1025 3709 RathioCensor
1037 3656 1101 3709 Jen.
1122 3653 1235 3707 etiarnsi

82 3732 207 3791 repetunt
234 3728 332 3801 iungas
358 3736 386 3778 et
406 3726 538 3788 Codrum,
565 3726 633 3779 inde
655 3734 752 3779 tamen
774 3740 833 3778 non
852 3726 952 3796 sequi,v
977 3736 1012 3779 ut
1034 3726 1160 3779 eiusdem
1188 3741 1235 3778 eos

82 3812 142 3847 esse
169 3800 267 3849 aetatis
294 3799 484 3872 significetur.
530 3797 667 3849 Ceterum
680 3798 789 3850 coelem
821 3796 893 3862 iure,
925 3814 981 3866 quo
1010 3800 1235 3858 commemorent,

102 3884 162 3918 osse
186 3869 298 3936 requiri
320 3869 498 3936 praedicunt,
524 3869 649 3921 laudaut.
680 3869 808 3921 Nissen:
841 3869 1011 3938 „Repetunt
1035 3867 1071 3918 ab
1089 3864 1235 3921 Ericute‘u

81 3887 135 4003 Γαῖα
162 3936 218 3989 hoc
243 3954 348 3990 nomen
374 3939 491 4000 scribit3
514 3947 661 4009 corrupte,
688 3948 722 3990 ut
739 3935 823 4002 Em]
844 3938 862 3989 i.
882 3956 907 3991 e.
936 3938 1090 4006 incipiunt.
1128 3937 1235 3990 uultus

81 4018 177 4062 autem
196 4009 288 4072 video,
316 4010 366 4078 qui
385 4009 509 4073 Codrum
533 4025 599 4060 cum
626 4008 672 4059 his
696 4008 780 4082 iungi
803 4009 901 4078 possit,
928 4017 960 4059 ut
980 4009 1096 4078 quidam
1120 4009 1234 4062 volunt.

81 4083 181 4133 Putem
200 4089 262 4150 pust
283 4079 405 4132 Codrum
430 4080 567 4132 excidisse
585 4079 706 4131 citent.“
728 4080 856 4162 Buggius
874 4080 905 4130 in
922 4079 1088 4148 prolusione
1106 4080 1233 4133 laudatas

82 4154 206 4215 „Potest
234 4152 284 4214 ait,
317 4152 420 4219 utique
444 4151 559 4203 defendi
587 4152 636 4201 vul
659 4159 703 4202 ata
729 4151 828 4214 lacteo,
856 4150 880 4201 si
907 4149 1021 4224 iungas:
1055 4155 1180 4219 repetunt
1198 4150 1234 4202 ab

82 4221 233 4274 Duecbtbeo
252 4222 371 4274 Codrum
389 4221 418 4273 h.
439 4238 463 4273 e.
483 4222 518 4273 ad
535 4222 645 4274 Erecht
668 4239 733 4272 eum
753 4221 882 4284 redeunt,
908 4228 942 4271 ut
960 4222 994 4272 ad
1011 4222 1136 4275 Codrum
1152 4220 1236 4272 veni·

82 4301 140 4343 ant.
170 4295 206 4343 At
225 4294 375 4346 invenuste
392 4301 501 4357 terren,
520 4308 557 4345 ne
574 4293 640 4362 pius
657 4292 762 4359 diesin,
780 4290 951 4344 vocabulum
959 4292 1084 4346 Codrum
1101 4292 1140 4343 ita
1159 4289 1235 4342 nude

84 4362 207 4429 positum
234 4380 301 4429 esse,
330 4373 359 4416 et
376 4381 392 4414 a
410 4364 525 4428 ceteris,
554 4362 723 4433 quibuscum
748 4371 827 4415 arcte
852 4362 997 4429 cohaeret,
1021 4360 1117 4416 verbis
1141 4361 1236 4411 seiun-

85 4438 175 4496 ctum,
193 4431 269 4486 haud
283 4433 361 4486 mitit
378 4434 442 4499 soli,
460 4435 574 4504 opinor,
592 4432 718 4489 videm.
755 4432 895 4493 utentes
912 4434 1011 4505 itaque
1034 4434 1070 4487 iis
1087 4429 1234 4494 ausuum
