2828 5070
517 324 768 405 nissam
1160 323 1226 390 tta

68 497 161 574 ipsos
189 488 350 577 redargui
381 489 552 572 refellique
584 491 762 571 patiamur.
806 488 905 570 Quod
932 490 958 550 ii
978 491 1092 552 ierunt
1112 492 1226 552 animo

69 579 196 656 iniquo,
229 575 285 654 qui
314 574 415 633 cartis
445 571 639 654 quibusdam
668 573 910 652 destinatisque
940 574 1112 634 sententiis
1134 574 1228 654 quasi

70 657 195 720 addicti
223 664 258 717 et
288 656 477 716 consecrati
504 665 591 731 sunt,
625 674 730 738 eaque
758 657 954 716 necessitate
974 656 1159 735 constricti,
1189 664 1228 716 ut

70 845 195 917 pendeat
214 845 295 913 qnasi
314 860 347 896 ac
367 851 505 912 sequatur
523 844 563 908 id,
582 845 690 896 utiam
708 841 893 913 philosophia
916 850 1053 894 nascatur
1079 859 1168 911 eaque
1192 844 1227 896 ab

71 920 135 989 ipso
154 915 298 984 scriptore
325 912 481 967 adiuvetur
499 922 585 983 atque
604 912 679 969 idem
701 932 730 968 se
756 913 854 967 refelli
873 912 1070 989 redarguique
1087 914 1226 982 patiatur.

71 989 250 1055 „Sententia
269 994 365 1038 autem
385 985 538 1053 scriptoris
556 983 629 1038 haec
647 993 699 1049 est,
711 979 716 988 ’
727 993 761 1037 ut
778 985 848 1053 quid
865 987 976 1037 iactum
996 985 1034 1035 sit
1053 983 1106 1035 illo
1125 983 1228 1036 Roma·

71 1076 177 1113 norum
195 1057 349 1110 hominum
368 1057 463 1109 studio
481 1057 720 1127 perferendarum
740 1057 833 1108 oannis
844 1057 960 1130 generis
970 1055 1088 1107 laudum
1108 1054 1228 1109 eGrss·

71 1133 116 1184 cia
148 1132 178 1182 in
206 1129 333 1196 patriam
361 1146 450 1191 suam,
476 1135 609 1197 exponat.
647 1128 718 1179 Vult
745 1127 853 1200 igitur:
887 1125 978 1192 Unde,
1005 1143 1059 1195 per
1085 1126 1228 1197 temporis

72 1203 228 1254 decursum
248 1215 426 1268 operamque
444 1215 460 1249 a
478 1198 654 1251 nostratibus
672 1205 815 1261 navatam,
833 1198 1011 1261 factumest,
1029 1205 1063 1248 ut
1080 1204 1229 1249 oratorum

73 1272 191 1337 quidem
210 1269 272 1321 laus
292 1273 332 1321 ita
351 1270 385 1322 sd
405 1287 550 1323 sumtuum
569 1268 694 1334 venerit,
722 1277 755 1320 ut
774 1268 830 1319 iam
850 1275 979 1321 senescat
997 1275 1026 1322 et
1044 1283 1113 1320 mox
1130 1265 1166 1319 ad
1184 1269 1229 1320 ni-

72 1342 171 1395 hilum
189 1349 313 1392 ventura
332 1340 484 1393 videatur:
504 1347 605 1392 contra
623 1338 808 1410 philosophia
826 1336 883 1392 hoc
901 1340 964 1407 ipso
983 1347 1124 1407 tempore,
1148 1338 1229 1391 Lati-

71 1417 118 1466 nis
139 1412 255 1482 quidsm
274 1410 381 1475 literis,
406 1419 505 1464 ortum
530 1411 627 1479 capiat
650 1417 736 1480 atque
763 1409 952 1471 incrementa,
980 1426 1065 1479 quem
1090 1416 1227 1463 cum'nos

72 1485 210 1538 adiuvare
229 1482 451 1549 susceperimus,
470 1482 535 1533 lieri
554 1496 613 1532 non
630 1489 735 1550 potest,
755 1481 826 1548 quin
845 1496 898 1532 nos
917 1481 1005 1533 etism
1024 1479 1162 1554 redargui
1180 1497 1230 1534 rs·

72 1555 198 1624 bellique
217 1553 371 1621 patiamur.
387 1549 464 1603 cod.
483 1551 570 1605 Vind.
590 1554 615 1607 ἵ.
637 1550 748 1619 quidem
765 1549 887 1606 latinis.
923 1551 983 1603 Mr.
1199 1586 1225 1597 .-

145 1642 179 1677 es
197 1622 245 1675 bis
263 1622 439 1690 temporibus]
477 1623 496 1675 i.
517 1641 540 1676 s.
559 1622 627 1675 inde
645 1621 678 1674 ab
696 1620 753 1674 hoc
776 1630 916 1690 tempore.
953 1621 1100 1675 scribitur
1122 1630 1151 1676 et
1175 1637 1230 1694 pro

73 1714 109 1751 ee
127 1697 158 1749 in
176 1710 234 1747 nno
254 1693 324 1757 Ox.;
344 1693 385 1746 iis
401 1709 457 1762 pra
475 1692 520 1745 bis
539 1695 570 1746 in
587 1693 661 1745 Mon.
682 1695 708 1749 2.
736 1692 799 1758 Qua
813 1693 878 1745 data
896 1695 1046 1748 occasions
1070 1694 1146 1747 illud
1168 1710 1232 1748 ma·

72 1768 200 1822 nendum
221 1763 347 1826 videtur,
376 1765 543 1834 saepissime
568 1765 685 1833 quidem
709 1770 738 1816 et
762 1766 824 1816 feru
850 1770 1015 1816 constanter
1043 1765 1074 1816 in
1091 1764 1231 1834 plurimis

73 1840 159 1892 libris
179 1835 234 1889 ΜΒ.
255 1835 346 1888 scribi
364 1833 409 1887 bis
429 1850 482 1904 pro
501 1836 552 1900 iis,
571 1836 720 1887 rarissime
737 1842 833 1886 autem
852 1833 963 1903 iis‘pro
987 1833 1041 1886 bis.
1079 1834 1160 1887 Unus
1179 1835 1230 1887 Ox'
1307 1878 1310 1884 .

73 1912 132 1962 tria
151 1906 222 1962 haec
241 1906 380 1959 uocabula
398 1906 525 1970 omittit3
550 1904 623 1980 Aug.
651 1905 739 1957 habet
765 1920 799 1955 ea
824 1901 870 1954 bis
897 1905 1031 1972 quidem
1049 1905 1230 1972 tenspcribus.

75 1981 161 2032 vind.
184 1985 205 2033 Ι.
226 1994 279 2049 per
302 1979 326 2029 it
344 1992 395 2029 nos
415 1992 485 2041 eam,
504 1974 595 2030 Rehd.
617 1974 794 2044 eamquead
812 1989 872 2029 nos.
894 1974 969 2028 blan.
982 1981 1007 2030 1.
1028 1992 1079 2028 nos
1098 1992 1232 2046 quoque

75 2052 160 2118 ipsos.
183 2049 257 2104 Gud.
278 1997 304 2103 ig.
326 2064 387 2100 nce
405 2048 492 2113 ipsos.
530 2046 679 2100 scribitur
696 2045 791 2110 refelli
808 2046 998 2115 redarguique
1017 2047 1049 2098 in
1067 2045 1138 2100 Edd.
1155 2049 1183 2099 P.
1197 2045 1232 2101 Aa

75 2125 105 2175 B.
126 2123 152 2176 S.
173 2120 207 2172 E.
228 2120 259 2173 Ο.
280 2119 359 2171 Junt.
389 2121 459 2172 Ven.
487 2128 578 2175 nostr.
603 2118 713 2174 Asc-d.
731 2121 757 2172 2.
783 2116 906 2175 Hwolt'.
944 2118 980 2170 ln
1005 2117 1075 2173 cod.
1099 2119 1231 2174 vind-1.

76 2193 217 2261 redargui
236 2198 263 2245 et
282 2189 385 2255 refelli.
424 2190 484 2246 Mr.
1035 2227 1039 2233 -
1247 2208 1255 2226 .

149 2265 228 2321 Quod
256 2263 281 2315 si
308 2260 338 2313 tn·
361 2262 455 2326 serunt
481 2288 513 2299 -»
538 2261 702 2325 defendere:
738 2277 789 2314 nas
815 2261 865 2330 qui
889 2260 1033 2328 sequimur
1059 2259 1234 2328 probabilia]

76 2336 183 2411 Vulgo,
203 2335 276 2400 quad
294 2331 323 2383 lsi
340 2333 436 2395 ferunt
454 2359 487 2370 -
507 2333 661 2396 defendere.
687 2332 747 2383 Nos
766 2331 815 2400 qui
832 2332 975 2399 sequimur
990 2332 1151 2399 probabilia
1179 2340 1232 2384 etc.

78 2408 115 2459 At
133 2407 267 2458 voculam
287 2402 440 2455 secundam
459 2402 539 2456 dedit
557 2403 626 2478 Reg.
647 2419 735 2472 eaque
753 2410 878 2471 recepta,
898 2403 1034 2456 mutanda
1059 2405 1118 2455 fuit
1144 2403 1236 2457 inter-

99 2478 207 2528 unctio.
242 2476 279 2526 D.
758 2494 760 2500 ·

77 2496 97 2548 P
150 2548 228 2602 Quod
246 2544 272 2597 ii
290 2543 407 2610 seruiet]¹
435 2545 500 2601 Non
517 2542 604 2596 habet
623 2540 690 2595 Cod.
712 2543 781 2628 Reg.
801 2543 926 2614 quodsi
944 2543 984 2612 ti,
1005 2545 1082 2616 quod
1101 2563 1166 2600 euru
1184 2543 1237 2600 hs·

77 2618 145 2670 bere
164 2619 205 2669 ait
223 2616 306 2680 Dav„
328 2616 379 2667 sed
397 2616 469 2682 quod
487 2613 535 2678 bi,
555 2623 588 2666 ut
606 2614 727 2666 totidem
745 2615 841 2668 literis
861 2618 1003 2687 scriptum
1024 2625 1067 2670 est
1086 2618 1118 2670 in
1136 2624 1236 2671 nostra

79 2689 246 2750 collatione,
276 2685 408 2755 quodque
433 2687 497 2738 veri
521 2685 555 2735 fit
578 2684 765 2738 simillimum
788 2687 946 2742 collatione
972 2688 1086 2742 Codicis
1112 2688 1188 2744 Gud.
1210 2692 1234 2744 l.

79 2761 140 2830 qui,
160 2761 191 2812 in
209 2759 359 2830 plerisque
377 2773 443 2808 curn
462 2756 515 2809 illo
535 2757 718 2821 conveniens,
745 2755 802 2811 hoc
819 2773 934 2827 quoque
961 2758 1027 2812 loco
1052 2760 1130 2813 idem
1156 2758 1238 2813 exhi·

78 2833 152 2884 bet·
171 2832 271 2900 Neque
290 2828 449 2881 necessaria
474 2835 518 2880 est
542 2827 599 2879 ista
621 2828 797 2880 coniunctio.
835 2828 986 2883 Sententia
1006 2839 1065 2885 ests
1093 2829 1239 2900 „quodii

78 2906 182 2955 ierunt
200 2903 296 2953 animo
316 2900 418 2969 iniquo
438 2925 472 2936 -
490 2899 520 2950 id
538 2913 591 2950 nos
609 2914 668 2951 non
686 2916 773 2974 aegre
790 2901 927 2952 ierimus:
956 2918 1034 2964 nam,
1052 2918 1118 2954 cum
1138 2918 1239 2969 sequa·

80 2989 147 3026 mur
173 2971 346 3042 probabilia,
381 2977 411 3023 st
436 2969 576 3023 refellere
595 2998 626 3010 -
648 2975 677 3022 et
695 2969 796 3023 refelli
817 3001 849 3013 -
891 2973 966 3023 arati
993 2971 1124 3026 sumus.“
1153 2971 1238 3026 Saba.

79 3045 168 3096 nimis
188 3043 294 3115 cupide
311 3041 463 3094 Davisium
482 3050 596 3093 secutus
616 3047 668 3093 est.
705 3040 787 3093 Unus
806 3041 859 3093 Ox.
917 3043 965 3094 bet
984 3044 1029 3096 dii
1052 3059 1106 3112 pro
1125 3043 1163 3095 ii:
1189 3042 1239 3095 ad·

79 3115 174 3167 haesit
199 3114 319 3167 uoculae
342 3112 448 3164 ultima
474 3111 675 3181 praecedentis
698 3113 778 3163 vocis
802 3111 897 3165 litera.
927 3113 1005 3166 Gud.
1020 3116 1046 3169 2
1068 3115 1181 3166 omittit
1198 3114 1240 3177 fe-

80 3191 156 3236 runt.
177 3188 252 3237 blan.
274 3191 297 3238 l.
317 3182 404 3236 habet
421 3184 544 3247 fuerunt.
581 3180 657 3234 Tum
674 3199 750 3234 unus
769 3181 820 3234 Ox.
840 3183 889 3252 qui
906 3183 1074 3239 incertis.
1094 3185 1170 3260 Aug.
1190 3182 1241 3252 qus·

82 3259 227 3307 ceteris.
267 3255 328 3306 ntr.

154 3325 241 3377 certis
261 3325 424 3392 quibusdam
443 3324 649 3393 destinatisque
672 3324 821 3378 sententiis
849 3325 934 3394 quasi
959 3326 1070 3380 addicti
1093 3334 1121 3380 et
1146 3341 1242 3381 conse·
1289 3334 1293 3339 '

82 3396 171 3462 crati]
210 3395 462 3461 „Addicebantar,
491 3398 551 3465 qui,
577 3413 642 3448 cum
667 3396 805 3449 solvendo
832 3396 1013 3464 sanassent,
1040 3399 1127 3452 alteri
1146 3399 1242 3454 trade»

81 3470 203 3530 banton
224 3474 253 3519 et
272 3468 303 3518 in
324 3468 471 3535 emptione
489 3484 522 3519 ac
540 3465 709 3520 venditione
726 3483 783 3531 res,
804 3485 876 3537 quae
896 3469 989 3533 venit,
1009 3468 1161 3523 addicitur.
1195 3469 1243 3522 Ex

81 3557 116 3592 eo
136 3540 278 3600 addictus,
298 3538 460 3589 destinatus
479 3546 507 3589 et
526 3539 662 3590 traditu's:
686 3544 721 3590 ut
738 3539 833 3601 morti,
859 3539 998 3606 supplicio
1024 3541 1166 3595 addictus.
1202 3540 1244 3594 Et

82 3612 220 3664 Horatius
241 3609 344 3680 [Epist.
367 3609 435 3661 1.·1.
456 3609 512 3674 14]
532 3609 646 3660 Nullius
663 3608 796 3661 addictus
814 3609 913 3663 iurare
930 3611 962 3662 in
986 3613 1070 3665 uerba
1093 3611 1241 3679 magistri.

85 3710 117 3719 -
138 3683 324 3734 Cosssecratas
342 3689 439 3732 autem
459 3680 541 3748 quasi
560 3681 678 3732 dev'otos
698 3681 873 3749 accipimus:
900 3689 935 3733 ut
953 3682 985 3735 in
1008 3684 1136 3736 formula
1155 3681 1244 3736 devo-

84 3753 185 3818 tionis,
218 3770 289 3821 quae
317 3752 447 3803 refertur
472 3749 651 3803 alliacrobio
679 3749 794 3802 Satura.
821 3751 872 3803 lib.
892 3752 945 3804 111.
975 3749 1014 3817 [c.
1034 3756 1059 3810 9,
1083 3772 1112 3824 p.
1133 3756 1179 3807 ot.
1199 3753 1243 3808 ed.

84 3823 160 3892 Bip.]
180 3824 393 3888 Exercitumque
411 3819 545 3885 bostium,
568 3822 650 3874 urbes
673 3837 822 3891 agrosque,
851 3823 945 3890 capita
969 3829 1125 3891 aetatesque
1151 3841 1245 3877 eorum

84 3895 199 3946 denotas
226 3900 453 3960 consecratosque
477 3891 614 3945 babeatis.
653 3893 715 3945 Hoc
739 3902 835 3947 sutem
856 3896 965 3958 facere,
1034 3896 1072 3948 od
1096 3894 1152 3948 hoc
1179 3895 1244 3951 loco

84 3966 158 4018 dicit
177 3965 248 4028 Cic,
268 3965 390 4039 vulgare
411 3964 499 4017 etiam
518 3965 639 4017 verbum
657 3972 748 4029 vetat,
767 3981 825 4035 quo
844 3963 970 4017 dicitur:
1012 3966 1088 4018 atius
1106 3983 1166 4020 esse
1184 3983 1245 4020 ms·

85 4044 149 4089 tare
169 4051 280 4087 clusum
297 4051 445 4102 perperam
463 4035 636 4100 institutum,
657 4052 738 4105 quam
756 4035 848 4089 inilia
868 4053 1001 4104 pergere:
1022 4038 1247 4111 παλινδρομῆσαι

82 4113 197 4175 μᾶλλον,
217 4107 231 4172 ἢ
250 4112 334 4167 κακῶς
353 4106 505 4174 δραμεῖν.“
526 4107 719 4159 Camerarius.
758 4107 842 4159 Geni.
862 4107 1000 4173 Quinctil.
1021 4109 1073 4162 111.
1094 4115 1123 4164 1:
1151 4110 1246 4192 Neque

85 4180 159 4231 enim
177 4196 219 4232 me
238 4179 402 4246 cuiusquam
420 4185 512 4229 sectae
531 4179 606 4230 uelut
630 4180 748 4246 quadam
765 4179 967 4244 superstitione
990 4180 1110 4233 imbutus
1134 4180 1243 4233 addixi.

85 4286 105 4313 ,‚
117 4250 195 4302 citat
213 4258 345 4303 nostrum
371 4249 468 4300 locum
493 4251 615 4308 Nonius,
640 4249 755 4310 docens.
779 4249 906 4302 additum
936 4268 997 4304 esse
1016 4254 1099 4321 qussi
1119 4254 1247 4305 deuotum

86 4320 400 4374 velobnoeiurn.“1='r.
420 4320 579 4374 Fabricius.
606 4320 673 4375 cod.
692 4321 766 4396 Aug.
794 4320 872 4372 aditi
895 4337 950 4391 pro
975 4323 1095 4376 addicti.
1122 4326 1199 4375 bion.
1220 4325 1245 4376 l.

87 4393 242 4443 constructi
266 4409 320 4461 pro
345 4392 500 4445 constricti.
536 4392 573 4445 Pe
611 4392 636 4444 it
647 4385 751 4445 fttehd.
781 4409 847 4445 cum
870 4409 928 4446 uno
948 4394 998 4447 Ox.
1019 4401 1051 4446 ut
1070 4394 1148 4444 iarn.
1181 4395 1248 4445 Mox

86 4463 162 4514 bion.
181 4464 207 4517 2.
227 4478 379 4529 quaencs
395 4464 525 4532 probare.
545 4462 593 4517 Gu
613 4500 621 4516 .
638 4464 760 4534 probare
777 4480 831 4519 non
849 4465 965 4520 soleast.
986 4463 1051 4518 Duo
1069 4463 1140 4518 011.
1160 4463 1248 4519 omit·
