<?xml version="1.0" encoding="UTF-8"?>
<!DOCTYPE html PUBLIC "-//W3C//DTD XHTML 1.0 Transitional//EN"
    "http://www.w3.org/TR/xhtml1/DTD/xhtml1-transitional.dtd">
<html xmlns="http://www.w3.org/1999/xhtml" xml:lang="en" lang="en">
 <head>
  <title>
</title>
<meta http-equiv="Content-Type" content="text/html;charset=utf-8" />
  <meta name='ocr-system' content='tesseract 3.04.00' />
  <meta name='ocr-capabilities' content='ocr_page ocr_carea ocr_par ocr_line ocrx_word'/>
</head>
<body>
  <div class='ocr_page' id='page_1' title='image "./mtulliiciceroni01davigoog_0202.png"; bbox 0 0 2828 5070; ppageno 0'>
   <div class='ocr_carea' id='block_1_1' title="bbox 570 298 1278 385">
    <p class='ocr_par' dir='ltr' id='par_1_1' title="bbox 570 298 1278 385">
     <span class='ocr_line' id='line_1_1' title="bbox 570 298 1278 385; baseline 0.006 -19"><span class='ocrx_word' id='word_1_1' title='bbox 570 298 699 368; x_wconf 64' lang='lat' dir='ltr'><strong><em>amna</em></strong></span> <span class='ocrx_word' id='word_1_2' title='bbox 720 302 748 385; x_wconf 90' lang='lat'><strong><em>1,</em></strong></span> <span class='ocrx_word' id='word_1_3' title='bbox 768 300 819 369; x_wconf 81' lang='lat'><strong><em>22.</em></strong></span> <span class='ocrx_word' id='word_1_4' title='bbox 871 306 874 313; x_wconf 93' lang='lat'>·</span> <span class='ocrx_word' id='word_1_5' title='bbox 1217 304 1278 372; x_wconf 77' lang='lat' dir='ltr'><strong><em>roo</em></strong></span> 
     </span>
    </p>
   </div>
   <div class='ocr_carea' id='block_1_2' title="bbox 116 463 1319 800">
    <p class='ocr_par' dir='ltr' id='par_1_2' title="bbox 116 463 1319 800">
     <span class='ocr_line' id='line_1_2' title="bbox 117 463 1276 558; baseline 0.003 -28"><span class='ocrx_word' id='word_1_6' title='bbox 117 463 221 531; x_wconf 75' lang='lat' dir='ltr'><strong><em>ierim</em></strong></span> <span class='ocrx_word' id='word_1_7' title='bbox 243 464 353 550; x_wconf 82' lang='lat' dir='ltr'><strong><em>ipsum</em></strong></span> <span class='ocrx_word' id='word_1_8' title='bbox 374 474 409 529; x_wconf 85' lang='lat' dir='ltr'><strong><em>et</em></strong></span> <span class='ocrx_word' id='word_1_9' title='bbox 429 465 582 530; x_wconf 75' lang='lat' dir='ltr'><strong><em>divinam</em></strong></span> <span class='ocrx_word' id='word_1_10' title='bbox 602 471 762 547; x_wconf 86' lang='lat' dir='ltr'><strong><em>animum,</em></strong></span> <span class='ocrx_word' id='word_1_11' title='bbox 789 485 934 547; x_wconf 71' lang='lat' dir='ltr'><strong><em>corpora</em></strong></span> <span class='ocrx_word' id='word_1_12' title='bbox 961 467 1153 549; x_wconf 78' lang='lat' dir='ltr'><strong><em>liberatum,</em></strong></span> <span class='ocrx_word' id='word_1_13' title='bbox 1185 471 1276 558; x_wconf 81' lang='lat' dir='ltr'><strong><em>cogi-</em></strong></span> 
     </span>
     <span class='ocr_line' id='line_1_3' title="bbox 116 550 1276 633; baseline 0.003 -21"><span class='ocrx_word' id='word_1_14' title='bbox 116 553 250 613; x_wconf 82' lang='lat' dir='ltr'><strong><em>tatione</em></strong></span> <span class='ocrx_word' id='word_1_15' title='bbox 270 551 446 633; x_wconf 74' lang='lat' dir='ltr'><strong><em>complecti</em></strong></span> <span class='ocrx_word' id='word_1_16' title='bbox 467 568 651 631; x_wconf 83' lang='lat' dir='ltr'><strong><em>possumus.</em></strong></span> <span class='ocrx_word' id='word_1_17' title='bbox 694 551 921 613; x_wconf 72' lang='lat' dir='ltr'><strong>Dicaearchus</strong></span> <span class='ocrx_word' id='word_1_18' title='bbox 943 550 1077 633; x_wconf 77' lang='lat' dir='ltr'><strong><em>quidem</em></strong></span> <span class='ocrx_word' id='word_1_19' title='bbox 1097 560 1132 615; x_wconf 89' lang='lat' dir='ltr'><strong><em>et</em></strong></span> <span class='ocrx_word' id='word_1_20' title='bbox 1147 551 1276 616; x_wconf 81' lang='lat' dir='ltr'><strong><em>Aristo·</em></strong></span> 
     </span>
     <span class='ocr_line' id='line_1_4' title="bbox 117 631 1275 716; baseline 0.003 -23"><span class='ocrx_word' id='word_1_21' title='bbox 117 652 238 710; x_wconf 80' lang='lat' dir='ltr'><strong><em>ronna,</em></strong></span> <span class='ocrx_word' id='word_1_22' title='bbox 270 635 349 715; x_wconf 84' lang='lat' dir='ltr'><strong><em>quia</em></strong></span> <span class='ocrx_word' id='word_1_23' title='bbox 370 631 517 695; x_wconf 78' lang='lat' dir='ltr'><strong><em>difficilis</em></strong></span> <span class='ocrx_word' id='word_1_24' title='bbox 537 635 749 712; x_wconf 68' lang='lat' dir='ltr'><strong><em>eratenim,</em></strong></span> <span class='ocrx_word' id='word_1_25' title='bbox 777 632 859 715; x_wconf 86' lang='lat' dir='ltr'><strong><em>quid</em></strong></span> <span class='ocrx_word' id='word_1_26' title='bbox 886 641 946 694; x_wconf 81' lang='lat' dir='ltr'><strong><em>ant</em></strong></span> <span class='ocrx_word' id='word_1_27' title='bbox 967 633 1074 716; x_wconf 83' lang='lat' dir='ltr'><strong><em>qualis</em></strong></span> <span class='ocrx_word' id='word_1_28' title='bbox 1095 645 1192 714; x_wconf 84' lang='lat' dir='ltr'><strong><em>esset,</em></strong></span> <span class='ocrx_word' id='word_1_29' title='bbox 1224 638 1275 697; x_wconf 91' lang='lat' dir='ltr'><strong><em>in-</em></strong></span> 
     </span>
     <span class='ocr_line' id='line_1_5' title="bbox 117 714 1319 800; baseline -0.003 -22"><span class='ocrx_word' id='word_1_30' title='bbox 117 716 316 800; x_wconf 76' lang='lat' dir='ltr'><strong><em>telligentia,</em></strong></span> <span class='ocrx_word' id='word_1_31' title='bbox 338 716 466 777; x_wconf 87' lang='lat' dir='ltr'><strong><em>nulium</em></strong></span> <span class='ocrx_word' id='word_1_32' title='bbox 487 718 622 778; x_wconf 88' lang='lat' dir='ltr'><strong><em>omnino</em></strong></span> <span class='ocrx_word' id='word_1_33' title='bbox 644 719 792 778; x_wconf 84' lang='lat' dir='ltr'><strong><em>animum</em></strong></span> <span class='ocrx_word' id='word_1_34' title='bbox 812 735 884 778; x_wconf 87' lang='lat' dir='ltr'><strong><em>esse</em></strong></span> <span class='ocrx_word' id='word_1_35' title='bbox 904 714 1073 781; x_wconf 83' lang='lat' dir='ltr'><strong><em>dixerunt.</em></strong></span> <span class='ocrx_word' id='word_1_36' title='bbox 1115 716 1172 779; x_wconf 83' lang='lat' dir='ltr'><strong><em>Est</em></strong></span> <span class='ocrx_word' id='word_1_37' title='bbox 1192 715 1319 781; x_wconf 72' lang='lat' dir='ltr'><strong><em>illudne</em></strong></span> 
     </span>
    </p>
   </div>
   <div class='ocr_carea' id='block_1_3' title="bbox 1190 837 1279 848">
    <p class='ocr_par' dir='ltr' id='par_1_3' title="bbox 1190 837 1279 848">
     <span class='ocr_line' id='line_1_6' title="bbox 1190 837 1279 848; baseline 0 -2"><span class='ocrx_word' id='word_1_38' title='bbox 1190 837 1279 848; x_wconf 61' lang='lat'><em>0...-</em></span> 
     </span>
    </p>
   </div>
   <div class='ocr_carea' id='block_1_4' title="bbox 103 891 1278 4513">
    <p class='ocr_par' dir='ltr' id='par_1_4' title="bbox 113 891 1276 1033">
     <span class='ocr_line' id='line_1_7' title="bbox 115 891 1276 966; baseline 0.005 -21"><span class='ocrx_word' id='word_1_39' title='bbox 115 911 170 963; x_wconf 77' lang='lat' dir='ltr'><strong><em>qao</em></strong></span> <span class='ocrx_word' id='word_1_40' title='bbox 187 894 379 962; x_wconf 59' lang='lat' dir='ltr'><strong><em>promamus,</em></strong></span> <span class='ocrx_word' id='word_1_41' title='bbox 404 909 460 961; x_wconf 79' lang='lat' dir='ltr'><strong><em>qno</em></strong></span> <span class='ocrx_word' id='word_1_42' title='bbox 477 891 543 947; x_wconf 80' lang='lat' dir='ltr'><strong><em>iaec</em></strong></span> <span class='ocrx_word' id='word_1_43' title='bbox 568 893 632 962; x_wconf 81' lang='lat' dir='ltr'><strong><em>ipsa</em></strong></span> <span class='ocrx_word' id='word_1_44' title='bbox 651 893 763 963; x_wconf 75' lang='lat' dir='ltr'><strong><em>aginae</em></strong></span> <span class='ocrx_word' id='word_1_45' title='bbox 781 911 816 949; x_wconf 88' lang='lat' dir='ltr'><strong><em>ac</em></strong></span> <span class='ocrx_word' id='word_1_46' title='bbox 833 894 961 963; x_wconf 76' lang='lat' dir='ltr'><strong><em>dicimus,</em></strong></span> <span class='ocrx_word' id='word_1_47' title='bbox 983 894 1088 964; x_wconf 83' lang='lat' dir='ltr'><strong><em>cidere,</em></strong></span> <span class='ocrx_word' id='word_1_48' title='bbox 1116 903 1165 950; x_wconf 80' lang='lat' dir='ltr'><strong><em>nat</em></strong></span> <span class='ocrx_word' id='word_1_49' title='bbox 1182 897 1276 966; x_wconf 79' lang='lat' dir='ltr'><strong><em>plane,</em></strong></span> 
     </span>
     <span class='ocr_line' id='line_1_8' title="bbox 113 964 820 1033; baseline 0.003 -16"><span class='ocrx_word' id='word_1_50' title='bbox 113 965 223 1033; x_wconf 75' lang='lat' dir='ltr'><strong><em>qualia,</em></strong></span> <span class='ocrx_word' id='word_1_51' title='bbox 245 971 294 1016; x_wconf 80' lang='lat' dir='ltr'><strong><em>ant</em></strong></span> <span class='ocrx_word' id='word_1_52' title='bbox 312 964 362 1017; x_wconf 81' lang='lat' dir='ltr'><strong><em>abi</em></strong></span> <span class='ocrx_word' id='word_1_53' title='bbox 381 964 430 1029; x_wconf 82' lang='lat' dir='ltr'><strong><em>sit,</em></strong></span> <span class='ocrx_word' id='word_1_54' title='bbox 450 965 556 1017; x_wconf 85' lang='lat' dir='ltr'><strong><em>sentire</em></strong></span> <span class='ocrx_word' id='word_1_55' title='bbox 570 965 722 1033; x_wconf 76' lang='lat' dir='ltr'><strong><em>portinent.</em></strong></span> <span class='ocrx_word' id='word_1_56' title='bbox 760 967 820 1020; x_wconf 87' lang='lat' dir='ltr'><strong><em>Mr.</em></strong></span> 
     </span>
    </p>

    <p class='ocr_par' dir='ltr' id='par_1_5' title="bbox 103 1034 1278 1585">
     <span class='ocr_line' id='line_1_9' title="bbox 189 1034 1277 1113; baseline 0.006 -26"><span class='ocrx_word' id='word_1_57' title='bbox 189 1034 380 1101; x_wconf 73' lang='lat' dir='ltr'><strong><em>cogitatione</em></strong></span> <span class='ocrx_word' id='word_1_58' title='bbox 398 1037 540 1103; x_wconf 81' lang='lat' dir='ltr'><strong><em>complecti</em></strong></span> <span class='ocrx_word' id='word_1_59' title='bbox 554 1036 709 1104; x_wconf 68' lang='lat' dir='ltr'><strong><em>possamus]</em></strong></span> <span class='ocrx_word' id='word_1_60' title='bbox 745 1038 850 1113; x_wconf 76' lang='lat' dir='ltr'><strong><em>Vulgo,</em></strong></span> <span class='ocrx_word' id='word_1_61' title='bbox 869 1036 1045 1106; x_wconf 71' lang='lat' dir='ltr'><strong><em>cogitatione</em></strong></span> <span class='ocrx_word' id='word_1_62' title='bbox 1060 1039 1205 1109; x_wconf 83' lang='lat' dir='ltr'><strong><em>complecti</em></strong></span> <span class='ocrx_word' id='word_1_63' title='bbox 1219 1056 1277 1093; x_wconf 87' lang='lat' dir='ltr'><strong><em>non</em></strong></span> 
     </span>
     <span class='ocr_line' id='line_1_10' title="bbox 103 1107 1276 1180; baseline 0.006 -23"><span class='ocrx_word' id='word_1_64' title='bbox 103 1121 285 1174; x_wconf 58' lang='lat' dir='ltr'><strong><em>peccamen</em></strong></span> <span class='ocrx_word' id='word_1_65' title='bbox 304 1124 377 1173; x_wconf 82' lang='lat' dir='ltr'><strong><em>qnae</em></strong></span> <span class='ocrx_word' id='word_1_66' title='bbox 396 1107 514 1177; x_wconf 86' lang='lat' dir='ltr'><strong><em>quidem</em></strong></span> <span class='ocrx_word' id='word_1_67' title='bbox 532 1107 619 1160; x_wconf 88' lang='lat' dir='ltr'><strong><em>lectio</em></strong></span> <span class='ocrx_word' id='word_1_68' title='bbox 638 1107 731 1161; x_wconf 80' lang='lat' dir='ltr'><strong><em>incnti</em></strong></span> <span class='ocrx_word' id='word_1_69' title='bbox 749 1107 898 1162; x_wconf 81' lang='lat' dir='ltr'><strong><em>Ciceronis</em></strong></span> <span class='ocrx_word' id='word_1_70' title='bbox 915 1126 1032 1180; x_wconf 82' lang='lat' dir='ltr'><strong><em>prorsus</em></strong></span> <span class='ocrx_word' id='word_1_71' title='bbox 1057 1120 1099 1164; x_wconf 83' lang='lat' dir='ltr'><strong><em>est</em></strong></span> <span class='ocrx_word' id='word_1_72' title='bbox 1118 1110 1276 1164; x_wconf 85' lang='lat' dir='ltr'><strong><em>contraria:</em></strong></span> 
     </span>
     <span class='ocr_line' id='line_1_11' title="bbox 104 1176 1278 1299; baseline 0.006 -71"><span class='ocrx_word' id='word_1_73' title='bbox 104 1176 133 1228; x_wconf 83' lang='lat' dir='ltr'><strong><em>ei</em></strong></span> <span class='ocrx_word' id='word_1_74' title='bbox 154 1177 252 1241; x_wconf 86' lang='lat' dir='ltr'><strong><em>enim,</em></strong></span> <span class='ocrx_word' id='word_1_75' title='bbox 277 1176 355 1246; x_wconf 82' lang='lat' dir='ltr'><strong><em>quod</em></strong></span> <span class='ocrx_word' id='word_1_76' title='bbox 377 1195 534 1299; x_wconf 50' lang='lat' dir='ltr'><strong><em>numqgram</em></strong></span> <span class='ocrx_word' id='word_1_77' title='bbox 560 1177 696 1242; x_wconf 85' lang='lat' dir='ltr'><strong><em>vidimus,</em></strong></span> <span class='ocrx_word' id='word_1_78' title='bbox 721 1178 889 1256; x_wconf 80' lang='lat' dir='ltr'><strong><em>intelligere</em></strong></span> <span class='ocrx_word' id='word_1_79' title='bbox 907 1196 1071 1250; x_wconf 84' lang='lat' dir='ltr'><strong><em>possumus;</em></strong></span> <span class='ocrx_word' id='word_1_80' title='bbox 1102 1182 1154 1252; x_wconf 87' lang='lat' dir='ltr'><strong><em>qui</em></strong></span> <span class='ocrx_word' id='word_1_81' title='bbox 1172 1181 1220 1247; x_wconf 89' lang='lat' dir='ltr'><strong><em>sit,</em></strong></span> <span class='ocrx_word' id='word_1_82' title='bbox 1245 1191 1278 1235; x_wconf 89' lang='lat' dir='ltr'><strong><em>ut</em></strong></span> 
     </span>
     <span class='ocr_line' id='line_1_12' title="bbox 103 1247 1277 1322; baseline 0.003 -22"><span class='ocrx_word' id='word_1_83' title='bbox 103 1248 252 1300; x_wconf 61' lang='lat' dir='ltr'><strong><em>minum</em></strong></span> <span class='ocrx_word' id='word_1_84' title='bbox 285 1263 407 1318; x_wconf 84' lang='lat' dir='ltr'><strong><em>corpore</em></strong></span> <span class='ocrx_word' id='word_1_85' title='bbox 439 1247 462 1299; x_wconf 92' lang='lat' dir='ltr'><strong><em>li</em></strong></span> <span class='ocrx_word' id='word_1_86' title='bbox 481 1257 594 1301; x_wconf 85' lang='lat' dir='ltr'><strong><em>eratum</em></strong></span> <span class='ocrx_word' id='word_1_87' title='bbox 627 1265 660 1301; x_wconf 91' lang='lat' dir='ltr'><strong><em>co</em></strong></span> <span class='ocrx_word' id='word_1_88' title='bbox 682 1249 803 1302; x_wconf 85' lang='lat' dir='ltr'><strong><em>itatione</em></strong></span> <span class='ocrx_word' id='word_1_89' title='bbox 835 1251 993 1321; x_wconf 79' lang='lat' dir='ltr'><strong><em>complecti</em></strong></span> <span class='ocrx_word' id='word_1_90' title='bbox 1027 1268 1086 1303; x_wconf 89' lang='lat' dir='ltr'><strong><em>non</em></strong></span> <span class='ocrx_word' id='word_1_91' title='bbox 1115 1253 1277 1322; x_wconf 73' lang='lat' dir='ltr'><strong><em>possimus?</em></strong></span> 
     </span>
     <span class='ocr_line' id='line_1_13' title="bbox 103 1318 1277 1391; baseline 0.003 -19"><span class='ocrx_word' id='word_1_92' title='bbox 103 1320 222 1383; x_wconf 77' lang='lat' dir='ltr'><strong><em>immo,</em></strong></span> <span class='ocrx_word' id='word_1_93' title='bbox 249 1335 384 1372; x_wconf 83' lang='lat' dir='ltr'><strong><em>concessa</em></strong></span> <span class='ocrx_word' id='word_1_94' title='bbox 402 1319 574 1388; x_wconf 81' lang='lat' dir='ltr'><strong><em>Hypothesi‚</em></strong></span> <span class='ocrx_word' id='word_1_95' title='bbox 598 1318 661 1371; x_wconf 80' lang='lat' dir='ltr'><strong><em>nih&#39;</em></strong></span> <span class='ocrx_word' id='word_1_96' title='bbox 701 1320 833 1390; x_wconf 82' lang='lat' dir='ltr'><strong><em>impedit,</em></strong></span> <span class='ocrx_word' id='word_1_97' title='bbox 863 1338 920 1391; x_wconf 85' lang='lat' dir='ltr'><strong><em>quo</em></strong></span> <span class='ocrx_word' id='word_1_98' title='bbox 946 1322 1041 1374; x_wconf 81' lang='lat' dir='ltr'><strong><em>rninus</em></strong></span> <span class='ocrx_word' id='word_1_99' title='bbox 1067 1323 1196 1374; x_wconf 84' lang='lat' dir='ltr'><strong><em>animum</em></strong></span> <span class='ocrx_word' id='word_1_100' title='bbox 1214 1323 1277 1376; x_wconf 88' lang='lat' dir='ltr'><strong><em>sine</em></strong></span> 
     </span>
     <span class='ocr_line' id='line_1_14' title="bbox 103 1389 1277 1469; baseline 0.003 -25"><span class='ocrx_word' id='word_1_101' title='bbox 103 1405 243 1460; x_wconf 83' lang='lat' dir='ltr'><strong><em>corpore</em></strong></span> <span class='ocrx_word' id='word_1_102' title='bbox 260 1389 400 1460; x_wconf 81' lang='lat' dir='ltr'><strong><em>possimus</em></strong></span> <span class='ocrx_word' id='word_1_103' title='bbox 427 1398 525 1442; x_wconf 88' lang='lat' dir='ltr'><strong><em>mente</em></strong></span> <span class='ocrx_word' id='word_1_104' title='bbox 549 1389 804 1461; x_wconf 83' lang='lat' dir='ltr'><strong><em>comprehendere.</em></strong></span> <span class='ocrx_word' id='word_1_105' title='bbox 841 1393 901 1446; x_wconf 89' lang='lat' dir='ltr'><strong><em>Nos</em></strong></span> <span class='ocrx_word' id='word_1_106' title='bbox 919 1391 1015 1469; x_wconf 73' lang='lat' dir='ltr'><strong><em>igitur</em></strong></span> <span class='ocrx_word' id='word_1_107' title='bbox 1037 1393 1211 1462; x_wconf 79' lang='lat' dir='ltr'><strong><em>particulam</em></strong></span> <span class='ocrx_word' id='word_1_108' title='bbox 1228 1411 1277 1447; x_wconf 91' lang='lat' dir='ltr'><strong><em>ne·</em></strong></span> 
     </span>
     <span class='ocr_line' id='line_1_15' title="bbox 103 1459 1275 1585; baseline 0.003 -72"><span class='ocrx_word' id='word_1_109' title='bbox 103 1459 630 1585; x_wconf 40' lang='lat' dir='ltr'><strong><em>ffiteffaiixssrbiviimts’Pgtmque</em></strong></span> <span class='ocrx_word' id='word_1_110' title='bbox 651 1461 896 1585; x_wconf 37' lang='lat' dir='ltr'><strong><em>&#39;praetennittugt</em></strong></span> <span class='ocrx_word' id='word_1_111' title='bbox 912 1463 982 1539; x_wconf 75' lang='lat' dir='ltr'><strong><em>ling.</em></strong></span> <span class='ocrx_word' id='word_1_112' title='bbox 1008 1462 1080 1517; x_wconf 77' lang='lat' dir='ltr'><strong><em>Med.</em></strong></span> <span class='ocrx_word' id='word_1_113' title='bbox 1100 1463 1210 1517; x_wconf 81' lang='lat' dir='ltr'><strong><em>Eliens.</em></strong></span> <span class='ocrx_word' id='word_1_114' title='bbox 1230 1482 1275 1536; x_wconf 81' lang='lat' dir='ltr'><strong><em>pr.</em></strong></span> 
     </span>
    </p>

    <p class='ocr_par' dir='ltr' id='par_1_6' title="bbox 180 1547 894 1584">
     <span class='ocr_line' id='line_1_16' title="bbox 180 1547 894 1584; baseline 0.003 -3"><span class='ocrx_word' id='word_1_115' title='bbox 180 1569 189 1581; x_wconf 94' lang='lat'><strong>.</strong></span> <span class='ocrx_word' id='word_1_116' title='bbox 273 1547 450 1581; x_wconf 81' lang='lat' dir='ltr'><strong><em>.sna..e</em></strong></span> <span class='ocrx_word' id='word_1_117' title='bbox 535 1548 595 1583; x_wconf 74' lang='lat' dir='ltr'><strong><em>na</em></strong></span> <span class='ocrx_word' id='word_1_118' title='bbox 632 1549 820 1584; x_wconf 80' lang='lat' dir='ltr'><strong><em>mmamanu.</em></strong></span> <span class='ocrx_word' id='word_1_119' title='bbox 888 1571 894 1583; x_wconf 93' lang='lat'><strong>.</strong></span> 
     </span>
    </p>

    <p class='ocr_par' dir='ltr' id='par_1_7' title="bbox 103 1549 1278 3370">
     <span class='ocr_line' id='line_1_17' title="bbox 189 1549 1276 1675; baseline 0.003 -21"><span class='ocrx_word' id='word_1_120' title='bbox 189 1598 385 1654; x_wconf 65' lang='lat' dir='ltr'><strong><em>Dicaearchus</em></strong></span> <span class='ocrx_word' id='word_1_121' title='bbox 403 1600 511 1671; x_wconf 79' lang='lat' dir='ltr'><strong><em>quiden</em></strong></span> <span class='ocrx_word' id='word_1_122' title='bbox 530 1607 557 1654; x_wconf 88' lang='lat' dir='ltr'><strong><em>et</em></strong></span> <span class='ocrx_word' id='word_1_123' title='bbox 575 1549 773 1669; x_wconf 54' lang='lat' dir='ltr'><strong><em>Aristoxenus]</em></strong></span> <span class='ocrx_word' id='word_1_124' title='bbox 809 1602 852 1655; x_wconf 84' lang='lat' dir='ltr'><strong><em>De</em></strong></span> <span class='ocrx_word' id='word_1_125' title='bbox 879 1610 1005 1673; x_wconf 86' lang='lat' dir='ltr'><strong><em>utroque</em></strong></span> <span class='ocrx_word' id='word_1_126' title='bbox 1032 1603 1096 1657; x_wconf 80' lang='lat' dir='ltr'><strong><em>viro</em></strong></span> <span class='ocrx_word' id='word_1_127' title='bbox 1121 1621 1207 1675; x_wconf 82' lang='lat' dir='ltr'><strong><em>supra</em></strong></span> <span class='ocrx_word' id='word_1_128' title='bbox 1233 1605 1276 1658; x_wconf 93' lang='lat' dir='ltr'><strong><em>lo-</em></strong></span> 
     </span>
     <span class='ocr_line' id='line_1_18' title="bbox 103 1669 1276 1759; baseline 0.001 -32"><span class='ocrx_word' id='word_1_129' title='bbox 103 1672 180 1727; x_wconf 79' lang='lat' dir='ltr'><strong><em>cuti</em></strong></span> <span class='ocrx_word' id='word_1_130' title='bbox 199 1689 305 1724; x_wconf 83' lang='lat' dir='ltr'><strong><em>sumus.</em></strong></span> <span class='ocrx_word' id='word_1_131' title='bbox 346 1669 387 1723; x_wconf 74' lang='lat' dir='ltr'><strong><em>nd</em></strong></span> <span class='ocrx_word' id='word_1_132' title='bbox 414 1671 588 1724; x_wconf 84' lang='lat' dir='ltr'><strong><em>sententiam</em></strong></span> <span class='ocrx_word' id='word_1_133' title='bbox 610 1681 820 1725; x_wconf 82' lang='lat' dir='ltr'><strong><em>commentator</em></strong></span> <span class='ocrx_word' id='word_1_134' title='bbox 842 1673 1010 1744; x_wconf 75' lang='lat' dir='ltr'><strong><em>Anonymus</em></strong></span> <span class='ocrx_word' id='word_1_135' title='bbox 1036 1675 1111 1745; x_wconf 79' lang='lat' dir='ltr'><strong><em>apud</em></strong></span> <span class='ocrx_word' id='word_1_136' title='bbox 1134 1672 1276 1759; x_wconf 64' lang='lat' dir='ltr'><strong><em>Leode&#39;ga·</em></strong></span> 
     </span>
     <span class='ocr_line' id='line_1_19' title="bbox 104 1742 1276 1865; baseline 0.001 -68"><span class='ocrx_word' id='word_1_137' title='bbox 104 1745 213 1797; x_wconf 82' lang='lat' dir='ltr'><strong><em>rinm:</em></strong></span> <span class='ocrx_word' id='word_1_138' title='bbox 234 1743 317 1808; x_wconf 81' lang='lat' dir='ltr'><strong><em>„Hic</em></strong></span> <span class='ocrx_word' id='word_1_139' title='bbox 335 1742 416 1794; x_wconf 85' lang='lat' dir='ltr'><strong><em>locus</em></strong></span> <span class='ocrx_word' id='word_1_140' title='bbox 434 1743 714 1813; x_wconf 81' lang='lat' dir='ltr'><strong><em>curn-superioribus</em></strong></span> <span class='ocrx_word' id='word_1_141' title='bbox 728 1759 862 1865; x_wconf 59' lang='lat' dir='ltr'><strong><em>Regnare</em></strong></span> <span class='ocrx_word' id='word_1_142' title='bbox 880 1743 1010 1797; x_wconf 77' lang='lat' dir='ltr'><strong><em>videtur:</em></strong></span> <span class='ocrx_word' id='word_1_143' title='bbox 1039 1745 1087 1798; x_wconf 80' lang='lat' dir='ltr'><strong><em>sed</em></strong></span> <span class='ocrx_word' id='word_1_144' title='bbox 1106 1755 1276 1809; x_wconf 73' lang='lat' dir='ltr'><strong><em>consentiet,</em></strong></span> 
     </span>
     <span class='ocr_line' id='line_1_20' title="bbox 107 1812 1277 1884; baseline 0 -17"><span class='ocrx_word' id='word_1_145' title='bbox 107 1814 137 1867; x_wconf 86' lang='lat' dir='ltr'><strong><em>si</em></strong></span> <span class='ocrx_word' id='word_1_146' title='bbox 159 1813 348 1883; x_wconf 68' lang='lat' dir='ltr'><strong><em>iactantiam</em></strong></span> <span class='ocrx_word' id='word_1_147' title='bbox 367 1829 529 1883; x_wconf 82' lang='lat' dir='ltr'><strong><em>sequamur,</em></strong></span> <span class='ocrx_word' id='word_1_148' title='bbox 549 1813 599 1882; x_wconf 84' lang='lat' dir='ltr'><strong><em>qui</em></strong></span> <span class='ocrx_word' id='word_1_149' title='bbox 619 1814 650 1865; x_wconf 90' lang='lat' dir='ltr'><strong><em>in</em></strong></span> <span class='ocrx_word' id='word_1_150' title='bbox 668 1814 727 1866; x_wconf 89' lang='lat' dir='ltr'><strong><em>libe</em></strong></span> <span class='ocrx_word' id='word_1_151' title='bbox 753 1830 769 1866; x_wconf 92' lang='lat' dir='ltr'><strong><em>o</em></strong></span> <span class='ocrx_word' id='word_1_152' title='bbox 788 1812 822 1866; x_wconf 77' lang='lat' dir='ltr'><strong><em>de</em></strong></span> <span class='ocrx_word' id='word_1_153' title='bbox 842 1813 963 1884; x_wconf 85' lang='lat' dir='ltr'><strong><em>Opiiicio</em></strong></span> <span class='ocrx_word' id='word_1_154' title='bbox 982 1815 1028 1867; x_wconf 86' lang='lat' dir='ltr'><strong><em>dei</em></strong></span> <span class='ocrx_word' id='word_1_155' title='bbox 1046 1814 1148 1867; x_wconf 77' lang='lat' dir='ltr'><strong><em>scribit</em></strong></span> <span class='ocrx_word' id='word_1_156' title='bbox 1166 1815 1200 1867; x_wconf 85' lang='lat' dir='ltr'><strong><em>ab</em></strong></span> <span class='ocrx_word' id='word_1_157' title='bbox 1211 1815 1277 1867; x_wconf 79' lang='lat' dir='ltr'><strong><em>Ari-</em></strong></span> 
     </span>
     <span class='ocr_line' id='line_1_21' title="bbox 107 1881 1277 1953; baseline 0 -16"><span class='ocrx_word' id='word_1_158' title='bbox 107 1892 241 1937; x_wconf 76' lang='lat' dir='ltr'><strong><em>stoxeno</em></strong></span> <span class='ocrx_word' id='word_1_159' title='bbox 257 1881 397 1935; x_wconf 84' lang='lat' dir='ltr'><strong><em>sublatam</em></strong></span> <span class='ocrx_word' id='word_1_160' title='bbox 415 1899 473 1935; x_wconf 87' lang='lat' dir='ltr'><strong><em>esse</em></strong></span> <span class='ocrx_word' id='word_1_161' title='bbox 495 1892 634 1949; x_wconf 85' lang='lat' dir='ltr'><strong><em>mentem,</em></strong></span> <span class='ocrx_word' id='word_1_162' title='bbox 661 1884 694 1936; x_wconf 87' lang='lat' dir='ltr'><strong><em>ab</em></strong></span> <span class='ocrx_word' id='word_1_163' title='bbox 713 1900 804 1953; x_wconf 87' lang='lat' dir='ltr'><strong><em>eoque</em></strong></span> <span class='ocrx_word' id='word_1_164' title='bbox 821 1884 943 1953; x_wconf 81' lang='lat' dir='ltr'><strong><em>positam</em></strong></span> <span class='ocrx_word' id='word_1_165' title='bbox 970 1900 1029 1936; x_wconf 86' lang='lat' dir='ltr'><strong><em>esse</em></strong></span> <span class='ocrx_word' id='word_1_166' title='bbox 1050 1885 1188 1938; x_wconf 77' lang='lat' dir='ltr'><strong><em>duntaxat</em></strong></span> <span class='ocrx_word' id='word_1_167' title='bbox 1210 1884 1277 1937; x_wconf 86' lang='lat' dir='ltr'><strong><em>har-</em></strong></span> 
     </span>
     <span class='ocr_line' id='line_1_22' title="bbox 111 1953 1278 2030; baseline -0.002 -23"><span class='ocrx_word' id='word_1_168' title='bbox 111 1953 261 2017; x_wconf 81' lang='lat' dir='ltr'><strong><em>m&#39;onism,</em></strong></span> <span class='ocrx_word' id='word_1_169' title='bbox 278 1969 351 2022; x_wconf 80' lang='lat' dir='ltr'><strong><em>quae</em></strong></span> <span class='ocrx_word' id='word_1_170' title='bbox 371 1954 509 2006; x_wconf 76' lang='lat' dir='ltr'><strong><em>existeret</em></strong></span> <span class='ocrx_word' id='word_1_171' title='bbox 527 1970 563 2029; x_wconf 60' lang='lat' dir='ltr'><strong><em>ex</em></strong></span> <span class='ocrx_word' id='word_1_172' title='bbox 580 1962 645 2023; x_wconf 86' lang='lat' dir='ltr'><strong><em>apta</em></strong></span> <span class='ocrx_word' id='word_1_173' title='bbox 663 1954 858 2007; x_wconf 84' lang='lat' dir='ltr'><strong><em>membrorum</em></strong></span> <span class='ocrx_word' id='word_1_174' title='bbox 876 1969 1021 2030; x_wconf 78' lang='lat' dir='ltr'><strong><em>compage.</em></strong></span> <span class='ocrx_word' id='word_1_175' title='bbox 1059 1956 1103 2008; x_wconf 86' lang='lat' dir='ltr'><strong><em>ita</em></strong></span> <span class='ocrx_word' id='word_1_176' title='bbox 1114 1955 1176 2006; x_wconf 86' lang='lat' dir='ltr'><strong><em>vim</em></strong></span> <span class='ocrx_word' id='word_1_177' title='bbox 1188 1971 1278 2025; x_wconf 86' lang='lat' dir='ltr'><strong><em>quan-</em></strong></span> 
     </span>
     <span class='ocr_line' id='line_1_23' title="bbox 115 2023 1277 2088; baseline -0.002 -10"><span class='ocrx_word' id='word_1_178' title='bbox 115 2025 189 2078; x_wconf 69' lang='lat' dir='ltr'><strong><em>dam</em></strong></span> <span class='ocrx_word' id='word_1_179' title='bbox 207 2023 397 2076; x_wconf 82' lang='lat' dir='ltr'><strong><em>animantibus</em></strong></span> <span class='ocrx_word' id='word_1_180' title='bbox 414 2023 568 2088; x_wconf 75' lang='lat' dir='ltr'><strong><em>tribuebat,</em></strong></span> <span class='ocrx_word' id='word_1_181' title='bbox 588 2024 715 2075; x_wconf 85' lang='lat' dir='ltr'><strong><em>animum</em></strong></span> <span class='ocrx_word' id='word_1_182' title='bbox 733 2033 831 2077; x_wconf 85' lang='lat' dir='ltr'><strong><em>tamen</em></strong></span> <span class='ocrx_word' id='word_1_183' title='bbox 856 2024 984 2078; x_wconf 83' lang='lat' dir='ltr'><strong><em>tollebat.</em></strong></span> <span class='ocrx_word' id='word_1_184' title='bbox 1022 2026 1115 2079; x_wconf 77' lang='lat' dir='ltr'><strong><em>Locus</em></strong></span> <span class='ocrx_word' id='word_1_185' title='bbox 1133 2024 1277 2078; x_wconf 82' lang='lat' dir='ltr'><strong><em>Lactantii</em></strong></span> 
     </span>
     <span class='ocr_line' id='line_1_24' title="bbox 116 2094 1275 2164; baseline 0 -16"><span class='ocrx_word' id='word_1_186' title='bbox 116 2101 164 2149; x_wconf 84' lang='lat' dir='ltr'><strong><em>est</em></strong></span> <span class='ocrx_word' id='word_1_187' title='bbox 183 2095 220 2146; x_wconf 89' lang='lat' dir='ltr'><strong><em>de</em></strong></span> <span class='ocrx_word' id='word_1_188' title='bbox 278 2095 311 2145; x_wconf 85' lang='lat' dir='ltr'><strong><em>ii.</em></strong></span> <span class='ocrx_word' id='word_1_189' title='bbox 336 2094 390 2146; x_wconf 87' lang='lat' dir='ltr'><strong><em>Dei</em></strong></span> <span class='ocrx_word' id='word_1_190' title='bbox 408 2095 482 2146; x_wconf 77' lang='lat' dir='ltr'><strong>XVI.</strong></span> <span class='ocrx_word' id='word_1_191' title='bbox 495 2097 546 2161; x_wconf 76' lang='grc'><strong>13.</strong></span> <span class='ocrx_word' id='word_1_192' title='bbox 571 2111 600 2164; x_wconf 80' lang='lat' dir='ltr'><strong>p.</strong></span> <span class='ocrx_word' id='word_1_193' title='bbox 621 2097 698 2150; x_wconf 77' lang='lat' dir='ltr'><strong><em>not.</em></strong></span> <span class='ocrx_word' id='word_1_194' title='bbox 727 2095 809 2148; x_wconf 76' lang='lat' dir='ltr'><strong><em>Doni.</em></strong></span> <span class='ocrx_word' id='word_1_195' title='bbox 828 2094 864 2160; x_wconf 81' lang='lat' dir='ltr'><strong><em>ei.</em></strong></span> <span class='ocrx_word' id='word_1_196' title='bbox 884 2096 993 2149; x_wconf 89' lang='lat' dir='ltr'><strong><em>librum</em></strong></span> <span class='ocrx_word' id='word_1_197' title='bbox 1010 2095 1075 2149; x_wconf 82' lang='lat' dir='ltr'><strong><em>Div.</em></strong></span> <span class='ocrx_word' id='word_1_198' title='bbox 1096 2097 1192 2151; x_wconf 82' lang='lat' dir='ltr'><strong><em>instit.</em></strong></span> <span class='ocrx_word' id='word_1_199' title='bbox 1212 2097 1275 2150; x_wconf 87' lang='lat' dir='ltr'><strong><em>vn.</em></strong></span> 
     </span>
     <span class='ocr_line' id='line_1_25' title="bbox 116 2164 1275 2247; baseline 0 -27"><span class='ocrx_word' id='word_1_200' title='bbox 116 2166 166 2232; x_wconf 78' lang='lat' dir='ltr'><strong><em>(de</em></strong></span> <span class='ocrx_word' id='word_1_201' title='bbox 186 2165 248 2217; x_wconf 83' lang='lat' dir='ltr'><strong><em>vita</em></strong></span> <span class='ocrx_word' id='word_1_202' title='bbox 283 2165 354 2229; x_wconf 84' lang='lat' dir='ltr'><strong><em>eata)</em></strong></span> <span class='ocrx_word' id='word_1_203' title='bbox 373 2165 394 2215; x_wconf 93' lang='grc'><strong><em>1.</em></strong></span> <span class='ocrx_word' id='word_1_204' title='bbox 412 2164 529 2220; x_wconf 66' lang='lat' dir='ltr'><strong>xum.</strong></span> <span class='ocrx_word' id='word_1_205' title='bbox 549 2166 711 2247; x_wconf 56' lang='lat' dir='ltr'><strong><em>psfflilsin</em></strong></span> <span class='ocrx_word' id='word_1_206' title='bbox 729 2167 782 2219; x_wconf 78' lang='lat' dir='ltr'><strong><em>Di.</em></strong></span> <span class='ocrx_word' id='word_1_207' title='bbox 802 2164 936 2221; x_wconf 83' lang='lat' dir='ltr'><strong><em>Duiresn.</em></strong></span> <span class='ocrx_word' id='word_1_208' title='bbox 955 2167 1038 2220; x_wconf 58' lang='lat'><strong>1111.</strong></span> <span class='ocrx_word' id='word_1_209' title='bbox 1057 2185 1086 2239; x_wconf 89' lang='lat' dir='ltr'><strong><em>p.</em></strong></span> <span class='ocrx_word' id='word_1_210' title='bbox 1107 2171 1167 2223; x_wconf 82' lang='lat'><strong>116.</strong></span> <span class='ocrx_word' id='word_1_211' title='bbox 1197 2168 1231 2221; x_wconf 87' lang='grc' dir='ltr'><strong><em>Τ.</em></strong></span> <span class='ocrx_word' id='word_1_212' title='bbox 1252 2169 1275 2221; x_wconf 89' lang='lat'><strong>1.</strong></span> 
     </span>
     <span class='ocr_line' id='line_1_26' title="bbox 117 2236 1277 2309; baseline 0.003 -24"><span class='ocrx_word' id='word_1_213' title='bbox 117 2254 146 2309; x_wconf 75' lang='lat' dir='ltr'><strong><em>p.</em></strong></span> <span class='ocrx_word' id='word_1_214' title='bbox 168 2237 233 2292; x_wconf 75' lang='lat'><strong>554.</strong></span> <span class='ocrx_word' id='word_1_215' title='bbox 270 2236 333 2287; x_wconf 83' lang='lat' dir='ltr'><strong><em>Vox</em></strong></span> <span class='ocrx_word' id='word_1_216' title='bbox 356 2236 469 2304; x_wconf 79' lang='lat' dir='ltr'><strong><em>quidem</em></strong></span> <span class='ocrx_word' id='word_1_217' title='bbox 488 2244 609 2307; x_wconf 75' lang='lat' dir='ltr'><strong><em>ponitur</em></strong></span> <span class='ocrx_word' id='word_1_218' title='bbox 632 2237 664 2288; x_wconf 89' lang='lat' dir='ltr'><strong><em>in</em></strong></span> <span class='ocrx_word' id='word_1_219' title='bbox 691 2236 856 2290; x_wconf 74' lang='lat' dir='ltr'><strong><em>enarrandis</em></strong></span> <span class='ocrx_word' id='word_1_220' title='bbox 881 2238 1044 2292; x_wconf 79' lang='lat' dir='ltr'><strong><em>nominibus</em></strong></span> <span class='ocrx_word' id='word_1_221' title='bbox 1070 2238 1198 2309; x_wconf 84' lang='lat' dir='ltr'><strong><em>propriis</em></strong></span> <span class='ocrx_word' id='word_1_222' title='bbox 1223 2255 1277 2307; x_wconf 87' lang='lat' dir='ltr'><strong><em>pro</em></strong></span> 
     </span>
     <span class='ocr_line' id='line_1_27' title="bbox 118 2305 1275 2377; baseline -0.003 -16"><span class='ocrx_word' id='word_1_223' title='bbox 118 2306 219 2371; x_wconf 78' lang='lat' dir='ltr'><strong><em>aelati,</em></strong></span> <span class='ocrx_word' id='word_1_224' title='bbox 240 2305 359 2372; x_wconf 74' lang='lat' dir='ltr'><strong><em>excntpli</em></strong></span> <span class='ocrx_word' id='word_1_225' title='bbox 376 2322 471 2371; x_wconf 82' lang='lat' dir='ltr'><strong><em>caasa,</em></strong></span> <span class='ocrx_word' id='word_1_226' title='bbox 491 2306 568 2377; x_wconf 81' lang='lat' dir='ltr'><strong><em>quod</em></strong></span> <span class='ocrx_word' id='word_1_227' title='bbox 586 2306 747 2360; x_wconf 82' lang='lat' dir='ltr'><strong><em>observavit</em></strong></span> <span class='ocrx_word' id='word_1_228' title='bbox 765 2307 929 2372; x_wconf 78' lang='lat' dir='ltr'><strong><em>Kiihnerus‚</em></strong></span> <span class='ocrx_word' id='word_1_229' title='bbox 947 2307 1064 2359; x_wconf 78' lang='lat' dir='ltr'><strong><em>laudans</em></strong></span> <span class='ocrx_word' id='word_1_230' title='bbox 1082 2324 1108 2358; x_wconf 90' lang='lat' dir='ltr'><strong><em>c.</em></strong></span> <span class='ocrx_word' id='word_1_231' title='bbox 1126 2310 1170 2363; x_wconf 77' lang='grc'><strong>33.</strong></span> <span class='ocrx_word' id='word_1_232' title='bbox 1191 2324 1215 2358; x_wconf 82' lang='grc' dir='ltr'><strong><em>ο.</em></strong></span> <span class='ocrx_word' id='word_1_233' title='bbox 1232 2310 1275 2362; x_wconf 79' lang='lat' dir='ltr'><strong><em>at.</em></strong></span> 
     </span>
     <span class='ocr_line' id='line_1_28' title="bbox 118 2374 1275 2449; baseline -0.004 -16"><span class='ocrx_word' id='word_1_234' title='bbox 118 2380 158 2433; x_wconf 90' lang='grc'><strong><em>11.</em></strong></span> <span class='ocrx_word' id='word_1_235' title='bbox 175 2394 241 2449; x_wconf 79' lang='lat' dir='ltr'><strong><em>pro.</em></strong></span> <span class='ocrx_word' id='word_1_236' title='bbox 259 2385 289 2431; x_wconf 85' lang='lat' dir='ltr'><strong><em>et</em></strong></span> <span class='ocrx_word' id='word_1_237' title='bbox 306 2376 345 2428; x_wconf 91' lang='lat' dir='ltr'><strong><em>ib.</em></strong></span> <span class='ocrx_word' id='word_1_238' title='bbox 366 2394 391 2429; x_wconf 90' lang='lat' dir='ltr'><strong><em>c.</em></strong></span> <span class='ocrx_word' id='word_1_239' title='bbox 412 2382 437 2432; x_wconf 89' lang='lat' dir='ltr'><strong><em>&#39;l.</em></strong></span> <span class='ocrx_word' id='word_1_240' title='bbox 457 2379 495 2429; x_wconf 82' lang='lat' dir='ltr'><strong><em>ci.</em></strong></span> <span class='ocrx_word' id='word_1_241' title='bbox 527 2377 679 2430; x_wconf 78' lang='lat' dir='ltr'><strong><em>Heindorf.</em></strong></span> <span class='ocrx_word' id='word_1_242' title='bbox 704 2377 739 2430; x_wconf 83' lang='lat' dir='ltr'><strong><em>ad</em></strong></span> <span class='ocrx_word' id='word_1_243' title='bbox 762 2377 823 2430; x_wconf 80' lang='lat' dir='ltr'><strong><em>cic.</em></strong></span> <span class='ocrx_word' id='word_1_244' title='bbox 848 2377 882 2430; x_wconf 89' lang='lat' dir='ltr'><strong><em>de</em></strong></span> <span class='ocrx_word' id='word_1_245' title='bbox 905 2380 942 2431; x_wconf 89' lang='lat' dir='ltr'><strong><em>N.</em></strong></span> <span class='ocrx_word' id='word_1_246' title='bbox 968 2378 1002 2428; x_wconf 92' lang='lat' dir='ltr'><strong><em>D.</em></strong></span> <span class='ocrx_word' id='word_1_247' title='bbox 1027 2378 1066 2430; x_wconf 90' lang='lat'><strong>11.</strong></span> <span class='ocrx_word' id='word_1_248' title='bbox 1086 2379 1113 2441; x_wconf 81' lang='grc'><strong><em>6,</em></strong></span> <span class='ocrx_word' id='word_1_249' title='bbox 1135 2380 1176 2431; x_wconf 87' lang='grc'><strong><em>16.</em></strong></span> <span class='ocrx_word' id='word_1_250' title='bbox 1204 2374 1275 2428; x_wconf 75' lang='lat' dir='ltr'><strong>Ado.</strong></span> 
     </span>
     <span class='ocr_line' id='line_1_29' title="bbox 118 2445 1277 2519; baseline -0.006 -15"><span class='ocrx_word' id='word_1_251' title='bbox 118 2446 282 2504; x_wconf 78' lang='lat' dir='ltr'><strong><em>Tarsellin.</em></strong></span> <span class='ocrx_word' id='word_1_252' title='bbox 306 2447 342 2500; x_wconf 82' lang='lat' dir='ltr'><strong><em>de</em></strong></span> <span class='ocrx_word' id='word_1_253' title='bbox 365 2448 514 2502; x_wconf 82' lang='lat' dir='ltr'><strong><em>Particull.</em></strong></span> <span class='ocrx_word' id='word_1_254' title='bbox 539 2466 568 2519; x_wconf 80' lang='lat' dir='ltr'><strong>p.</strong></span> <span class='ocrx_word' id='word_1_255' title='bbox 588 2451 650 2504; x_wconf 78' lang='grc'><strong>844.</strong></span> <span class='ocrx_word' id='word_1_256' title='bbox 680 2447 723 2501; x_wconf 83' lang='lat' dir='ltr'><strong><em>ed.</em></strong></span> <span class='ocrx_word' id='word_1_257' title='bbox 751 2446 898 2500; x_wconf 82' lang='lat' dir='ltr'><strong><em>Schwarn.</em></strong></span> <span class='ocrx_word' id='word_1_258' title='bbox 931 2448 959 2501; x_wconf 89' lang='lat' dir='ltr'><strong><em>J.</em></strong></span> <span class='ocrx_word' id='word_1_259' title='bbox 986 2446 1014 2499; x_wconf 84' lang='lat' dir='ltr'><strong>S.</strong></span> <span class='ocrx_word' id='word_1_260' title='bbox 1039 2445 1220 2516; x_wconf 79' lang='lat' dir='ltr'><strong><em>Rosenheyn.</em></strong></span> <span class='ocrx_word' id='word_1_261' title='bbox 1246 2447 1277 2497; x_wconf 90' lang='lat' dir='ltr'><strong><em>in</em></strong></span> 
     </span>
     <span class='ocr_line' id='line_1_30' title="bbox 119 2515 1275 2603; baseline -0.006 -28"><span class='ocrx_word' id='word_1_262' title='bbox 119 2519 221 2575; x_wconf 67' lang='lat' dir='ltr'><strong><em>sitinii</em></strong></span> <span class='ocrx_word' id='word_1_263' title='bbox 241 2518 356 2571; x_wconf 80' lang='lat' dir='ltr'><strong><em>Annali.</em></strong></span> <span class='ocrx_word' id='word_1_264' title='bbox 375 2518 493 2572; x_wconf 72' lang='lat' dir='ltr'><strong><em>Philon.</em></strong></span> <span class='ocrx_word' id='word_1_265' title='bbox 515 2528 544 2571; x_wconf 82' lang='lat' dir='ltr'><strong><em>et</em></strong></span> <span class='ocrx_word' id='word_1_266' title='bbox 562 2520 672 2603; x_wconf 75' lang='lat' dir='ltr'><strong><em>Paedag</em></strong></span> <span class='ocrx_word' id='word_1_267' title='bbox 693 2557 700 2570; x_wconf 96' lang='lat'><strong>.</strong></span> <span class='ocrx_word' id='word_1_268' title='bbox 722 2519 856 2575; x_wconf 71' lang='grc'><strong>181811.</strong></span> <span class='ocrx_word' id='word_1_269' title='bbox 877 2522 901 2572; x_wconf 89' lang='grc'><strong><em>1.</em></strong></span> <span class='ocrx_word' id='word_1_270' title='bbox 920 2534 948 2588; x_wconf 88' lang='lat' dir='ltr'><strong>p.</strong></span> <span class='ocrx_word' id='word_1_271' title='bbox 968 2520 1012 2573; x_wconf 79' lang='lat' dir='ltr'><strong><em>to.</em></strong></span> <span class='ocrx_word' id='word_1_272' title='bbox 1051 2517 1085 2569; x_wconf 85' lang='lat' dir='ltr'><strong><em>in</em></strong></span> <span class='ocrx_word' id='word_1_273' title='bbox 1108 2533 1187 2588; x_wconf 82' lang='lat' dir='ltr'><strong><em>seqq.</em></strong></span> <span class='ocrx_word' id='word_1_274' title='bbox 1208 2515 1275 2569; x_wconf 78' lang='lat' dir='ltr'><strong><em>eod.</em></strong></span> 
     </span>
     <span class='ocr_line' id='line_1_31' title="bbox 120 2537 1277 2666; baseline -0.002 -22"><span class='ocrx_word' id='word_1_275' title='bbox 120 2591 165 2644; x_wconf 78' lang='lat' dir='ltr'><strong><em>An</em></strong></span> <span class='ocrx_word' id='word_1_276' title='bbox 189 2631 195 2642; x_wconf 94' lang='lat'><strong>.</strong></span> <span class='ocrx_word' id='word_1_277' title='bbox 215 2590 358 2656; x_wconf 76' lang='lat' dir='ltr'><strong><em>difficiles.</em></strong></span> <span class='ocrx_word' id='word_1_278' title='bbox 395 2591 496 2666; x_wconf 79' lang='lat' dir='ltr'><strong><em>Pergit</em></strong></span> <span class='ocrx_word' id='word_1_279' title='bbox 515 2591 582 2643; x_wconf 85' lang='lat' dir='ltr'><strong>Cod.</strong></span> <span class='ocrx_word' id='word_1_280' title='bbox 602 2537 698 2642; x_wconf 63' lang='lat' dir='ltr'><strong><em>Dursb.</em></strong></span> <span class='ocrx_word' id='word_1_281' title='bbox 719 2587 805 2640; x_wconf 78' lang='lat' dir='ltr'><strong><em>animi</em></strong></span> <span class='ocrx_word' id='word_1_282' title='bbox 818 2593 889 2642; x_wconf 76' lang='lat' dir='ltr'><strong><em>‘erat</em></strong></span> <span class='ocrx_word' id='word_1_283' title='bbox 926 2590 967 2642; x_wconf 90' lang='lat' dir='ltr'><strong><em>Ut</em></strong></span> <span class='ocrx_word' id='word_1_284' title='bbox 984 2588 1014 2639; x_wconf 93' lang='lat' dir='ltr'><strong>h.</strong></span> <span class='ocrx_word' id='word_1_285' title='bbox 1034 2587 1055 2638; x_wconf 94' lang='lat' dir='ltr'><strong><em>l.</em></strong></span> <span class='ocrx_word' id='word_1_286' title='bbox 1084 2586 1157 2641; x_wconf 86' lang='lat' dir='ltr'><strong><em>dicit</em></strong></span> <span class='ocrx_word' id='word_1_287' title='bbox 1175 2587 1277 2642; x_wconf 81' lang='lat' dir='ltr'><strong><em>Cicero</em></strong></span> 
     </span>
     <span class='ocr_line' id='line_1_32' title="bbox 121 2608 1276 2730; baseline -0.003 -14"><span class='ocrx_word' id='word_1_288' title='bbox 121 2608 277 2729; x_wconf 56' lang='grc' dir='ltr'><strong><em>ἀίῗὶἰοίἱ</em></strong></span> <span class='ocrx_word' id='word_1_289' title='bbox 284 2662 297 2714; x_wconf 89' lang='lat' dir='ltr'><strong><em>i</em></strong></span> <span class='ocrx_word' id='word_1_290' title='bbox 304 2679 321 2714; x_wconf 88' lang='lat' dir='ltr'><strong><em>e</em></strong></span> <span class='ocrx_word' id='word_1_291' title='bbox 338 2668 425 2715; x_wconf 86' lang='lat' dir='ltr'><strong><em>erat</em></strong></span> <span class='ocrx_word' id='word_1_292' title='bbox 444 2662 534 2714; x_wconf 87' lang='lat' dir='ltr'><strong><em>animi</em></strong></span> <span class='ocrx_word' id='word_1_293' title='bbox 545 2688 585 2702; x_wconf 80' lang='lat'><strong><em>·-</em></strong></span> <span class='ocrx_word' id='word_1_294' title='bbox 604 2658 798 2728; x_wconf 77' lang='lat' dir='ltr'><strong><em>intelligentia</em></strong></span> <span class='ocrx_word' id='word_1_295' title='bbox 815 2676 868 2730; x_wconf 86' lang='lat' dir='ltr'><strong><em>pro</em></strong></span> <span class='ocrx_word' id='word_1_296' title='bbox 887 2658 1004 2725; x_wconf 71' lang='lat' dir='ltr'><strong><em>difficile</em></strong></span> <span class='ocrx_word' id='word_1_297' title='bbox 1023 2664 1085 2712; x_wconf 87' lang='lat' dir='ltr'><strong><em>erat</em></strong></span> <span class='ocrx_word' id='word_1_298' title='bbox 1102 2659 1276 2727; x_wconf 79' lang='lat' dir='ltr'><strong><em>intelligere,</em></strong></span> 
     </span>
     <span class='ocr_line' id='line_1_33' title="bbox 121 2730 1276 2805; baseline -0.004 -18"><span class='ocrx_word' id='word_1_299' title='bbox 121 2734 193 2805; x_wconf 74' lang='lat' dir='ltr'><strong><em>qaid</em></strong></span> <span class='ocrx_word' id='word_1_300' title='bbox 211 2739 262 2786; x_wconf 78' lang='lat' dir='ltr'><strong><em>ant</em></strong></span> <span class='ocrx_word' id='word_1_301' title='bbox 280 2731 376 2803; x_wconf 77' lang='lat' dir='ltr'><strong><em>qnalie</em></strong></span> <span class='ocrx_word' id='word_1_302' title='bbox 395 2740 467 2786; x_wconf 78' lang='lat' dir='ltr'><strong><em>esset</em></strong></span> <span class='ocrx_word' id='word_1_303' title='bbox 486 2732 604 2797; x_wconf 81' lang='lat' dir='ltr'><strong><em>animus,</em></strong></span> <span class='ocrx_word' id='word_1_304' title='bbox 624 2733 665 2783; x_wconf 85' lang='lat' dir='ltr'><strong><em>ita</em></strong></span> <span class='ocrx_word' id='word_1_305' title='bbox 683 2731 718 2784; x_wconf 84' lang='lat' dir='ltr'><strong><em>de</em></strong></span> <span class='ocrx_word' id='word_1_306' title='bbox 737 2731 784 2784; x_wconf 89' lang='lat' dir='ltr'><strong><em>Or.</em></strong></span> <span class='ocrx_word' id='word_1_307' title='bbox 804 2732 827 2784; x_wconf 92' lang='lat' dir='ltr'><strong><em>i.</em></strong></span> <span class='ocrx_word' id='word_1_308' title='bbox 848 2733 891 2786; x_wconf 78' lang='grc'><strong>86.</strong></span> <span class='ocrx_word' id='word_1_309' title='bbox 911 2733 980 2785; x_wconf 76' lang='lat'><strong>2³⁷:</strong></span> <span class='ocrx_word' id='word_1_310' title='bbox 999 2730 1147 2800; x_wconf 77' lang='lat' dir='ltr'><strong><em>utriusque</em></strong></span> <span class='ocrx_word' id='word_1_311' title='bbox 1165 2733 1210 2784; x_wconf 87' lang='lat' dir='ltr'><strong><em>rei</em></strong></span> <span class='ocrx_word' id='word_1_312' title='bbox 1226 2733 1276 2796; x_wconf 74' lang='lat' dir='ltr'><strong><em>{a-</em></strong></span> 
     </span>
     <span class='ocr_line' id='line_1_34' title="bbox 118 2799 1277 2871; baseline -0.003 -14"><span class='ocrx_word' id='word_1_313' title='bbox 118 2804 289 2857; x_wconf 86' lang='lat' dir='ltr'><strong><em>cilieeet</em></strong></span> <span class='ocrx_word' id='word_1_314' title='bbox 308 2835 341 2846; x_wconf 88' lang='lat'>-</span> <span class='ocrx_word' id='word_1_315' title='bbox 362 2803 561 2869; x_wconf 70' lang='lat' dir='ltr'><strong><em>defentios</em></strong></span> <span class='ocrx_word' id='word_1_316' title='bbox 580 2803 614 2855; x_wconf 82' lang='lat' dir='ltr'><strong><em>de</em></strong></span> <span class='ocrx_word' id='word_1_317' title='bbox 632 2803 717 2854; x_wconf 72' lang='lat' dir='ltr'><strong><em>Fiam.</em></strong></span> <span class='ocrx_word' id='word_1_318' title='bbox 737 2802 762 2866; x_wconf 86' lang='lat'><strong><em>1,</em></strong></span> <span class='ocrx_word' id='word_1_319' title='bbox 782 2805 824 2856; x_wconf 88' lang='lat' dir='ltr'><strong>lO.</strong></span> <span class='ocrx_word' id='word_1_320' title='bbox 845 2804 893 2857; x_wconf 80' lang='lat'><strong><em>³³:</em></strong></span> <span class='ocrx_word' id='word_1_321' title='bbox 921 2799 1021 2854; x_wconf 82' lang='lat' dir='ltr'><strong><em>barum</em></strong></span> <span class='ocrx_word' id='word_1_322' title='bbox 1048 2800 1158 2871; x_wconf 79' lang='lat' dir='ltr'><strong><em>quidem</em></strong></span> <span class='ocrx_word' id='word_1_323' title='bbox 1181 2818 1277 2855; x_wconf 83' lang='lat' dir='ltr'><strong><em>rernm</em></strong></span> 
     </span>
     <span class='ocr_line' id='line_1_35' title="bbox 119 2872 1275 2942; baseline -0.004 -13"><span class='ocrx_word' id='word_1_324' title='bbox 119 2874 273 2942; x_wconf 66' lang='lat' dir='ltr'><strong><em>facilis</em></strong></span> <span class='ocrx_word' id='word_1_325' title='bbox 298 2878 357 2926; x_wconf 83' lang='lat' dir='ltr'><strong><em>esi</em></strong></span> <span class='ocrx_word' id='word_1_326' title='bbox 380 2904 414 2915; x_wconf 90' lang='lat'><em>-</em></span> <span class='ocrx_word' id='word_1_327' title='bbox 441 2872 673 2926; x_wconf 84' lang='lat' dir='ltr'><strong><em>distinctio.</em></strong></span> <span class='ocrx_word' id='word_1_328' title='bbox 716 2873 809 2937; x_wconf 70' lang='lat' dir='ltr'><strong><em>Verba</em></strong></span> <span class='ocrx_word' id='word_1_329' title='bbox 838 2873 944 2925; x_wconf 77' lang='lat' dir='ltr'><strong><em>nullane</em></strong></span> <span class='ocrx_word' id='word_1_330' title='bbox 966 2900 999 2911; x_wconf 89' lang='lat'>-</span> <span class='ocrx_word' id='word_1_331' title='bbox 1025 2889 1086 2926; x_wconf 81' lang='lat' dir='ltr'><strong><em>ease</em></strong></span> <span class='ocrx_word' id='word_1_332' title='bbox 1109 2881 1188 2926; x_wconf 86' lang='lat' dir='ltr'><strong><em>recte</em></strong></span> <span class='ocrx_word' id='word_1_333' title='bbox 1217 2873 1275 2925; x_wconf 81' lang='lat' dir='ltr'><strong>FA.</strong></span> 
     </span>
     <span class='ocr_line' id='line_1_36' title="bbox 121 2943 1277 3014; baseline -0.006 -11"><span class='ocrx_word' id='word_1_334' title='bbox 121 2947 250 3003; x_wconf 73' lang='lat' dir='ltr'><strong><em>Wolssus</em></strong></span> <span class='ocrx_word' id='word_1_335' title='bbox 276 2945 308 2997; x_wconf 87' lang='lat' dir='ltr'><strong><em>in</em></strong></span> <span class='ocrx_word' id='word_1_336' title='bbox 332 2944 440 2997; x_wconf 79' lang='lat' dir='ltr'><strong><em>scholis</em></strong></span> <span class='ocrx_word' id='word_1_337' title='bbox 463 2944 590 3014; x_wconf 84' lang='lat' dir='ltr'><strong><em>explicat</em></strong></span> <span class='ocrx_word' id='word_1_338' title='bbox 615 2959 670 2997; x_wconf 87' lang='lat' dir='ltr'><strong><em>non</em></strong></span> <span class='ocrx_word' id='word_1_339' title='bbox 692 2958 762 2997; x_wconf 82' lang='lat' dir='ltr'><strong><em>erte.</em></strong></span> <span class='ocrx_word' id='word_1_340' title='bbox 800 2943 945 2997; x_wconf 85' lang='lat' dir='ltr'><strong><em>Similiter</em></strong></span> <span class='ocrx_word' id='word_1_341' title='bbox 970 2945 1083 2997; x_wconf 85' lang='lat' dir='ltr'><strong><em>locutus</em></strong></span> <span class='ocrx_word' id='word_1_342' title='bbox 1111 2952 1154 2997; x_wconf 88' lang='lat' dir='ltr'><strong><em>est</em></strong></span> <span class='ocrx_word' id='word_1_343' title='bbox 1179 2953 1277 2996; x_wconf 89' lang='lat' dir='ltr'><strong><em>noster</em></strong></span> 
     </span>
     <span class='ocr_line' id='line_1_37' title="bbox 119 3014 1274 3091; baseline -0.005 -21"><span class='ocrx_word' id='word_1_344' title='bbox 119 3018 155 3071; x_wconf 83' lang='lat' dir='ltr'><strong><em>‹ie</em></strong></span> <span class='ocrx_word' id='word_1_345' title='bbox 174 3020 266 3091; x_wconf 67' lang='lat' dir='ltr'><strong><em>[regg.</em></strong></span> <span class='ocrx_word' id='word_1_346' title='bbox 286 3017 324 3068; x_wconf 89' lang='lat'><strong><em>11.</em></strong></span> <span class='ocrx_word' id='word_1_347' title='bbox 344 3018 370 3070; x_wconf 86' lang='grc'><strong><em>6.</em></strong></span> <span class='ocrx_word' id='word_1_348' title='bbox 392 3019 434 3071; x_wconf 81' lang='grc'><strong><em>14.</em></strong></span> <span class='ocrx_word' id='word_1_349' title='bbox 456 3022 484 3069; x_wconf 82' lang='lat' dir='ltr'><strong><em>tn</em></strong></span> <span class='ocrx_word' id='word_1_350' title='bbox 505 3015 707 3083; x_wconf 75' lang='lat' dir='ltr'><strong><em>Titiae-legen</em></strong></span> <span class='ocrx_word' id='word_1_351' title='bbox 732 3014 851 3067; x_wconf 79' lang='lat' dir='ltr'><strong><em>nullas</em></strong></span> <span class='ocrx_word' id='word_1_352' title='bbox 875 3015 979 3081; x_wconf 75' lang='lat' dir='ltr'><strong><em>putant</em></strong></span> <span class='ocrx_word' id='word_1_353' title='bbox 1003 3015 1037 3067; x_wconf 87' lang='lat' dir='ltr'><strong><em>de</em></strong></span> <span class='ocrx_word' id='word_1_354' title='bbox 1056 3014 1152 3065; x_wconf 85' lang='lat' dir='ltr'><strong><em>Divin.</em></strong></span> <span class='ocrx_word' id='word_1_355' title='bbox 1173 3015 1211 3067; x_wconf 93' lang='lat'><strong>11.</strong></span> <span class='ocrx_word' id='word_1_356' title='bbox 1231 3018 1274 3068; x_wconf 81' lang='lat'><strong><em>67.</em></strong></span> 
     </span>
     <span class='ocr_line' id='line_1_38' title="bbox 121 3084 1277 3156; baseline -0.01 -12"><span class='ocrx_word' id='word_1_357' title='bbox 121 3091 188 3145; x_wconf 73' lang='lat' dir='ltr'><strong><em>tna:</em></strong></span> <span class='ocrx_word' id='word_1_358' title='bbox 209 3101 306 3141; x_wconf 85' lang='lat' dir='ltr'><strong><em>earam</em></strong></span> <span class='ocrx_word' id='word_1_359' title='bbox 325 3103 432 3152; x_wconf 81' lang='lat' dir='ltr'><strong><em>reram,</em></strong></span> <span class='ocrx_word' id='word_1_360' title='bbox 452 3101 521 3156; x_wconf 80' lang='lat' dir='ltr'><strong><em>qaae</em></strong></span> <span class='ocrx_word' id='word_1_361' title='bbox 539 3085 661 3156; x_wconf 74' lang='lat' dir='ltr'><strong><em>nullae</em></strong></span> <span class='ocrx_word' id='word_1_362' title='bbox 684 3086 770 3138; x_wconf 78' lang='lat' dir='ltr'><strong><em>matt</em></strong></span> <span class='ocrx_word' id='word_1_363' title='bbox 805 3100 876 3155; x_wconf 76' lang='lat' dir='ltr'><strong><em>quae</em></strong></span> <span class='ocrx_word' id='word_1_364' title='bbox 900 3091 941 3138; x_wconf 85' lang='lat' dir='ltr'><strong><em>est</em></strong></span> <span class='ocrx_word' id='word_1_365' title='bbox 969 3085 1040 3137; x_wconf 82' lang='lat' dir='ltr'><strong><em>enin</em></strong></span> <span class='ocrx_word' id='word_1_366' title='bbox 1058 3084 1149 3147; x_wconf 71' lang='lat' dir='ltr'><strong><em>forma</em></strong></span> <span class='ocrx_word' id='word_1_367' title='bbox 1167 3088 1277 3134; x_wconf 89' lang='lat' dir='ltr'><strong><em>-tam</em></strong></span> 
     </span>
     <span class='ocr_line' id='line_1_39' title="bbox 121 3152 1277 3224; baseline -0.01 -10"><span class='ocrx_word' id='word_1_368' title='bbox 121 3159 235 3214; x_wconf 83' lang='lat' dir='ltr'><strong><em>natta</em></strong></span> <span class='ocrx_word' id='word_1_369' title='bbox 253 3167 308 3211; x_wconf 84' lang='lat' dir='ltr'><strong><em>etc.</em></strong></span> <span class='ocrx_word' id='word_1_370' title='bbox 328 3159 363 3211; x_wconf 86' lang='lat' dir='ltr'><strong><em>de</em></strong></span> <span class='ocrx_word' id='word_1_371' title='bbox 382 3158 428 3211; x_wconf 88' lang='lat' dir='ltr'><strong><em>Or.</em></strong></span> <span class='ocrx_word' id='word_1_372' title='bbox 449 3158 471 3210; x_wconf 93' lang='lat' dir='ltr'><strong>l.</strong></span> <span class='ocrx_word' id='word_1_373' title='bbox 492 3160 517 3212; x_wconf 88' lang='lat'><strong><em>9.</em></strong></span> <span class='ocrx_word' id='word_1_374' title='bbox 537 3159 586 3212; x_wconf 81' lang='lat'><strong><em>38:</em></strong></span> <span class='ocrx_word' id='word_1_375' title='bbox 607 3155 823 3224; x_wconf 79' lang='lat' dir='ltr'><strong><em>rempublicam</em></strong></span> <span class='ocrx_word' id='word_1_376' title='bbox 842 3156 950 3208; x_wconf 89' lang='lat' dir='ltr'><strong><em>-iam</em></strong></span> <span class='ocrx_word' id='word_1_377' title='bbox 973 3155 1021 3208; x_wconf 82' lang='lat' dir='ltr'><strong><em>dia</em></strong></span> <span class='ocrx_word' id='word_1_378' title='bbox 1043 3154 1176 3206; x_wconf 80' lang='lat' dir='ltr'><strong><em>nnllam</em></strong></span> <span class='ocrx_word' id='word_1_379' title='bbox 1195 3152 1277 3205; x_wconf 81' lang='lat' dir='ltr'><strong><em>labe-</em></strong></span> 
     </span>
     <span class='ocr_line' id='line_1_40' title="bbox 120 3223 1276 3295; baseline -0.007 -12"><span class='ocrx_word' id='word_1_380' title='bbox 120 3246 223 3283; x_wconf 76' lang='lat' dir='ltr'><strong><em>rmus.</em></strong></span> <span class='ocrx_word' id='word_1_381' title='bbox 244 3228 311 3282; x_wconf 86' lang='lat' dir='ltr'><strong>Cod.</strong></span> <span class='ocrx_word' id='word_1_382' title='bbox 331 3229 404 3281; x_wconf 70' lang='lat' dir='ltr'><strong><em>Auo.</em></strong></span> <span class='ocrx_word' id='word_1_383' title='bbox 434 3228 533 3281; x_wconf 74' lang='lat' dir='ltr'><strong><em>nullo</em></strong></span> <span class='ocrx_word' id='word_1_384' title='bbox 557 3227 653 3281; x_wconf 83' lang='lat' dir='ltr'><strong><em>moda</em></strong></span> <span class='ocrx_word' id='word_1_385' title='bbox 679 3228 819 3280; x_wconf 76' lang='lat' dir='ltr'><strong><em>aninumr</em></strong></span> <span class='ocrx_word' id='word_1_386' title='bbox 843 3226 920 3295; x_wconf 88' lang='lat' dir='ltr'><strong><em>quod</em></strong></span> <span class='ocrx_word' id='word_1_387' title='bbox 943 3234 985 3277; x_wconf 86' lang='lat' dir='ltr'><strong><em>est</em></strong></span> <span class='ocrx_word' id='word_1_388' title='bbox 1012 3223 1193 3295; x_wconf 81' lang='lat' dir='ltr'><strong><em>interpretis,</em></strong></span> <span class='ocrx_word' id='word_1_389' title='bbox 1223 3240 1276 3275; x_wconf 87' lang='lat' dir='ltr'><strong><em>nec</em></strong></span> 
     </span>
     <span class='ocr_line' id='line_1_41' title="bbox 119 3276 955 3370; baseline -0.011 -14"><span class='ocrx_word' id='word_1_390' title='bbox 119 3319 190 3356; x_wconf 83' lang='lat' dir='ltr'><strong><em>varo</em></strong></span> <span class='ocrx_word' id='word_1_391' title='bbox 210 3300 324 3370; x_wconf 85' lang='lat' dir='ltr'><strong><em>optimi.</em></strong></span> <span class='ocrx_word' id='word_1_392' title='bbox 361 3276 486 3352; x_wconf 59' lang='lat' dir='ltr'><strong><em>*ferham</em></strong></span> <span class='ocrx_word' id='word_1_393' title='bbox 505 3314 565 3352; x_wconf 80' lang='lat' dir='ltr'><strong><em>esee</em></strong></span> <span class='ocrx_word' id='word_1_394' title='bbox 583 3298 693 3350; x_wconf 87' lang='lat' dir='ltr'><strong><em>omittit</em></strong></span> <span class='ocrx_word' id='word_1_395' title='bbox 713 3313 786 3349; x_wconf 86' lang='lat' dir='ltr'><strong><em>unus</em></strong></span> <span class='ocrx_word' id='word_1_396' title='bbox 805 3296 855 3349; x_wconf 83' lang='lat' dir='ltr'><strong>Ox.</strong></span> <span class='ocrx_word' id='word_1_397' title='bbox 894 3297 955 3349; x_wconf 88' lang='lat' dir='ltr'><strong><em>Mr.</em></strong></span> 
     </span>
    </p>

    <p class='ocr_par' dir='ltr' id='par_1_8' title="bbox 194 3367 1111 3440">
     <span class='ocr_line' id='line_1_42' title="bbox 194 3367 1111 3440; baseline -0.005 -16"><span class='ocrx_word' id='word_1_398' title='bbox 194 3371 271 3427; x_wconf 75' lang='lat' dir='ltr'><strong><em>auid</em></strong></span> <span class='ocrx_word' id='word_1_399' title='bbox 288 3376 337 3423; x_wconf 78' lang='lat' dir='ltr'><strong><em>att</em></strong></span> <span class='ocrx_word' id='word_1_400' title='bbox 355 3371 449 3440; x_wconf 87' lang='lat' dir='ltr'><strong><em>qualis</em></strong></span> <span class='ocrx_word' id='word_1_401' title='bbox 468 3370 552 3437; x_wconf 85' lang='lat' dir='ltr'><strong><em>esset]</em></strong></span> <span class='ocrx_word' id='word_1_402' title='bbox 589 3371 677 3421; x_wconf 79' lang='lat' dir='ltr'><strong><em>Forte</em></strong></span> <span class='ocrx_word' id='word_1_403' title='bbox 697 3368 765 3439; x_wconf 83' lang='lat' dir='ltr'><strong><em>qnid</em></strong></span> <span class='ocrx_word' id='word_1_404' title='bbox 783 3372 832 3421; x_wconf 83' lang='lat' dir='ltr'><strong><em>aal</em></strong></span> <span class='ocrx_word' id='word_1_405' title='bbox 852 3368 935 3435; x_wconf 86' lang='lat' dir='ltr'><strong><em>quale</em></strong></span> <span class='ocrx_word' id='word_1_406' title='bbox 955 3372 1034 3419; x_wconf 85' lang='lat' dir='ltr'><strong><em>esset.</em></strong></span> <span class='ocrx_word' id='word_1_407' title='bbox 1072 3367 1111 3420; x_wconf 92' lang='lat' dir='ltr'><strong>D.</strong></span> 
     </span>
    </p>

    <p class='ocr_par' dir='ltr' id='par_1_9' title="bbox 119 3436 1277 3798">
     <span class='ocr_line' id='line_1_43' title="bbox 191 3436 1277 3512; baseline -0.006 -18"><span class='ocrx_word' id='word_1_408' title='bbox 191 3441 263 3512; x_wconf 78' lang='lat' dir='ltr'><strong><em>quid</em></strong></span> <span class='ocrx_word' id='word_1_409' title='bbox 280 3449 330 3495; x_wconf 86' lang='lat' dir='ltr'><strong><em>ant</em></strong></span> <span class='ocrx_word' id='word_1_410' title='bbox 347 3441 440 3510; x_wconf 75' lang='lat' dir='ltr'><strong><em>qualia</em></strong></span> <span class='ocrx_word' id='word_1_411' title='bbox 458 3441 539 3508; x_wconf 82' lang='lat' dir='ltr'><strong><em>esset]</em></strong></span> <span class='ocrx_word' id='word_1_412' title='bbox 577 3440 643 3493; x_wconf 87' lang='lat' dir='ltr'><strong>Cod.</strong></span> <span class='ocrx_word' id='word_1_413' title='bbox 663 3442 738 3492; x_wconf 81' lang='lat' dir='ltr'><strong><em>bion.</em></strong></span> <span class='ocrx_word' id='word_1_414' title='bbox 760 3443 784 3493; x_wconf 92' lang='lat'><strong>1.</strong></span> <span class='ocrx_word' id='word_1_415' title='bbox 805 3440 853 3508; x_wconf 79' lang='lat' dir='ltr'><strong><em>qui</em></strong></span> <span class='ocrx_word' id='word_1_416' title='bbox 869 3454 923 3509; x_wconf 83' lang='lat' dir='ltr'><strong><em>pro</em></strong></span> <span class='ocrx_word' id='word_1_417' title='bbox 942 3438 1016 3508; x_wconf 82' lang='lat' dir='ltr'><strong><em>quid.</em></strong></span> <span class='ocrx_word' id='word_1_418' title='bbox 1054 3436 1164 3489; x_wconf 75' lang='lat' dir='ltr'><strong><em>Davisii</em></strong></span> <span class='ocrx_word' id='word_1_419' title='bbox 1181 3453 1277 3489; x_wconf 85' lang='lat' dir='ltr'><strong><em>emen-</em></strong></span> 
     </span>
     <span class='ocr_line' id='line_1_44' title="bbox 121 3508 1274 3585; baseline -0.008 -17"><span class='ocrx_word' id='word_1_420' title='bbox 121 3513 199 3568; x_wconf 86' lang='lat' dir='ltr'><strong><em>datio</em></strong></span> <span class='ocrx_word' id='word_1_421' title='bbox 219 3514 378 3566; x_wconf 84' lang='lat' dir='ltr'><strong><em>necessaria</em></strong></span> <span class='ocrx_word' id='word_1_422' title='bbox 396 3530 454 3566; x_wconf 90' lang='lat' dir='ltr'><strong><em>non</em></strong></span> <span class='ocrx_word' id='word_1_423' title='bbox 473 3521 523 3565; x_wconf 87' lang='lat' dir='ltr'><strong><em>est.</em></strong></span> <span class='ocrx_word' id='word_1_424' title='bbox 562 3510 712 3585; x_wconf 76' lang='lat' dir='ltr'><strong><em>cogitabat</em></strong></span> <span class='ocrx_word' id='word_1_425' title='bbox 730 3510 871 3563; x_wconf 86' lang='lat' dir='ltr'><strong><em>nimirum</em></strong></span> <span class='ocrx_word' id='word_1_426' title='bbox 890 3510 924 3564; x_wconf 87' lang='lat' dir='ltr'><strong><em>de</em></strong></span> <span class='ocrx_word' id='word_1_427' title='bbox 942 3510 1007 3562; x_wconf 93' lang='lat' dir='ltr'><strong><em>loco</em></strong></span> <span class='ocrx_word' id='word_1_428' title='bbox 1024 3508 1059 3562; x_wconf 82' lang='lat' dir='ltr'><strong><em>de</em></strong></span> <span class='ocrx_word' id='word_1_429' title='bbox 1078 3510 1115 3560; x_wconf 88' lang='lat' dir='ltr'><strong><em>N.</em></strong></span> <span class='ocrx_word' id='word_1_430' title='bbox 1135 3509 1169 3560; x_wconf 90' lang='lat' dir='ltr'><strong><em>D.</em></strong></span> <span class='ocrx_word' id='word_1_431' title='bbox 1186 3509 1209 3561; x_wconf 91' lang='lat'><strong>1.</strong></span> <span class='ocrx_word' id='word_1_432' title='bbox 1230 3510 1274 3562; x_wconf 78' lang='lat' dir='ltr'><strong><em>tt.</em></strong></span> 
     </span>
     <span class='ocr_line' id='line_1_45' title="bbox 119 3579 1277 3655; baseline -0.01 -13"><span class='ocrx_word' id='word_1_433' title='bbox 119 3590 168 3642; x_wconf 79' lang='lat' dir='ltr'><strong><em>OO:</em></strong></span> <span class='ocrx_word' id='word_1_434' title='bbox 187 3599 338 3651; x_wconf 73' lang='lat' dir='ltr'><strong><em>rogeenee</em></strong></span> <span class='ocrx_word' id='word_1_435' title='bbox 358 3584 527 3655; x_wconf 82' lang='lat' dir='ltr'><strong><em>qnidaat</em></strong></span> <span class='ocrx_word' id='word_1_436' title='bbox 546 3584 649 3652; x_wconf 80' lang='lat' dir='ltr'><strong><em>quale</em></strong></span> <span class='ocrx_word' id='word_1_437' title='bbox 668 3581 708 3634; x_wconf 82' lang='lat' dir='ltr'><strong><em>eit</em></strong></span> <span class='ocrx_word' id='word_1_438' title='bbox 728 3582 802 3634; x_wconf 83' lang='lat' dir='ltr'><strong><em>deae.</em></strong></span> <span class='ocrx_word' id='word_1_439' title='bbox 833 3607 866 3618; x_wconf 89' lang='grc'>-</span> <span class='ocrx_word' id='word_1_440' title='bbox 904 3581 980 3638; x_wconf 76' lang='lat' dir='ltr'><strong><em>Onici</em></strong></span> <span class='ocrx_word' id='word_1_441' title='bbox 1004 3580 1038 3633; x_wconf 84' lang='lat' dir='ltr'><strong><em>ad</em></strong></span> <span class='ocrx_word' id='word_1_442' title='bbox 1061 3587 1194 3632; x_wconf 83' lang='lat' dir='ltr'><strong><em>naturam</em></strong></span> <span class='ocrx_word' id='word_1_443' title='bbox 1212 3579 1277 3630; x_wconf 86' lang='lat' dir='ltr'><strong><em>uni-</em></strong></span> 
     </span>
     <span class='ocr_line' id='line_1_46' title="bbox 120 3651 1276 3726; baseline -0.005 -16"><span class='ocrx_word' id='word_1_444' title='bbox 120 3674 203 3711; x_wconf 84' lang='lat' dir='ltr'><strong><em>verse</em></strong></span> <span class='ocrx_word' id='word_1_445' title='bbox 221 3664 346 3726; x_wconf 81' lang='lat' dir='ltr'><strong><em>spectat:</em></strong></span> <span class='ocrx_word' id='word_1_446' title='bbox 381 3654 474 3725; x_wconf 78' lang='lat' dir='ltr'><strong><em>qualis</em></strong></span> <span class='ocrx_word' id='word_1_447' title='bbox 498 3654 533 3706; x_wconf 84' lang='lat' dir='ltr'><strong><em>ad</em></strong></span> <span class='ocrx_word' id='word_1_448' title='bbox 556 3654 594 3719; x_wconf 88' lang='lat' dir='ltr'><strong><em>id,</em></strong></span> <span class='ocrx_word' id='word_1_449' title='bbox 623 3652 699 3723; x_wconf 81' lang='lat' dir='ltr'><strong><em>quod</em></strong></span> <span class='ocrx_word' id='word_1_450' title='bbox 723 3654 784 3724; x_wconf 84' lang='lat' dir='ltr'><strong><em>ipse</em></strong></span> <span class='ocrx_word' id='word_1_451' title='bbox 811 3652 914 3705; x_wconf 81' lang='lat' dir='ltr'><strong><em>Cicero</em></strong></span> <span class='ocrx_word' id='word_1_452' title='bbox 942 3651 1006 3722; x_wconf 89' lang='lat' dir='ltr'><strong><em>(pro</em></strong></span> <span class='ocrx_word' id='word_1_453' title='bbox 1025 3653 1135 3705; x_wconf 86' lang='lat' dir='ltr'><strong><em>Graeco</em></strong></span> <span class='ocrx_word' id='word_1_454' title='bbox 1153 3651 1276 3718; x_wconf 71' lang='grc' dir='ltr'><strong><em>ποιότης)</em></strong></span> 
     </span>
     <span class='ocr_line' id='line_1_47' title="bbox 121 3723 1030 3798; baseline -0.004 -19"><span class='ocrx_word' id='word_1_455' title='bbox 121 3727 282 3798; x_wconf 65' lang='lat' dir='ltr'><strong><em>qualitatem</em></strong></span> <span class='ocrx_word' id='word_1_456' title='bbox 300 3727 354 3791; x_wconf 88' lang='lat' dir='ltr'><strong><em>rei,</em></strong></span> <span class='ocrx_word' id='word_1_457' title='bbox 372 3728 454 3778; x_wconf 88' lang='lat' dir='ltr'><strong><em>cuius</em></strong></span> <span class='ocrx_word' id='word_1_458' title='bbox 472 3734 573 3777; x_wconf 84' lang='lat' dir='ltr'><strong><em>natura</em></strong></span> <span class='ocrx_word' id='word_1_459' title='bbox 591 3733 634 3777; x_wconf 89' lang='lat' dir='ltr'><strong><em>est</em></strong></span> <span class='ocrx_word' id='word_1_460' title='bbox 652 3739 686 3776; x_wconf 91' lang='lat' dir='ltr'><strong><em>co</em></strong></span> <span class='ocrx_word' id='word_1_461' title='bbox 708 3724 813 3789; x_wconf 83' lang='lat' dir='ltr'><strong><em>nita‚a</em></strong></span> <span class='ocrx_word' id='word_1_462' title='bbox 853 3723 932 3776; x_wconf 89' lang='lat' dir='ltr'><strong><em>ellat.</em></strong></span> <span class='ocrx_word' id='word_1_463' title='bbox 969 3723 1030 3778; x_wconf 86' lang='lat' dir='ltr'><strong><em>Mr.</em></strong></span> 
     </span>
    </p>

    <p class='ocr_par' dir='ltr' id='par_1_10' title="bbox 119 3741 1278 4513">
     <span class='ocr_line' id='line_1_48' title="bbox 196 3741 1274 3876; baseline -0.007 -25"><span class='ocrx_word' id='word_1_464' title='bbox 196 3799 246 3851; x_wconf 79' lang='lat' dir='ltr'><strong><em>Eat</em></strong></span> <span class='ocrx_word' id='word_1_465' title='bbox 265 3797 337 3850; x_wconf 79' lang='lat' dir='ltr'><strong><em>illud</em></strong></span> <span class='ocrx_word' id='word_1_466' title='bbox 354 3798 464 3864; x_wconf 78' lang='lat' dir='ltr'><strong><em>quidem</em></strong></span> <span class='ocrx_word' id='word_1_467' title='bbox 481 3796 526 3848; x_wconf 88' lang='lat' dir='ltr'><strong><em>vel</em></strong></span> <span class='ocrx_word' id='word_1_468' title='bbox 542 3741 708 3863; x_wconf 43' lang='lat' dir='ltr'><strong><em>marinam?</em></strong></span> <span class='ocrx_word' id='word_1_469' title='bbox 735 3797 815 3849; x_wconf 84' lang='lat' dir='ltr'><strong><em>Unus</em></strong></span> <span class='ocrx_word' id='word_1_470' title='bbox 856 3814 883 3846; x_wconf 84' lang='lat' dir='ltr'><strong>x.</strong></span> <span class='ocrx_word' id='word_1_471' title='bbox 913 3794 954 3847; x_wconf 85' lang='lat' dir='ltr'><strong><em>lit</em></strong></span> <span class='ocrx_word' id='word_1_472' title='bbox 981 3801 1024 3847; x_wconf 85' lang='lat' dir='ltr'><strong><em>est</em></strong></span> <span class='ocrx_word' id='word_1_473' title='bbox 1051 3794 1130 3848; x_wconf 78' lang='lat' dir='ltr'><strong><em>illael.</em></strong></span> <span class='ocrx_word' id='word_1_474' title='bbox 1151 3810 1175 3862; x_wconf 83' lang='lat' dir='ltr'><strong>q.</strong></span> <span class='ocrx_word' id='word_1_475' title='bbox 1201 3793 1274 3876; x_wconf 72' lang='lat' dir='ltr'><strong>Aug.</strong></span> 
     </span>
     <span class='ocr_line' id='line_1_49' title="bbox 122 3865 1278 3940; baseline -0.005 -18"><span class='ocrx_word' id='word_1_476' title='bbox 122 3877 154 3922; x_wconf 89' lang='lat' dir='ltr'><strong><em>et</em></strong></span> <span class='ocrx_word' id='word_1_477' title='bbox 171 3869 265 3922; x_wconf 88' lang='lat' dir='ltr'><strong><em>Duisb.</em></strong></span> <span class='ocrx_word' id='word_1_478' title='bbox 286 3875 329 3922; x_wconf 83' lang='lat' dir='ltr'><strong><em>eet</em></strong></span> <span class='ocrx_word' id='word_1_479' title='bbox 348 3869 360 3921; x_wconf 88' lang='lat' dir='ltr'><strong><em>i</em></strong></span> <span class='ocrx_word' id='word_1_480' title='bbox 368 3868 454 3920; x_wconf 81' lang='lat' dir='ltr'><strong><em>stad</em></strong></span> <span class='ocrx_word' id='word_1_481' title='bbox 471 3867 590 3935; x_wconf 81' lang='lat' dir='ltr'><strong><em>quidem.</em></strong></span> <span class='ocrx_word' id='word_1_482' title='bbox 611 3869 685 3919; x_wconf 83' lang='lat' dir='ltr'><strong><em>Mon.</em></strong></span> <span class='ocrx_word' id='word_1_483' title='bbox 706 3868 732 3920; x_wconf 76' lang='grc'><strong><em>1.</em></strong></span> <span class='ocrx_word' id='word_1_484' title='bbox 758 3871 800 3919; x_wconf 84' lang='lat' dir='ltr'><strong><em>eet</em></strong></span> <span class='ocrx_word' id='word_1_485' title='bbox 824 3865 898 3920; x_wconf 80' lang='lat' dir='ltr'><strong><em>illud</em></strong></span> <span class='ocrx_word' id='word_1_486' title='bbox 914 3865 972 3917; x_wconf 84' lang='lat' dir='ltr'><strong><em>vel</em></strong></span> <span class='ocrx_word' id='word_1_487' title='bbox 994 3865 1139 3932; x_wconf 74' lang='lat' dir='ltr'><strong><em>quietern.</em></strong></span> <span class='ocrx_word' id='word_1_488' title='bbox 1177 3865 1278 3940; x_wconf 75' lang='lat' dir='ltr'><strong><em>Pergit</em></strong></span> 
     </span>
     <span class='ocr_line' id='line_1_50' title="bbox 120 3935 1277 4009; baseline -0.008 -14"><span class='ocrx_word' id='word_1_489' title='bbox 120 3941 212 3995; x_wconf 81' lang='lat' dir='ltr'><strong><em>flehd.</em></strong></span> <span class='ocrx_word' id='word_1_490' title='bbox 239 3940 326 4009; x_wconf 78' lang='lat' dir='ltr'><strong><em>ipso</em></strong></span> <span class='ocrx_word' id='word_1_491' title='bbox 344 3938 460 3992; x_wconf 85' lang='lat' dir='ltr'><strong><em>animo</em></strong></span> <span class='ocrx_word' id='word_1_492' title='bbox 485 3939 605 3991; x_wconf 83' lang='lat' dir='ltr'><strong><em>animam</em></strong></span> <span class='ocrx_word' id='word_1_493' title='bbox 623 3937 727 3990; x_wconf 83' lang='lat' dir='ltr'><strong><em>cidere.</em></strong></span> <span class='ocrx_word' id='word_1_494' title='bbox 756 3936 829 3990; x_wconf 85' lang='lat' dir='ltr'><strong>Gnd.</strong></span> <span class='ocrx_word' id='word_1_495' title='bbox 858 3937 969 3989; x_wconf 89' lang='lat' dir='ltr'><strong><em>omittit</em></strong></span> <span class='ocrx_word' id='word_1_496' title='bbox 986 3937 1056 4004; x_wconf 79' lang='lat' dir='ltr'><strong><em>ipso.</em></strong></span> <span class='ocrx_word' id='word_1_497' title='bbox 1093 3935 1138 3988; x_wconf 85' lang='lat' dir='ltr'><strong><em>Ad</em></strong></span> <span class='ocrx_word' id='word_1_498' title='bbox 1164 3943 1277 3987; x_wconf 85' lang='lat' dir='ltr'><strong><em>senten-</em></strong></span> 
     </span>
     <span class='ocr_line' id='line_1_51' title="bbox 120 4006 1277 4079; baseline -0.004 -14"><span class='ocrx_word' id='word_1_499' title='bbox 120 4012 192 4065; x_wconf 84' lang='lat' dir='ltr'><strong><em>tiam</em></strong></span> <span class='ocrx_word' id='word_1_500' title='bbox 211 4010 359 4064; x_wconf 89' lang='lat' dir='ltr'><strong><em>commodc</em></strong></span> <span class='ocrx_word' id='word_1_501' title='bbox 377 4014 490 4064; x_wconf 83' lang='lat' dir='ltr'><strong><em>confert</em></strong></span> <span class='ocrx_word' id='word_1_502' title='bbox 499 4007 889 4079; x_wconf 59' lang='lat' dir='ltr'><strong><em>Wopkensiusbecttffult.</em></strong></span> <span class='ocrx_word' id='word_1_503' title='bbox 909 4026 937 4079; x_wconf 86' lang='lat' dir='ltr'><strong>p.</strong></span> <span class='ocrx_word' id='word_1_504' title='bbox 948 4009 1009 4062; x_wconf 79' lang='grc'><strong>358.</strong></span> <span class='ocrx_word' id='word_1_505' title='bbox 1022 4006 1165 4059; x_wconf 72' lang='grc' dir='ltr'><strong>ε1.11υι(1.</strong></span> <span class='ocrx_word' id='word_1_506' title='bbox 1186 4006 1277 4077; x_wconf 75' lang='lat' dir='ltr'><strong><em>Syne-</em></strong></span> 
     </span>
     <span class='ocr_line' id='line_1_52' title="bbox 120 4075 1276 4152; baseline -0.005 -18"><span class='ocrx_word' id='word_1_507' title='bbox 120 4083 196 4136; x_wconf 86' lang='lat' dir='ltr'><strong><em>sium</em></strong></span> <span class='ocrx_word' id='word_1_508' title='bbox 223 4083 360 4152; x_wconf 85' lang='lat' dir='ltr'><strong><em>Epistoll.</em></strong></span> <span class='ocrx_word' id='word_1_509' title='bbox 389 4082 437 4133; x_wconf 79' lang='lat' dir='ltr'><strong><em>tv,</em></strong></span> <span class='ocrx_word' id='word_1_510' title='bbox 464 4101 492 4152; x_wconf 90' lang='lat' dir='ltr'><strong>p.</strong></span> <span class='ocrx_word' id='word_1_511' title='bbox 514 4085 579 4137; x_wconf 83' lang='lat'>116:</span> <span class='ocrx_word' id='word_1_512' title='bbox 615 4080 727 4133; x_wconf 75' lang='lat' dir='ltr'><strong><em>alineare</em></strong></span> <span class='ocrx_word' id='word_1_513' title='bbox 754 4075 837 4146; x_wconf 70' lang='lat' dir='ltr'><strong><em>cirris</em></strong></span> <span class='ocrx_word' id='word_1_514' title='bbox 861 4083 910 4145; x_wconf 71' lang='lat' dir='ltr'><strong><em>seio</em></strong></span> <span class='ocrx_word' id='word_1_515' title='bbox 927 4082 1024 4147; x_wconf 71' lang='grc' dir='ltr'><strong><em>ψυχὴν</em></strong></span> <span class='ocrx_word' id='word_1_516' title='bbox 1051 4075 1121 4145; x_wconf 71' lang='grc' dir='ltr'><strong><em>αὐτῇ</em></strong></span> <span class='ocrx_word' id='word_1_517' title='bbox 1143 4077 1178 4145; x_wconf 77' lang='grc' dir='ltr'><strong><em>τῇ</em></strong></span> <span class='ocrx_word' id='word_1_518' title='bbox 1195 4082 1276 4147; x_wconf 73' lang='grc' dir='ltr'><strong><em>ψυχῇ</em></strong></span> 
     </span>
     <span class='ocr_line' id='line_1_53' title="bbox 119 4147 1278 4221; baseline -0.006 -14"><span class='ocrx_word' id='word_1_519' title='bbox 119 4156 303 4221; x_wconf 64' lang='grc' dir='ltr'><strong>θεασάμενος.</strong></span> <span class='ocrx_word' id='word_1_520' title='bbox 341 4155 421 4207; x_wconf 86' lang='lat' dir='ltr'><strong><em>Unus</em></strong></span> <span class='ocrx_word' id='word_1_521' title='bbox 446 4153 496 4206; x_wconf 83' lang='lat' dir='ltr'><strong>Ox.</strong></span> <span class='ocrx_word' id='word_1_522' title='bbox 523 4152 635 4205; x_wconf 88' lang='lat' dir='ltr'><strong><em>omittit</em></strong></span> <span class='ocrx_word' id='word_1_523' title='bbox 660 4149 787 4203; x_wconf 77' lang='lat' dir='ltr'><strong><em>aninam.</em></strong></span> <span class='ocrx_word' id='word_1_524' title='bbox 824 4149 901 4202; x_wconf 85' lang='lat' dir='ltr'><strong><em>Tum</em></strong></span> <span class='ocrx_word' id='word_1_525' title='bbox 927 4149 1067 4202; x_wconf 86' lang='lat' dir='ltr'><strong><em>scribitur</em></strong></span> <span class='ocrx_word' id='word_1_526' title='bbox 1093 4149 1175 4202; x_wconf 78' lang='lat' dir='ltr'><strong><em>natet</em></strong></span> <span class='ocrx_word' id='word_1_527' title='bbox 1207 4147 1278 4200; x_wconf 77' lang='lat' dir='ltr'><strong><em>banc</em></strong></span> 
     </span>
     <span class='ocr_line' id='line_1_54' title="bbox 120 4218 1276 4298; baseline -0.008 -20"><span class='ocrx_word' id='word_1_528' title='bbox 120 4227 152 4278; x_wconf 84' lang='lat' dir='ltr'><strong><em>in</em></strong></span> <span class='ocrx_word' id='word_1_529' title='bbox 171 4225 258 4278; x_wconf 81' lang='lat' dir='ltr'><strong><em>codd.</em></strong></span> <span class='ocrx_word' id='word_1_530' title='bbox 278 4225 362 4277; x_wconf 85' lang='lat' dir='ltr'><strong><em>Vind.</em></strong></span> <span class='ocrx_word' id='word_1_531' title='bbox 386 4228 409 4278; x_wconf 90' lang='lat' dir='ltr'><strong>l.</strong></span> <span class='ocrx_word' id='word_1_532' title='bbox 429 4223 502 4298; x_wconf 78' lang='lat' dir='ltr'><strong>Aug.</strong></span> <span class='ocrx_word' id='word_1_533' title='bbox 541 4224 575 4276; x_wconf 86' lang='lat' dir='ltr'><strong><em>in</em></strong></span> <span class='ocrx_word' id='word_1_534' title='bbox 603 4224 672 4286; x_wconf 87' lang='lat' dir='ltr'><strong><em>sola,</em></strong></span> <span class='ocrx_word' id='word_1_535' title='bbox 699 4229 732 4273; x_wconf 88' lang='lat' dir='ltr'><strong><em>ut</em></strong></span> <span class='ocrx_word' id='word_1_536' title='bbox 758 4220 883 4285; x_wconf 82' lang='lat' dir='ltr'><strong><em>videtur,</em></strong></span> <span class='ocrx_word' id='word_1_537' title='bbox 908 4219 962 4272; x_wconf 84' lang='lat' dir='ltr'><strong>Ed.</strong></span> <span class='ocrx_word' id='word_1_538' title='bbox 983 4219 1133 4273; x_wconf 85' lang='lat' dir='ltr'><strong><em>Cratandr.</em></strong></span> <span class='ocrx_word' id='word_1_539' title='bbox 1153 4227 1196 4272; x_wconf 85' lang='lat' dir='ltr'><strong><em>est</em></strong></span> <span class='ocrx_word' id='word_1_540' title='bbox 1215 4218 1276 4270; x_wconf 82' lang='lat' dir='ltr'><strong><em>lta-</em></strong></span> 
     </span>
     <span class='ocr_line' id='line_1_55' title="bbox 119 4288 1274 4369; baseline -0.01 -20"><span class='ocrx_word' id='word_1_541' title='bbox 119 4297 204 4349; x_wconf 86' lang='lat' dir='ltr'><strong><em>bere</em></strong></span> <span class='ocrx_word' id='word_1_542' title='bbox 227 4295 290 4361; x_wconf 79' lang='lat' dir='ltr'><strong><em>cim,</em></strong></span> <span class='ocrx_word' id='word_1_543' title='bbox 321 4296 370 4349; x_wconf 84' lang='lat' dir='ltr'><strong><em>sed</em></strong></span> <span class='ocrx_word' id='word_1_544' title='bbox 394 4293 474 4347; x_wconf 84' lang='lat' dir='ltr'><strong><em>babet</em></strong></span> <span class='ocrx_word' id='word_1_545' title='bbox 499 4303 541 4348; x_wconf 83' lang='lat' dir='ltr'><strong><em>est</em></strong></span> <span class='ocrx_word' id='word_1_546' title='bbox 566 4294 598 4346; x_wconf 89' lang='lat' dir='ltr'><strong><em>in</em></strong></span> <span class='ocrx_word' id='word_1_547' title='bbox 622 4311 713 4369; x_wconf 83' lang='lat' dir='ltr'><strong><em>marg.</em></strong></span> <span class='ocrx_word' id='word_1_548' title='bbox 751 4292 857 4344; x_wconf 82' lang='lat' dir='ltr'><strong><em>Vocem</em></strong></span> <span class='ocrx_word' id='word_1_549' title='bbox 881 4290 1007 4345; x_wconf 83' lang='lat' dir='ltr'><strong><em>ninirarn</em></strong></span> <span class='ocrx_word' id='word_1_550' title='bbox 1030 4291 1052 4342; x_wconf 87' lang='lat' dir='ltr'><strong><em>si</em></strong></span> <span class='ocrx_word' id='word_1_551' title='bbox 1096 4291 1195 4342; x_wconf 82' lang='lat' dir='ltr'><strong><em>iflcare</em></strong></span> <span class='ocrx_word' id='word_1_552' title='bbox 1215 4288 1233 4339; x_wconf 88' lang='lat' dir='ltr'><strong><em>i.</em></strong></span> <span class='ocrx_word' id='word_1_553' title='bbox 1247 4306 1274 4356; x_wconf 88' lang='lat' dir='ltr'><strong>q.</strong></span> 
     </span>
     <span class='ocr_line' id='line_1_56' title="bbox 119 4358 1276 4435; baseline -0.003 -17"><span class='ocrx_word' id='word_1_554' title='bbox 119 4366 183 4419; x_wconf 88' lang='lat' dir='ltr'><strong><em>noli</em></strong></span> <span class='ocrx_word' id='word_1_555' title='bbox 200 4367 312 4429; x_wconf 85' lang='lat' dir='ltr'><strong><em>mirari,</em></strong></span> <span class='ocrx_word' id='word_1_556' title='bbox 335 4367 396 4420; x_wconf 88' lang='lat' dir='ltr'><strong><em>noli</em></strong></span> <span class='ocrx_word' id='word_1_557' title='bbox 415 4366 554 4429; x_wconf 80' lang='lat' dir='ltr'><strong><em>dubitare,</em></strong></span> <span class='ocrx_word' id='word_1_558' title='bbox 582 4381 639 4418; x_wconf 90' lang='lat' dir='ltr'><strong><em>non</em></strong></span> <span class='ocrx_word' id='word_1_559' title='bbox 663 4371 715 4427; x_wconf 85' lang='lat' dir='ltr'><strong><em>est,</em></strong></span> <span class='ocrx_word' id='word_1_560' title='bbox 746 4363 822 4434; x_wconf 71' lang='lat' dir='ltr'><strong><em>qnod</em></strong></span> <span class='ocrx_word' id='word_1_561' title='bbox 841 4362 980 4435; x_wconf 83' lang='lat' dir='ltr'><strong><em>exemplis</em></strong></span> <span class='ocrx_word' id='word_1_562' title='bbox 1003 4379 1057 4434; x_wconf 83' lang='lat' dir='ltr'><strong><em>pro</em></strong></span> <span class='ocrx_word' id='word_1_563' title='bbox 1077 4379 1162 4417; x_wconf 76' lang='lat' dir='ltr'><strong><em>emat.</em></strong></span> <span class='ocrx_word' id='word_1_564' title='bbox 1205 4358 1276 4411; x_wconf 57' lang='lat' dir='ltr'><strong><em>Vide</em></strong></span> 
     </span>
     <span class='ocr_line' id='line_1_57' title="bbox 119 4434 1011 4513; baseline -0.003 -24"><span class='ocrx_word' id='word_1_565' title='bbox 119 4446 219 4491; x_wconf 83' lang='lat' dir='ltr'><strong><em>tamen</em></strong></span> <span class='ocrx_word' id='word_1_566' title='bbox 238 4439 357 4493; x_wconf 87' lang='lat' dir='ltr'><strong><em>eandem</em></strong></span> <span class='ocrx_word' id='word_1_567' title='bbox 375 4434 618 4513; x_wconf 77' lang='lat' dir='ltr'><strong><em>significationem</em></strong></span> <span class='ocrx_word' id='word_1_568' title='bbox 638 4437 713 4488; x_wconf 86' lang='lat' dir='ltr'><strong><em>inira</em></strong></span> <span class='ocrx_word' id='word_1_569' title='bbox 732 4435 784 4489; x_wconf 88' lang='lat'><strong>111.</strong></span> <span class='ocrx_word' id='word_1_570' title='bbox 805 4437 848 4492; x_wconf 78' lang='grc'><strong>38.</strong></span> <span class='ocrx_word' id='word_1_571' title='bbox 871 4439 913 4492; x_wconf 81' lang='grc'><strong>78.</strong></span> <span class='ocrx_word' id='word_1_572' title='bbox 951 4435 1011 4490; x_wconf 85' lang='lat' dir='ltr'><strong><em>Mr.</em></strong></span> 
     </span>
    </p>
   </div>
   <div class='ocr_carea' id='block_1_5' title="bbox 0 0 1420 5070">
    <p class='ocr_par' dir='ltr' id='par_1_11' title="bbox 0 0 1420 5070">
     <span class='ocr_line' id='line_1_58' title="bbox 0 0 1420 5070; baseline 0 0"><span class='ocrx_word' id='word_1_573' title='bbox 0 0 1420 5070; x_wconf 95' lang='lat' dir='ltr'><strong><em> </em></strong></span> 
     </span>
    </p>
   </div>
  </div>
 </body>
</html>
