2828 5070
517 320 646 389 LIBER
675 325 702 405 1,
728 328 760 391 9.
1175 326 1218 393 65

61 495 195 571 portem,
216 505 295 553 esso
316 488 480 552 animum:
501 486 560 552 scd
581 491 641 552 elii
661 491 698 551 in
720 488 833 571 corde,
866 492 926 552 olii
945 492 981 554 in
1002 492 1144 555 cerebro
1165 491 1216 555 ot-

62 580 177 632 xeruut
205 571 313 632 enimi
343 590 415 634 esse
442 571 555 634 sedem
587 581 622 634 et
648 574 767 636 locum.
819 572 976 636 Animum
1008 584 1119 638 autern
1156 576 1216 637 olii

61 655 210 732 fflmsm,
239 650 281 714 ut
307 656 379 716 tore
407 657 532 717 nostri:
577 652 751 732 [Declaret
777 676 915 721 nomene
951 677 1028 720 nuru
1053 668 1087 721 ct
1117 678 1217 742 ogere

91 841 98 855 ⁸
119 841 148 895 ci
185 850 252 895 tum
260 850 343 896 recte
361 845 476 896 confert
491 842 718 897 (milciade
741 844 777 897 N.
797 844 830 898 D.
853 846 876 898 1.
896 843 918 911 5.
938 848 987 901 39:
1013 844 1063 897 ubi
1082 854 1136 898 est:
1156 845 1217 900 eius

61 858 152 975 Uimi
183 913 484 984 ipsisspriseipotam,
504 915 717 984 quiinrnenteet
725 915 837 970 ratione
845 923 984 981 versatur,
1003 917 1034 970 sb
1042 911 1215 983 ἡγεμονικόν.

10 1018 12 1049 ,
61 983 115 1037 uo
134 984 351 1053 Wyttenbscb.
378 986 412 1039 ed
430 986 460 1038 h.
479 986 500 1037 l.
519 1004 547 1056 p.
568 988 629 1041 728.
656 986 699 1037 ed.
720 986 823 1040 Creuz.
851 997 881 1040 et
904 997 993 1041 nostr.
1030 988 1122 1040 Verba
1149 988 1218 1041 aliis

63 1068 105 1108 sss
121 1082 157 1095 -
177 1056 271 1107 leuem
288 1056 391 1110 desunt
409 1057 441 1108 in
459 1056 528 1110 Ood.
548 1056 622 1128 Aug.
660 1056 719 1110 Mr.

122 1125 195 1179 Atii
218 1128 252 1179 s'ss
275 1127 371 1191 corde,
395 1126 450 1180 aas·
475 1127 507 1181 s'n
532 1127 660 1195 cerebro]
696 1128 730 1181 ld
756 1129 918 1182 statuebant
936 1129 1038 1193 Stoici,
1065 1129 1217 1200 Epicurei,

10 1222 12 1263 :
63 1196 224 1267 unicique
249 1197 403 1263 nonnullis
435 1197 494 1250 hoc
524 1198 723 1264 Erasistratus,
750 1200 928 1272 Heropbilus
958 1209 988 1253 et
1017 1200 1216 1274 Pythagorici.

10 1266 12 1291 ¹
62 1267 125 1321 vide
143 1268 184 1319 sis
202 1267 276 1343 Aeg.
296 1269 462 1343 Mensgium
478 1269 515 1321 nd
531 1270 642 1322 Lsertii
661 1271 724 1334 vu,
745 1274 804 1327 159.
826 1280 855 1324 ct
875 1272 969 1342 ipsum
977 1269 1127 1324 buertium
1136 1272 1216 1336 v111,

10 1340 12 1351 '
63 1339 97 1392 Ἀ
133 1337 320 1391 Athenaeum
343 1340 395 1391 lib.
415 1341 453 1393 11.
480 1356 545 1414 pag.
566 1343 610 1396 66.
635 1358 668 1393 aa
694 1343 753 1394 XV.
778 1360 844 1418 pag.
863 1344 924 1399 ost.
953 1343 1080 1413 denique
1104 1342 1218 1395 Pluteo-

10 1458 12 1465 .
63 1406 143 1460 oborn
161 1409 240 1461 rrae.
260 1410 368 1463 Philos-
387 1411 440 1463 lib.
459 1411 508 1464 lv.
528 1428 589 1481 cap.
609 1414 636 1466 6.
673 1411 710 1464 D.

123 1495 191 1548 Alis'
209 1496 242 1551 s‘n
260 1497 388 1564 cerebro]
423 1500 523 1575 Pergit
541 1499 608 1552 Cod.
628 1499 712 1552 Viud.
735 1505 758 1555 1.
778 1498 868 1553 animi
890 1501 984 1554 sedens
1003 1496 1136 1555 et'loearn
1154 1515 1216 1555 esse

63 1563 197 1619 timet.
220 1568 294 1621 Gud.
314 1569 408 1622 sedem
424 1586 486 1622 esse
504 1575 531 1621 et
548 1570 643 1622 lacurn.
663 1570 707 1623 Ad
725 1589 752 1622 v.
771 1572 855 1624 corde
873 1572 1052 1626 Camerarius
1070 1572 1163 1626 addit:
1182 1580 1216 1624 ut

10 1686 12 1691 .
63 1634 245 1705 Aristoteles,
265 1640 528 1694 senescerere
547 1641 639 1694 addit:
657 1649 692 1693 ut
710 1642 799 1695 Plato.
837 1642 898 1695 Mr.

10 1710 12 1755 i
123 1709 265 1762 Aniensem
294 1718 386 1764 aetem
416 1711 471 1764 olii
497 1711 633 1778 animem]
669 1714 794 1764 Ventum
819 1713 880 1765 sive
901 1713 1006 1765 serem.
1051 1713 1217 1767 Lactantius

63 1775 91 1830 de
106 1780 186 1850 Opis.
207 1782 263 1834 Dei
281 1798 342 1853 esp.
366 1786 407 1838 17.
445 1782 589 1834 Nonnulli
606 1783 731 1835 animam
750 1783 885 1834 dixerunt
913 1801 971 1836 esse
998 1790 1119 1850 ventum,
1144 1785 1217 1839 sende

64 1850 153 1902 niusa
180 1853 228 1906 eei
250 1853 359 1906 enirm
378 1868 473 1910 nornen
492 1852 608 1921 aceepit,
638 1853 712 1923 quod
728 1853 833 1905 Graece
854 1861 957 1905 ventus
976 1854 1078 1922 despue
1102 1855 1214 1907 dicitnr.

64 1920 118 1974 ltec
136 1921 229 1976 aliter
246 1924 373 1977 Isidorus
391 1924 471 1999 Orig.
494 1924 544 1976 lib.
564 1925 613 1976 Xl.
639 1940 701 1994 cop.
724 1929 747 1978 l.
786 1924 866 1975 Hunc
895 1925 1002 1979 animae
1028 1924 1217 2001 significatio-

65 2007 123 2045 nem
141 1996 252 2063 pasius
270 1995 375 2047 tribuit
392 2004 500 2059 noster,
524 1994 633 2063 aliique
657 1994 814 2065 scriptores
839 1994 952 2064 optimi.
989 1995 1061 2048 Vide
1087 1995 1215 2048 Nonium

64 2062 90 2114 in
104 2066 216 2131 mirrea,
235 2075 265 2118 et
282 2065 418 2119 Servium
436 2066 470 2118 ud
488 2064 609 2141 Virgilii
628 2066 708 2129 vul,
726 2068 788 2121 403.
826 2065 863 2118 D.

123 2154 261 2207 Asinum
284 2161 378 2208 autern
404 2153 459 2207 atii
476 2152 611 2221 animam]
648 2152 714 2207 Cod.
742 2153 815 2209 Gud.
841 2153 963 2209 animum
988 2162 1080 2209 aetem
1107 2154 1161 2210 otii
1179 2162 1216 2209 set

62 2222 208 2279 animans
226 2242 292 2280 non
309 2228 371 2293 {ere
389 2223 490 2283 nostri.
515 2224 599 2277 Vind.
620 2226 645 2280 2.
665 2223 728 2278 Alii
745 2232 838 2278 autem
855 2225 977 2280 animm
995 2227 1121 2279 aninam.
1159 2228 1228 2281 lto-¹

61 2312 117 2349 orm
135 2296 195 2350 aiii
214 2298 353 2349 omittunt
369 2297 441 2350 Edd.
462 2295 496 2349 A.
515 2296 547 2349 B.
568 2295 596 2349 S.
615 2295 649 2348 Ε.
670 2297 702 2348 1..
722 2296 803 2350 Junt.
823 2295 886 2348 Asc.
908 2301 932 2351 1.
952 2300 978 2353 2.
1003 2299 1074 2349 Ven.
1102 2297 1213 2352 Gesner.

62 2366 120 2420 Post
138 2368 266 2421 animem
283 2385 338 2439 pro
357 2374 388 2421 sst
405 2366 512 2421 habent
530 2368 616 2420 etiam
633 2365 704 2419 Edd.
725 2368 805 2421 Jont.
826 2368 896 2419 Ven.
915 2367 979 2419 Asc.
1000 2369 1026 2422 2.
1046 2399 1079 2410 -
1116 2366 1213 2421 Larnb.

60 2434 155 2493 babet:
185 2439 308 2491 animun
331 2438 425 2492 aot'em
451 2438 574 2505 unimam
592 2437 686 2492 nostri
703 2436 847 2490 declarant
872 2436 1024 2493 nonsinars‘.
1060 2438 1109 2489 fr.
1128 2436 1213 2491 Fabr.

10 2548 12 2553 .
61 2506 141 2563 bsbet
161 2509 288 2563 animum
306 2516 398 2564 autem
414 2508 469 2563 aiii
495 2510 625 2564 aninam.
662 2507 735 2562 Nam
753 2515 779 2560 et
796 2524 881 2577 agere
907 2537 936 2548 -
962 2507 1073 2560 omissis
1096 2507 1213 2563 mediis.

61 2578 152 2645 delita
174 2580 233 2635 hac
259 2581 458 2635 annotatione:
487 2580 658 2645 „consentit
676 2582 887 2651 manuscriptus
913 2596 979 2631 cum
1002 2578 1137 2655 vulgatis,
1163 2580 1214 2649 qui

61 2648 177 2715 babent:
198 2652 323 2705 animem
341 2659 432 2705 uatem
450 2651 504 2705 otii
521 2651 653 2716 animam,
671 2656 701 2703 nt
718 2646 779 2725 [ere
798 2648 890 2705 nostri
907 2648 1050 2703 declarant
1062 2648 1212 2705 nominari.

61 2720 112 2787 [its
130 2724 276 2776 nimirum
294 2723 325 2777 C.
344 2724 377 2773 V.
397 2726 435 2776 Μ.
455 2722 577 2777 Hwolr.
597 2720 678 2775 Boul.
699 2721 812 2792 Gryph.
833 2720 929 2775 Lamb.
950 2724 975 2777 2.
996 2721 1082 2775 Goth.
1096 2723 1163 2776 Rob.
1185 2731 1214 2777 et

61 2792 121 2847 car.
143 2793 247 2864 Stepb.
267 2793 367 2860 leod]
385 2792 513 2847 Manutie
532 2793 621 2846 illud:
650 2799 681 2845 at
698 2794 761 2859 fere
779 2792 874 2847 nostri
892 2793 1049 2859 declarant,
1077 2794 1212 2847 mendum

59 2865 126 2931 olet,
147 2864 269 2935 ideoque
289 2882 347 2917 uon
366 2864 485 2929 dubitat,
515 2864 587 2962 cuin
605 2862 709 2916 melius
736 2864 768 2915 in
785 2864 861 2918 libro
888 2865 1007 2935 antiquo
1025 2864 1152 2939 legatur:
1182 2871 1213 2918 sst

59 2936 118 3001 fere
137 2936 234 3005 ipsum
253 2936 380 2990 declarat
397 2934 515 2989 nemen.‘
544 2936 603 2988 Ian.
624 2933 766 2988 Gebhard.
786 2935 820 2988 ad
837 2935 867 2987 h.
887 2935 907 2987 l.
928 2937 980 2989 sic:
1012 2934 1213 3001 „commiscu-

18 3070 22 3076 .
57 3005 113 3060 invi
141 3009 280 3073 frontem,
308 3016 342 3060 ut
367 3006 534 3060 inducerem
559 3024 593 3058 ex
612 3014 656 3060 tot
681 3005 759 3060 MSS.
786 3006 862 3060 banc
879 3006 1052 3060 lectionem:
1081 3008 1212 3061 Animum

57 3084 149 3133 erstem
167 3079 224 3132 otii
240 3079 373 3143 animans,
391 3085 421 3130 ut
438 3080 499 3144 tere
517 3076 611 3130 nostri
629 3078 773 3131 declarant
791 3094 903 3132 nomen:
922 3087 991 3149 puta
1009 3080 1122 3131 secund.
1143 3086 1209 3129 tert.

57 3159 154 3219 quart.
183 3150 279 3221 quint.
308 3150 378 3203 Pall.
403 3152 484 3202 Mart.
511 3148 611 3201 Gerub.
639 3148 730 3201 vatic.
759 3149 826 3200 Feb.
846 3148 921 3203 Pith.
961 3148 1107 3201 Accedunt
1126 3147 1210 3199 Codd.

57 3220 142 3274 tino
164 3226 190 3277 l.
212 3222 254 3289 (in
272 3238 364 3296 ruarg.
386 3238 422 3273 ex
439 3237 515 3273 corr.
536 3219 658 3286 nomine)
677 3222 702 3275 2.
722 3221 797 3272 Μοιι.
821 3224 844 3274 1.
864 3221 889 3274 2.
913 3218 1002 3272 Rebd.
1030 3221 1099 3293 lieg.
1125 3220 1209 3269 Bern.

56 3292 127 3346 Fdd.
149 3294 186 3345 ti.
207 3294 236 3345 Ρ.
263 3292 403 3362 Reliquae
426 3300 540 3344 veteres
566 3290 672 3343 babent
700 3287 851 3343 nominari.
888 3289 1014 3347 Bentleii
1039 3288 1212 3341 senteutiam

56 3364 137 3417 rides
162 3365 195 3415 in
224 3363 261 3416 ei.
290 3373 386 3417 annot.
423 3362 498 3429 Quae
517 3370 617 3415 contra
643 3378 706 3415 eam
724 3361 901 3445 Verburgius
920 3359 1085 3431 disputavit,
1113 3360 1212 3412 eodem

55 3434 121 3488 loco
141 3435 338 3506 apposuimus:
366 3433 528 3503 ibidemque
552 3433 632 3507 lege's
660 3431 747 3485 etism
764 3430 914 3485 bouhierii
932 3433 1111 3484 senteutiam.
1148 3432 1209 3485 Mr.

130 3522 172 3577 Ut
188 3522 250 3590 sere
268 3522 368 3578 nostri.
403 3521 538 3576 Declarat
565 3537 677 3575 nomen.-
698 3549 731 3560 -
754 3522 819 3591 Ipse
841 3520 920 3573 enim
946 3519 1071 3588 animus]
1107 3522 1211 3598 Vulgo,

54 3602 87 3648 sst
104 3597 171 3662 fere
189 3595 280 3648 nostri
298 3595 445 3648 declarant
462 3609 557 3646 nornen
576 3624 609 3636 —
627 3592 689 3662 ipse
706 3602 803 3646 sutem
821 3600 875 3645 etc.
905 3592 1069 3646 ⁴Emendate
1091 3603 1158 3646 suot
1175 3612 1213 3647 ex

56 3667 219 3719 acutinimi
236 3665 362 3720 Bentleii
381 3664 533 3729 sententio,
563 3663 614 3734 qui
632 3681 715 3717 voces
735 3665 822 3717 etism
839 3663 922 3716 uncis
947 3664 1056 3718 cinctas
1077 3663 1212 3719 delendas

55 3754 127 3804 esse,
146 3752 201 3809 pro
219 3753 252 3789 es
270 3756 326 3808 qus
343 3736 435 3809 pollet
452 3734 638 3806 perspicacis,
657 3735 740 3789 vidit.
778 3735 816 3789 D.

128 3833 161 3879 rst
179 3826 242 3894 sere
259 3826 352 3880 nostri
370 3826 515 3878 declarant
541 3824 647 3891 nomen]
683 3826 796 3890 „Locus
818 3823 868 3877 hic
893 3823 973 3876 varie
996 3824 1115 3899 legitur.
1158 3823 1213 3878 Sed

55 3896 141 3951 nulls
167 3896 237 3949 dum
261 3897 350 3951 lectio
371 3897 447 3949 mihi
471 3905 587 3968 reperta
614 3904 667 3961 est,
691 3912 763 3965 quse
787 3896 854 3947 setis
880 3896 1017 3965 placeret.
1059 3895 1212 3949 Declaravit

56 3985 158 4023 men
175 3968 201 4019 si
218 3968 335 4035 abesset,
353 3968 431 4020 nibil
449 3967 654 4021 laboraremus:
673 3967 825 4042 vulgatum
843 3976 898 4017 est:
919 3982 975 4034 quo
986 3965 1083 4030 verbo,
1103 3969 1213 4021 animae

55 4058 105 4109 sc.,
126 4039 220 4093 nostri
239 4056 292 4110 pro
310 4054 470 4110 synonymo
487 4038 641 4090 utuntur;“
660 4037 729 4093 Ere.
749 4038 875 4102 „Nomen
894 4052 951 4088 non
969 4039 1035 4090 satis
1053 4040 1158 4109 placet,
1183 4048 1214 4093 et

58 4111 202 4166 evicinis
222 4111 340 4164 vocibus
364 4112 517 4165 conflatum
540 4109 636 4163 videri
659 4118 761 4180 potest.
799 4108 965 4162 ostenditur
988 4112 1135 4181 exemplis,
1159 4112 1214 4165 Ro·

58 4184 152 4237 msnis
169 4182 327 4238 verborum
351 4182 510 4235 onimoeet
529 4180 630 4245 ammi,
657 4180 706 4231 ubi
730 4180 765 4232 de
786 4197 844 4231 una
864 4179 991 4233 bominis
1014 4184 1152 4234 facultate
1170 4182 1214 4234 lo·

59 4263 232 4325 querentur,
250 4271 335 4306 usum
352 4255 440 4307 fuisse
458 4250 686 4324 promiscuum.“
709 4250 819 4304 Nissen.
848 4252 989 4305 Gesnerus
1017 4255 1049 4305 iu
1075 4252 1158 4305 Thes.
1178 4255 1211 4304 L.

59 4327 92 4379 h
113 4326 136 4379 l.
156 4346 185 4398 p.
205 4329 268 4382 213.
287 4324 367 4377 hunc
385 4326 481 4378 locum
499 4323 625 4388 laudans,
648 4322 777 4392 scripsit:
806 4322 940 4377 Animum
956 4331 1057 4389 autern,
1082 4323 1135 4375 otii
1151 4322 1214 4374 ani·

59 4412 143 4463 mss,
161 4405 194 4449 at
222 4398 284 4463 {ers
307 4397 401 4450 nostri
428 4395 581 4459 declarant,
605 4392 758 4447 nominari.
794 4394 869 4457 Nam
886 4400 912 4447 et
929 4395 1025 4462 Agere
1036 4393 1163 4446 animam
1185 4397 1213 4444 et

62 4469 172 4535 Efftare
190 4468 328 4522 dicimus:
347 4468 528 4538 eddiditqus:
548 4466 650 4533 „loeus
668 4474 832 4538 corruptus:
859 4466 908 4520 sed
926 4483 941 4518 s
960 4482 1017 4535 quo
1034 4473 1129 4516 tamon
1147 4480 1214 4515 usus

89 4600 171 4645 cem
185 4600 251 4645 rese.
265 4600 331 4658 orep.
344 4601 381 4644 «s.
398 4598 524 4646 noune.
538 4599 560 4643 1.
946 4573 968 4636 b
