2828 5070
514 304 643 369 mono
663 304 691 386 1,
711 307 763 373 ot.
882 397 886 406 Ι
1160 309 1226 379 sss

59 475 242 560 proposito
275 472 375 534 focile
402 471 565 554 patiebar.
607 470 657 537 M.
687 469 798 535 Video
830 482 864 535 te
889 473 956 537 alte
984 480 1147 557 opertere,
1181 479 1265 547 etat

59 560 150 623 velte
178 560 214 618 in
246 557 373 617 caelum
400 557 557 640 migrare.
601 555 640 618 Δ.
663 553 771 637 Spero
805 557 890 634 iore,
921 565 961 619 ut
986 560 1159 643 contingat
1187 557 1264 642 idgp

60 641 176 704 nobis.
217 637 283 700 Sed
305 641 369 715 iac,
401 644 441 698 ut
462 639 520 698 isti
541 637 672 716 volunt,
702 638 832 701 animos
861 658 929 701 non
950 659 1125 703 remanere
1146 649 1225 724 post

61 731 228 787 mortem:
256 719 358 785 rideo
389 740 462 796 nos,
493 720 523 780 si
544 720 592 780 ita
614 721 671 798 sit,
697 723 829 801 privari
861 742 920 804 spe
941 721 1099 787 beatioris
1119 727 1221 789 vitae.

136 927 274 979 oberrare
292 941 310 976 a
325 921 484 992 proposito]
521 922 666 976 Omittunt
685 939 704 977 a
721 943 795 977 unus
814 927 865 979 01.
885 929 960 980 Mon.
982 933 1005 983 l.
1026 928 1097 981 Edd.
1118 932 1221 987 Venl.

62 1003 92 1056 2
111 998 185 1052 Med.
207 1000 232 1052 1.
252 1000 277 1052 2.
298 998 379 1049 Junt.
398 995 465 1047 Ald.
485 993 597 1064 steph„
617 1013 686 1066 quas
704 997 831 1049 eontulit
848 999 944 1050 Reisk.
992 1008 1121 1053 raeterea
1138 1003 1167 1053 l’.
1188 1003 1222 1055 Α.

61 1072 96 1124 B.
116 1070 147 1123 G.
167 1069 235 1121 Rob.
256 1077 286 1120 et
303 1068 366 1119 car.
387 1065 487 1137 Steph.
507 1064 571 1118 Asc.
594 1071 617 1121 1.
638 1069 663 1121 2.
684 1068 761 1121 Cam.
782 1069 890 1121 sturm.
909 1017 991 1122 Boni
1002 1070 1116 1123 Lambb.
1133 1072 1222 1126 Goth.
1304 1102 1306 1107 ·

64 1143 103 1196 ln
120 1141 175 1194 Ed.
195 1140 245 1191 Fr.
263 1138 346 1190 Fabr.
367 1146 410 1190 est
438 1153 456 1188 a
480 1137 707 1206 propositio.
744 1140 809 1192 Reli
832 1141 862 1191 ui
886 1140 956 1192 libri
984 1157 1082 1194 omnes
1108 1142 1224 1210 habent,

63 1221 102 1264 ut
119 1228 170 1264 nos
188 1210 342 1263 edidimus:
371 1226 457 1278 quam
483 1209 641 1262 lectionem
664 1226 723 1262 non
751 1158 868 1263 debdisat
886 1211 1085 1281 Wopkensius
1111 1232 1140 1284 p.
1162 1217 1223 1269 lm.

65 1283 111 1336 ed.
132 1282 223 1334 Hand.
243 1281 348 1333 habere
366 1296 420 1348 pro
440 1280 607 1333 coniectura
625 1281 767 1334 Lambini.
805 1281 887 1334 Coni.
913 1299 1016 1335 novam
1034 1284 1087 1335 Ed.
1107 1284 1226 1340 Foreel-

64 1355 126 1406 lini
152 1351 337 1425 Sohneeberg
361 1369 389 1421 p.
409 1355 435 1406 6.
462 1350 536 1404 med.
574 1351 697 1405 Pessime
715 1351 835 1406 Rathius
863 1354 953 1405 edidit
980 1354 1143 1408 discentem.
1180 1356 1225 1411 Ad

65 1425 241 1479 sententiam
265 1423 378 1475 Nissen.
398 1423 419 1474 l.
441 1439 465 1474 c.
494 1440 522 1492 p.
541 1424 586 1477 28.
605 1422 676 1476 liaeo
700 1424 751 1488 (ad
767 1442 795 1476 v.
815 1424 901 1489 focile
917 1425 1082 1492 potiedorz)
1119 1428 1225 1494 „Gurt

66 1496 139 1566 quia
156 1495 271 1547 nolebat
290 1495 324 1547 de
343 1495 434 1545 altera
451 1502 534 1563 parte
552 1494 661 1558 audire,
689 1511 725 1546 ne
751 1495 775 1545 si
803 1495 959 1548 interirent
983 1497 1099 1565 quidem
1122 1498 1223 1565 animi,

66 1567 226 1637 quiequam
248 1565 318 1617 mali
346 1582 405 1617 esse
433 1564 464 1615 in
488 1573 591 1618 morte.
628 1564 771 1618 Aberrans
799 1566 892 1640 igitur
916 1583 932 1618 a
956 1569 1104 1638 proposito
1123 1569 1224 1624 Cicero

66 1641 167 1691 forsan
190 1638 312 1689 alteram
337 1643 451 1704 partem
474 1635 632 1689 relicturus
659 1644 729 1688 erat.
766 1635 814 1689 Sic
832 1645 898 1708 epte
924 1639 1077 1707 respondet
1094 1642 1222 1696 Mareosr

71 1709 163 1764 Video
181 1714 208 1761 te
226 1708 283 1760 olte
306 1705 463 1773 spectare.“
500 1707 561 1759 Mr.

143 1798 168 1833 c.
188 1782 232 1835 34.
251 1779 294 1832 Μ.
319 1778 407 1833 Video
427 1785 453 1830 te
472 1777 547 1828 alte
564 1776 701 1846 spectare]
738 1777 818 1829 Hono
835 1777 993 1831 lectionem
1011 1796 1078 1832 cum
1096 1781 1128 1833 in
1136 1782 1221 1835 eodo

66 1856 140 1928 lieg.
160 1851 258 1905 laeidd.
287 1856 315 1903 et
342 1867 390 1901 sua
408 1848 462 1901 Ed.
490 1856 548 1899 vet.
569 1850 724 1918 reperisset
740 1848 842 1912 Βοιὼ,
870 1850 1082 1903 commendabat
1104 1853 1154 1904 vir
1171 1853 1226 1905 ille

68 1925 172 1978 doetus
190 1940 226 1975 ex
244 1921 340 1975 Somn.
362 1919 439 1988 Scip.
459 1920 526 1970 Vll:
546 1920 633 1971 Alte
651 1926 777 1987 spectare
795 1918 824 1972 ri
841 1920 925 1985 votes,
947 1926 1026 1987 atque
1043 1919 1115 1974 ione
1132 1924 1225 1976 “dem

67 2003 99 2050 et
117 2003 264 2049 aeternam
281 1993 391 2045 domum
403 1988 538 2044 contueri.
575 1990 728 2043 Ernestus:
749 1989 846 2056 „Edd
865 2000 937 2043 vett.
957 1992 1055 2075 plures
1073 1994 1148 2046 alto.-
1168 2002 1236 2063 qua*

67 2070 165 2121 forma
184 2075 213 2119 et
231 2064 301 2117 alibi
310 2064 412 2117 Cicero
429 2062 532 2113 utitur.
552 2059 608 2113 Sed
627 2070 656 2115 et
674 2063 733 2114 alte
751 2068 879 2129 spectare
898 2071 942 2114 est
961 2081 991 2114 sn
1001 2062 1096 2116 Soron.
1111 2064 1187 2135 Scip.
1196 2070 1221 2122 7.

68 2140 103 2192 in
122 2138 230 2202 eadem,
257 2154 314 2205 qua
330 2135 382 2187 laio
400 2142 452 2199 est,
479 2133 651 2186 sententia.‘·
688 2131 800 2186 liabent
817 2133 875 2186 otte
892 2133 978 2186 Godd.
1004 2152 1111 2200 omnes,
1139 2137 1225 2189 item·

68 2227 128 2281 que
154 2208 226 2263 Edd.
245 2209 316 2259 Ven.
343 2213 432 2258 nostr.
453 2203 517 2256 Asc.
539 2208 563 2258 1.
583 2206 610 2257 P.
630 2204 664 2256 Α
686 2204 713 2258 S.
734 2213 764 2256 et
803 2213 846 2256 ost
865 2204 968 2269 Gelli..
988 2207 1040 2274 qui
1058 2215 1138 2259 recte
1156 2224 1224 2260 eon·

70 2285 132 2335 fert
151 2281 294 2334 Gnecum
313 2276 371 2330 ἄνω
389 2275 510 2342 βλέπειν,
529 2290 634 2327 omnes.
670 2274 716 2328 ild
733 2293 786 2327 ver
844 2280 871 2327 et
890 2275 961 2327 velie
988 2277 1020 2329 in
1037 2278 1145 2330 coelum
1170 2276 1225 2331 mi·

68 2368 162 2421 gron
180 2348 328 2405 commode
344 2347 513 2400 Beroaldus:
540 2362 684 2416 „cupere
707 2362 808 2398 voram
826 2362 886 2398 esse
912 2346 1003 2397 animi
1022 2345 1225 2399 immortalite-

68 2434 140 2490 tem,
159 2431 193 2475 ut
211 2421 300 2491 possis
317 2437 334 2472 a
351 2426 446 2472 morte
465 2417 537 2471 remi
561 2434 625 2470 rare
642 2417 678 2469 ad
697 2417 820 2470 caeleste
839 2415 1033 2482 dornicilium,
1049 2416 1126 2471 unde
1144 2426 1224 2472 ortus

70 2505 115 2550 est
133 2502 164 2547 et
178 2494 260 2566 origo
279 2488 473 2544 animarum.“
510 2434 572 2543 lifr-
759 2516 761 2523 ·

143 2582 180 2635 Et
198 2581 269 2633 aella
287 2579 318 2632 in
336 2579 443 2632 coelum
459 2573 609 2644 migrare]
644 2576 826 2650 Elegantius,
844 2577 962 2631 sinetis
980 2578 1143 2648 literarum,
1163 2581 1227 2653 qui.

70 2655 114 2708 lsis
131 2669 270 2725 personae
288 2651 500 2725 significantur,
525 2646 660 2710 induetis,
687 2648 854 2700 continuata
872 2651 1003 2704 oratione
1028 2652 1068 2704 ita
1096 2654 1225 2729 legatur:

74 2758 109 2770 -
126 2725 271 2792 migrare:
290 2738 374 2790 opero
391 2723 463 2787 sore,
482 2726 513 2772 ot
532 2717 678 2783 contingat
698 2717 732 2797 id
748 2719 841 2784 nodir3
859 2721 910 2774 aed
926 2722 982 2787 foc,
1000 2728 1032 2776 ot
1049 2723 1103 2776 ists'
1119 2727 1226 2796 volunt,

74 2797 187 2850 animos
203 2813 256 2848 non
274 2808 418 2846 remanere
436 2797 501 2860 post
518 2796 651 2842 mortems
668 2789 751 2842 oideo
770 2806 832 2858 nor,
855 2792 884 2844 ai
901 2795 945 2845 ita
970 2793 1021 2862 eit,
1046 2795 1161 2863 prioosi
1178 2815 1229 2868 spe

74 2867 215 2922 beatioris
232 2866 322 2919 vitoe:
341 2864 410 2916 moli
426 2879 493 2915 vero
512 2861 590 2914 ete.“
608 2859 640 2913 P.
659 2860 815 2914 Manutius.
843 2863 945 2917 Probat
962 2864 1037 2918 haue
1055 2871 1228 2923 sententiam

73 2941 190 3004 Brutus,
217 2937 371 3005 laudetque
393 2934 565 2986 baiubiuum
589 2948 777 3001 personarum
800 2935 917 2986 nomina
945 2937 1130 2991 omittentem
1161 2957 1229 2991 cum

75 3012 142 3065 coo.
173 3008 285 3078 Gryph.
316 3025 382 3059 cum
408 3005 479 3058 haec
502 3002 598 3056 omnia
623 3004 791 3073 pertineant
815 3004 851 3057 ad
875 3006 1044 3060 Ciceronem
1067 3010 1226 3062 docentem.

74 3085 129 3136 Pro
146 3087 276 3150 spectare
295 3079 381 3131 llarb.
400 3076 486 3130 habet
504 3089 630 3144 sperare,
661 3075 737 3143 quod
755 3075 858 3126 melius
876 3079 1048 3130 conveniret
1073 3080 1229 3148 scriptioni

76 3157 147 3220 oua,
175 3169 228 3204 nee
251 3167 322 3204 vero
344 3150 502 3201 sententiae
527 3146 683 3200 Ciceronis.
721 3145 802 3199 ldem
824 3146 938 3211 uellem:
966 3156 996 3200 et
1014 3164 1080 3201 mox
1108 3147 1159 3202 doc
1196 3164 1231 3202 ro

75 3227 117 3280 id.
155 3222 285 3275 Davisius
307 3220 433 3274 Bentleii
459 3218 631 3271 sententiam
657 3225 771 3279 secutus
796 3225 847 3280 est,
877 3235 904 3286 q.
924 3235 952 3269 v.
990 3219 1049 3270 Noe
1077 3236 1144 3271 cum
1170 3167 1228 3271 ἔΛ,

77 3294 201 3358 Wolfio,
228 3293 312 3346 Schz.
348 3294 394 3346 Or.
423 3292 544 3342 iacimus
574 3289 605 3339 in
633 3288 763 3358 personis
795 3287 1015 3362 distinguendis.
1058 3292 1112 3343 Pro
1148 3305 1231 3359 epm

75 3366 173 3421 bamb.
193 3365 242 3416 Fr.
262 3364 344 3416 Fabr.
365 3371 393 3414 et
412 3362 535 3416 HWoli.
561 3359 622 3412 siue
646 3359 738 3423 libris,
766 3367 800 3412 ut
817 3358 942 3426 videtur,
970 3359 1112 3414 dederunt
1135 3378 1231 3430 spero·

75 3454 155 3510 que,
173 3435 246 3488 haee
264 3434 398 3489 Ciceroni
416 3434 584 3486 tribuentes.
621 3432 702 3485 Unus
721 3431 771 3483 Ox.
791 3430 877 3482 habet
900 3446 980 3499 spero
1004 3432 1115 3497 forte.
1151 3435 1232 3487 Uim

75 3507 188 3563 omittit
206 3509 263 3573 sor.
301 3505 381 3570 Quod
398 3504 530 3574 sequitur
547 3501 608 3568 isti,
636 3501 746 3556 Stoicos
765 3501 895 3572 respicit.
923 3503 1008 3556 vind.
1027 3506 1053 3560 2.
1083 3504 1156 3559 Gud.
1175 3505 1230 3560 Ed.

76 3583 111 3633 ll.
129 3585 194 3648 port
213 3583 331 3630 mortem
349 3593 405 3630 nou
423 3589 574 3641 remanere.
614 3575 672 3626 Mr.

148 3668 255 3720 video
280 3681 340 3732 nos,
369 3665 397 3719 as*
414 3665 458 3718 ita
484 3665 534 3730 ait,
558 3662 683 3731 privari]
720 3662 899 3721 FAWolfius
917 3681 953 3718 ex
971 3665 1145 3733 coniectura,
1170 3665 1232 3722 siae

75 3739 170 3804 dubio,
191 3739 377 3808 (quamquam
396 3753 489 3806 neque
508 3736 539 3787 in
558 3753 619 3788 var.
638 3734 707 3787 lect.
728 3752 823 3806 nequo
851 3737 882 3788 in
906 3735 1013 3790 scholis
1041 3737 1154 3805 aliquid
1171 3755 1233 3791 mo-

75 3810 162 3877 nuit‚)
182 3808 261 3862 dedit
280 3809 369 3873 vides,
388 3822 510 3876 eumque
529 3805 620 3858 secuti
640 3813 707 3857 sunt
725 3805 811 3859 Schz.
832 3806 879 3858 Or.
899 3806 980 3872 Quod
998 3808 1021 3858 si
1042 3809 1073 3858 in
1091 3823 1150 3858 uno
1169 3817 1233 3860 tan·

74 3893 138 3936 turn
157 3880 261 3934 Codice
280 3879 411 3935 melioris
430 3885 512 3929 notae
530 3877 711 3946 reperissem,
739 3877 888 3946 amplexus
916 3894 1023 3930 essem:
1048 3895 1136 3943 nunc,
1165 3896 1232 3939 cum

75 3954 199 4026 optimos
218 3970 308 4021 aeque
327 3968 358 4002 ac
377 3950 472 4002 minus
490 3947 576 3998 bonos
595 3957 716 4018 occupet
734 3947 826 4011 video,
856 3948 886 4000 id
928 3947 1036 4001 eferri
1054 3949 1154 4019 possit,
1181 3966 1232 4004 no·

75 4043 143 4079 vare
167 4023 280 4092 aliquid
305 4038 361 4073 non
387 4037 468 4072 ausus
491 4035 561 4068 min.
600 4019 660 4070 lam
682 4018 749 4071 vide
778 4018 859 4071 video
903 4020 1085 4072 esendenter‘n
1110 4022 1143 4074 n.
1164 4022 1232 4079 Klo-

74 4098 169 4149 tzium
189 4097 219 4145 in
238 4093 338 4145 Jahnii
357 4091 472 4142 Annall.
494 4091 570 4143 1834.
591 4091 616 4142 9.
636 4105 664 4158 p·
685 4090 728 4142 40.
750 4116 783 4129 -
819 4093 872 4142 Pro
888 4090 1001 4158 privari
1026 4107 1075 4160 spe
1098 4092 1183 4145 vind.
1205 4095 1229 4147 l.

74 4168 161 4220 halet
180 4181 228 4234 ape
244 4162 366 4232 privari.
404 4164 485 4215 Unus
508 4162 557 4213 Ox.
587 4160 619 4223 fit
637 4174 692 4228 pro
710 4159 760 4225 rit,
788 4177 823 4212 ex
840 4178 938 4232 prava,
962 4170 996 4214 ut
1013 4164 1140 4229 ridetur,
1169 4179 1232 4215 cor·

75 4239 206 4292 rectione
231 4235 360 4288 hominis
382 4233 513 4296 alicuius,
541 4230 593 4301 qui
622 4230 840 4283 coniunctivum
867 4248 923 4284 non
957 4242 1159 4303 concoqueret.
1197 4234 1232 4287 in

74 4327 155 4380 seqq.
176 4325 250 4358 unus
269 4309 319 4360 Ox.
340 4306 437 4371 offers,
467 4302 543 4372 quod
561 4301 633 4355 item
652 4301 771 4374 ingenio
789 4303 961 4359 correctoris
988 4303 1086 4357 deberi
1103 4305 1230 4356 videtur.

72 4382 130 4435 Pro
148 4379 206 4432 isto
225 4376 308 4441 solus,
327 4387 360 4428 ut
379 4376 504 4439 videtur,
524 4371 583 4425 Alt.
603 4372 695 4426 edidit
714 4371 776 4427 itta.
798 4373 992 4450 Intelligends
1008 4389 1079 4428 vero
1094 4382 1139 4426 est
1156 4373 1232 4427 stoi-

74 4469 179 4506 corum
196 4449 346 4504 sententia.
384 4446 445 4501 Mr.

980 4547 1047 4614 18*
