2828 5070
201 288 270 357 431
331 356 335 361 ,
401 282 633 350 CICERONIS
654 282 902 352 Tuscum.
926 284 1159 351 DISPUTAT.

202 449 415 535 etiamquod
435 459 521 515 esset
550 470 588 515 ea
608 453 752 514 maxima
780 451 913 515 dicendi
933 454 1146 516 exercitatius
1178 472 1246 534 qua
1267 455 1363 534 priu-

201 557 278 618 ceps
300 556 379 599 usus
400 543 451 599 est
469 535 680 610 Aristoteles,
703 534 835 613 deinde,
858 555 934 597 eum
953 539 1011 616 qui
1030 537 1136 597 secuti
1157 545 1246 597 sunt.
1293 536 1363 598 No-

201 628 273 683 stra
294 628 405 680 autem
426 618 588 679 memoria
608 618 716 704 Philo,
737 638 834 699 quem
856 639 916 680 nos
936 621 1130 701 frequenter
1156 617 1364 698 audivimus,

202 703 351 764 instituit
372 702 437 762 alio
458 707 610 782 tempore
629 701 807 764 rhetorum
829 709 1006 781 praecepta
1026 701 1173 777 tradere,
1196 703 1264 762 alio
1288 701 1363 782 phi·

203 785 430 866 losophorum.
477 780 529 844 Ad
560 803 657 865 quam
689 804 750 845 nos
776 784 1053 846 consuetudinem
1085 804 1103 846 a
1139 785 1361 846 familiaribus

204 869 328 929 nostris
360 864 506 940 adducti,
540 866 576 926 in
609 863 812 942 Tusculano,
850 865 939 947 quod
970 865 1084 927 datum
1112 874 1164 926 est
1198 869 1363 946 temporis

204 951 311 1026 nobis,
343 949 378 1009 in
404 966 444 1008 eo
472 949 746 1029 consumpsimus.
789 948 915 1029 Itaque,
950 970 1051 1029 quum
1080 958 1155 1009 ante
1183 947 1363 1011 meridiem

204 1030 344 1094 dictioni
373 1049 509 1111 operam
535 1028 750 1101 dedissemus,
788 1033 875 1090 sicut
907 1029 1018 1112 pridie
1053 1033 1247 1106 feceramus,
1288 1040 1364 1113 post

205 1113 380 1178 meridiem
407 1113 443 1172 in
472 1112 681 1174 Academiam
716 1111 955 1177 descendimus.
999 1112 1037 1173 Iu
1070 1133 1132 1196 qua
1161 1111 1364 1195 disputatio-

210 1238 1368 1268 ..ῥ’-*-ῇ-τ-ῄ--η-

206 1301 307 1373 steph.
334 1301 400 1353 Ald.
423 1300 509 1353 Leod.
529 1299 600 1353 Dav.
625 1300 770 1356 FAWoli.
796 1299 879 1352 Schz.
908 1300 955 1353 Or.
982 1300 1099 1370 Reliqui
1123 1316 1191 1354 aaa
1216 1317 1361 1371 quaque.

206 1374 286 1427 lllud
303 1371 443 1442 probabat
461 1373 548 1423 etism
568 1370 711 1426 Goerenz.
731 1370 767 1424 ad
785 1372 845 1424 cic.
865 1371 900 1424 dc
919 1371 1004 1424 Finn.
1024 1373 1055 1426 V.
1076 1375 1101 1426 1.
1122 1375 1147 1427 6.
1168 1388 1195 1442 p.
1207 1376 1269 1428 535.
1292 1373 1360 1427 eoa

205 1443 296 1499 Rehd.
316 1442 402 1494 habet
420 1441 517 1493 simile
534 1442 605 1498 vers'.
624 1440 709 1495 Vind.
727 1446 754 1498 1.
775 1443 877 1507 soret
894 1444 955 1495 cers'
971 1443 1072 1496 airnr'le.
1091 1442 1160 1496 Rea.
1188 1453 1217 1495 at
1236 1443 1314 1498 Gud.
1336 1450 1361 1500 1.

205 1514 351 1568 inuenire.
381 1511 455 1564 Gud.
483 1514 509 1567 1.
541 1513 691 1565 inveniret.
728 1512 764 1565 ln
787 1531 865 1582 seqq.
894 1528 928 1566 ea
952 1522 1020 1583 post
1041 1520 1115 1565 esset
1132 1489 1218 1566 ‘inest
1243 1515 1278 1566 ab
1303 1532 1362 1569 uno

207 1585 276 1640 (lod.
297 1584 347 1637 Ox·
367 1600 424 1650 qua
441 1598 513 1635 voce
532 1600 632 1638 carere
650 1599 709 1635 non
727 1591 823 1653 potest
841 1584 933 1649 locus,
952 1601 1017 1637 cum
1038 1584 1219 1658 singularem
1237 1584 1290 1638 hic
1308 1587 1361 1639 ha·

203 1656 270 1711 beat
295 1663 325 1716 et
342 1654 528 1722 {primarium
549 1670 666 1707 ⁴sonum.
702 1654 777 1708 Male
802 1655 874 1707 item
893 1655 948 1708 duo
968 1656 1038 1709 Oxx.
1063 1657 1204 1708 martinae
1227 1673 1284 1725 pro
1302 1673 1364 1710 mu·

205 1729 292 1782 riusa.
329 1726 397 1793 linx
413 1722 565 1779 Rebd.·est
584 1739 658 1780 usae.
678 1724 722 1778 Ad
740 1725 916 1778 sententiam
935 1725 993 1777 rid.
1022 1726 1082 1779 Cic.
1109 1727 1144 1779 da
1170 1727 1217 1780 Or.
1239 1728 1363 1792 111‚1s,

206 1802 251 1856 tl.
270 1801 316 1863 ll,
334 1797 378 1852 80.
398 1795 435 1849 de
453 1794 539 1848 Fiun.
559 1796 592 1847 V.
612 1799 637 1850 4.
659 1799 701 1850 1⁰.
720 1796 756 1849 de
773 1797 839 1848 Nat.
857 1795 959 1849 Deorr.
971 1797 992 1848 1.
1012 1800 1037 1853 ὅ.
1057 1796 1107 1848 ubi
1126 1798 1184 1849 vid.
1205 1798 1249 1851 ed.
1268 1807 1360 1852 nostr.

207 1878 237 1926 at
255 1868 304 1923 Cr.
325 1867 390 1932 mai.
409 1884 438 1936 p.
458 1869 494 1922 11
513 1883 554 1935 sq.
591 1865 768 1941 intelligere
786 1867 957 1921 Ciceronem
977 1869 1017 1920 ait
1036 1868 1179 1922 uawou.
1200 1870 1232 1921 in
1250 1869 1363 1922 scholis

206 1938 357 2004 Ιπιδεὶξεις,
384 1955 454 2007 quas
477 1936 654 2006 posteriores
672 1937 838 1989 Academici
864 1955 955 2007 acque
972 1957 1006 1990 ao
1023 1939 1209 2008 Peripatetici
1234 1940 1269 1992 ad
1294 1940 1364 1993 Ari·

207 2011 507 2134 stoteleulpfauctorem
526 2007 699 2061 retulerunt.
736 2007 791 2062 Pro
809 2024 869 2062 eam
887 2008 934 2077 qus'
953 2008 1040 2064 Cudd.
1061 2010 1134 2065 Gud.
1154 2017 1185 2063 et
1201 2009 1295 2064 Rebd.
1314 2011 1363 2080 qui

243 2099 279 2134 m.
352 2096 375 2132 r.
1246 2131 1248 2135 ,

207 2098 241 2207 lu
277 2151 385 2205 Nostra
403 2158 494 2205 autem
511 2153 646 2208 mamma
664 2149 755 2222 Piae,
774 2153 865 2226 quem]
900 2157 982 2210 Unus
997 2157 1047 2212 Ox.
1065 2155 1257 2226 philosophiae
1274 2171 1362 2224 qaam

206 2240 262 2297 pro
281 2222 371 2289 Patro,
392 2239 477 2289 quem.
513 2260 533 2287 ,‚
543 2227 577 2277 Μ.
598 2225 715 2279 Tullius
735 2245 764 2281 se
783 2234 876 2281 totum
895 2227 1018 2281 tradidit
1036 2227 1164 2294 Philoni,
1191 2227 1361 2283 Academiae

207 2295 347 2368 principi,
376 2302 412 2346 ut
433 2296 497 2364 ipse
520 2297 550 2348 in
568 2297 660 2350 Bruto
681 2305 817 2363 testatur,
843 2299 1008 2351 admirabili
1028 2300 1152 2369 quodam
1176 2301 1210 2352 ad
1227 2297 1363 2350 Philoso-

207 2365 306 2437 phiam
327 2365 422 2419 studio
442 2368 612 2431 concitatus,
636 2384 703 2420 cum
728 2367 781 2421 ills
809 2369 840 2421 in
864 2369 942 2422 ballo
961 2368 1159 2424 Mithridatico
1182 2372 1266 2423 domo
1291 2384 1366 2438 pro·

206 2439 332 2512 fugisset
348 2437 526 2557 Romamqpe
543 2438 684 2524 venisset..
716 2439 876 2524 Antiochus
902 2439 1063 2511 discipulus
1090 2451 1190 2525 contra
1208 2440 1365 2522 Philonem

208 2508 461 2701 liffffffi
479 2507 595 2632 lili.
609 2508 1213 2660 {ididariiffliiidflniidaiiliiiii’.
1227 2530 1275 2634 ⁰3¹:
1295 2526 1366 2634 lli:

207 2649 276 2703 lone
316 2647 428 2701 chiitzii
445 2650 515 2703 Lex.
536 2650 596 2703 Cic.
616 2649 649 2703 ’1.
669 2650 692 2703 1.
711 2668 742 2722 p.
761 2654 823 2707 314.
850 2652 998 2705 Plutarch.
1026 2655 1059 2706 in
1077 2657 1136 2707 vit.
1159 2652 1218 2706 Gic.
1237 2657 1262 2710 3.
1302 2654 1362 2705 Mr.

279 2716 421 2773 rhetorum
446 2719 606 2789 praecepta]
643 2722 665 2774 i.
685 2739 708 2775 a
732 2721 887 2775 rhetorica.
926 2726 1017 2789 „lloc
1040 2724 1074 2778 ab
1100 2723 1257 2778 Aristotele
1283 2725 1366 2776 Peri-

207 2789 402 2862 pateticorum
429 2791 565 2862 principa
591 2793 756 2846 factitatum
784 2801 836 2857 est,
865 2795 915 2861 qni
938 2802 1055 2865 tempus
1081 2796 1261 2848 matutinam
1280 2795 1366 2847 dabat

210 2861 379 2944 exercendis
403 2863 603 2945 acroarnaticis
631 2863 684 2947 (ita
710 2864 789 2916 enim
815 2873 958 2947 pacantur
975 2867 1229 2920 commentationes
1248 2866 1366 2918 Aristo·

207 2932 375 3087 illust:
390 2931 702 3073 ttdtdlltltlt
715 2934 1367 3071 attiti’lddtztuatt‘ltt‘aaz}

209 3091 280 3135 raca,
299 3072 391 3125 idest
415 3075 543 3127 extraria
561 3074 737 3126 nominabat.
774 3076 944 3128 Matutinam
969 3075 1207 3127 exercitationem
1231 3072 1367 3142 appellat

109 3164 113 3168 ’
209 3142 334 3197 landrada
353 3145 504 3210 περίπατον
521 3145 541 3196 i.
562 3159 585 3196 e.
605 3144 809 3198 diluculariam
833 3145 1071 3199 ambulationum
1097 3144 1217 3198 alteram
1242 3161 1367 3211 vesper-

210 3217 311 3280 tinam,
332 3213 449 3267 δειλινόν
469 3214 488 3268 i.
509 3231 532 3266 e.
552 3213 793 3282 pomeridianam:
813 3225 938 3286 utroque
957 3216 1033 3270 enim
1053 3224 1185 3285 tempore
1212 3216 1366 3269 ambulans

209 3285 374 3340 disserebat.
391 3284 578 3337 “Beroaldus
615 3285 683 3337 Post
701 3287 815 3339 tradere
833 3306 907 3339 uuus
926 3288 977 3340 01.
997 3296 1026 3340 ut
1044 3285 1113 3341 eod.
1126 3285 1216 3339 Rehd.
1234 3296 1367 3359 pergunt

210 3357 329 3410 etalio.
367 3355 535 3423 Postquam
553 3372 626 3408 unus
644 3355 694 3407 Ox.
716 3359 827 3410 omittit
844 3373 901 3410 aas.
941 3357 986 3409 Ad
1005 3360 1092 3411 verba
1110 3359 1183 3426 qaod
1206 3359 1366 3410 detumeat

210 3426 342 3494 temporis
361 3422 515 3477 Riihnerus
534 3427 648 3479 confert
666 3425 726 3483 Cic.
746 3428 780 3481 de
800 3427 864 3482 Seu.
885 3431 928 3482 19.
949 3429 1042 3497 quod
1068 3429 1168 3497 cuique
1191 3429 1366 3497 temporis

210 3496 411 3551 adnitendum
435 3494 535 3547 datar:
566 3497 601 3547 de
620 3496 673 3548 Off.
693 3498 715 3549 Ι.
735 3501 762 3554 b.
782 3502 830 3553 19:
857 3499 932 3568 qarod
951 3530 984 3540 -
1003 3514 1116 3566 operae,
1128 3514 1265 3565 caraeque.
1290 3499 1365 3552 Add.

212 3566 350 3621 Ochsner.
368 3564 404 3616 ad
422 3562 482 3616 Cic.
502 3562 624 3640 Eclogg.
644 3584 673 3635 p.
695 3571 754 3638 138.
775 3569 818 3621 ed.
837 3571 864 3623 3.
887 3600 919 3621 .-
937 3567 1001 3622 Duo
1020 3569 1090 3624 Ou.
1112 3577 1220 3623 tantam
1237 3587 1291 3638 pro
1316 3572 1368 3623 da-

212 3644 280 3691 tam.
299 3632 383 3690 Vind.
404 3640 427 3688 1.
449 3636 559 3693 omittit
577 3637 666 3692 nobis.
685 3637 786 3693 Duisb.
804 3638 891 3693 habet
909 3640 988 3692 nobis
1006 3642 1149 3708 temporis.
1189 3642 1249 3694 Mr.

211 3739 214 3748 ·
282 3709 314 3760 ἐκ
332 3723 369 3759 eo
388 3708 616 3775 consumpsimus]
653 3709 688 3765 In
712 3709 755 3763 ed.
774 3712 800 3766 2·
827 3711 940 3780 recepit
957 3708 1028 3763 Dav.
1048 3713 1246 3765 Bentleianam
1271 3730 1367 3766 emen·

212 3780 359 3835 dationem
377 3776 407 3830 ἐκ
426 3793 480 3831 ea.-
500 3779 548 3832 sed
566 3788 596 3834 et
614 3780 725 3850 ipsein
744 3782 832 3835 tertia
851 3782 886 3835 ad
903 3781 1052 3856 vulgatam
1071 3783 1169 3847 rediit,
1199 3791 1228 3835 et
1241 3789 1368 3851 'praeter

212 3869 280 3909 eum
298 3849 456 3915 neminem,
483 3849 558 3918 quod
577 3853 676 3916 sciam,
701 3851 908 3920 obsequentem
933 3860 1034 3906 nactam
1061 3862 1105 3906 ast
1122 3853 1279 3907 Bentleius.
1308 3859 1368 3909 Me·

212 3924 281 3976 rito.
319 3923 392 3974 Nam
411 3920 443 3973 s'a
462 3935 493 3973 eo
512 3920 700 3975 referendum
719 3931 763 3976 est
779 3923 814 3975 ad
833 3923 872 3986 id,
891 3922 968 3994 quod
994 3942 1024 3977 sa
1050 3927 1148 3977 facere
1176 3925 1270 3977 solere
1289 3925 1369 3979 dixit

214 4008 281 4045 cum
308 3991 513 4052 familiaribus,
547 3993 688 4044 nimirum
719 4001 751 4045 ut
774 4000 803 4046 et
827 3991 978 4047 rhetorum
1004 4003 1159 4065 praecepta
1183 3997 1369 4050 traderet.et

213 4061 467 4134 philosophorum.
506 4061 589 4115 Prius
618 4063 695 4117 idem
719 4072 779 4128 est,
811 4066 889 4134 quod
922 4081 991 4118 mox
1013 4066 1086 4117 dicit
1111 4066 1228 4118 dictioni
1252 4083 1369 4136 operam

215 4135 293 4196 dare,
314 4133 390 4201 quod
409 4132 479 4185 alibi
499 4133 585 4184 etiarn
604 4133 713 4187 dicitur
729 4135 896 4201 declamare,
914 4154 941 4188 v.
962 4153 986 4189 c.
1007 4136 1043 4190 da
1062 4137 1147 4189 Finn.
1169 4137 1205 4190 11.
1226 4139 1251 4189 2.
1278 4139 1369 4191 nimi-

144 4244 149 4253 .
215 4223 282 4259 rum
302 4203 520 4267 exercitationis
538 4220 630 4256 causa.
668 4205 724 4257 Pro
743 4207 815 4260 sinat
834 4224 909 4262 unus
927 4206 977 4259 01.
998 4208 1048 4264 aia.
1069 4209 1143 4283 Aug.
1170 4209 1262 4261 sicuti.
1300 4211 1369 4263 Post

214 4275 359 4329 sirmidiem
378 4271 451 4324 Gud.
474 4279 498 4328 1.
519 4274 630 4327 omittit
655 4275 695 4341 ia,
722 4277 887 4347 absorptum
915 4279 949 4330 ab
968 4278 1072 4332 ultima
1097 4280 1298 4349 praecedentis
1318 4296 1370 4334 vo-

216 4347 311 4401 cabuli
337 4345 431 4396 litera.
453 4342 528 4396 Gud.
547 4347 573 4400 2.
594 4364 610 4398 a
627 4362 674 4416 pn
692 4347 837 4405 mbabet
854 4349 1077 4402 descendamus.
1114 4351 1174 4403 Mr.

287 4418 318 4470 in
336 4413 528 4482 Academiam]
551 4416 634 4489 ,Fuit
656 4415 729 4474 haec
751 4435 819 4490 pars
846 4419 1004 4495 Tusculani
1023 4420 1219 4493 ciceroniani,
1246 4423 1280 4477 ab
1303 4421 1371 4493 ipso
