2828 5070
126 312 192 383 sse
331 310 564 411 o1oenou1s
583 308 833 379 rusoousu.
853 310 1102 380 morerer.

128 480 216 543 lumi
239 479 333 562 quusi
356 478 536 559 desumo,
558 498 625 542 uon
646 479 690 543 de
710 479 953 542 relaberetur.
1000 477 1104 543 Quid
1133 496 1193 542 me
1219 477 1304 563 ded-ff

127 565 191 647 pie,
216 561 329 625 Zenol
352 563 439 625 Nem
460 583 561 644 quum
582 562 628 641 id,
661 562 748 645 quod
769 563 852 624 mihi
874 560 1047 624 horribile
1081 560 1289 642 videratur

126 648 264 708 omnino
285 646 410 707 malum
432 665 532 732 neges
554 664 635 719 esse,
658 648 790 727 capior:
813 653 847 708 et
866 648 953 706 scire
965 647 1092 727 cupio,
1118 666 1196 728 quo
1211 644 1290 709 mols

125 727 173 798 id,
196 727 282 810 quod
306 750 367 830 ego
390 730 616 791 miserrimum
637 731 835 805 existimem,
867 747 908 788 ne
928 728 1060 788 melum
1084 727 1234 811 quidem
1252 733 1290 792 sit

126 811 221 874 Nihil
242 821 302 891 est,
325 814 446 893 inquit,
468 813 602 889 malum,
625 813 690 873 nisi
711 811 799 895 quod
820 820 919 893 turpe
934 819 1039 892 atque
1054 813 1232 874 vitiosum
1247 821 1290 874 est
1311 812 1315 821 “

132 936 190 948 .-
270 941 318 946 .-.
521 940 561 945 -
583 938 722 946 --..-
744 936 1020 945 .-..-.------..-

126 940 237 1036 usculis
255 940 400 1050 anguinei
414 941 511 1035 Par-id.
531 996 658 1051 prooem.
680 985 708 1036 l:
729 980 810 1044 Galo,
833 978 975 1047 perfectus
994 1005 1032 1016 -
1051 977 1185 1032 Stoicus
1206 1008 1239 1019 -—
1253 978 1292 1033 ni·
1318 986 1322 1017 ³

127 1055 206 1107 nutis
224 1053 517 1123 interrogatiunculis,
536 1051 619 1119 queri
634 1052 756 1120 punctis,
781 1065 848 1120 quoe
870 1049 1035 1118 proposuit,
1067 1050 1186 1115 efficit.
1225 1051 1293 1104 Dni-

127 1127 204 1179 sium
220 1135 333 1179 secutus
352 1134 394 1177 est
411 1124 482 1179 Ero.
508 1124 559 1194 qui
586 1124 657 1177 item
676 1123 869 1175 accusativum
894 1120 1006 1193 reperit
1033 1121 1068 1172 in
1088 1121 1171 1175 cod.
1198 1122 1291 1185 crete,

127 1213 221 1267 neque
241 1198 393 1280 quisquam
419 1204 483 1267 post
507 1212 572 1247 eum
598 1194 754 1246 ablativum
779 1190 912 1255 reduxit3
942 1192 973 1243 in
991 1206 1029 1244 eo
1049 1195 1247 1262 ruotoloytur
1261 1195 1292 1247 iu·
1324 1230 1328 1239 .

128 1285 187 1321 esse
196 1269 344 1321 contendit
355 1266 421 1320 Bill.
432 1267 542 1319 Habent
552 1273 648 1318 eutem
658 1263 834 1316 ratiunculas
843 1262 897 1314 duo
908 1260 977 1315 Oxx.
987 1261 1065 1347 fleg.
1078 1263 1226 1320 cuum
1235 1264 1290 1390 Aa.
1322 1242 1329 1297 3

127 1339 214 1392 lllarb.
226 1338 314 1391 liehd.
327 1338 421 1390 Duisb.
433 1337 506 1391 Gud.
516 1336 600 1388 Vind.
611 1338 673 1397 1.2;
693 1335 760 1388 Cod.
773 1338 846 1387 ltlou.
857 1335 882 1387 2.
895 1333 969 1385 mire
982 1336 1226 1389 retroversus-ulie.
1246 1376 1254 1390 .
1285 1375 1290 1386 .

199 1411 282 1478 quoti
299 1410 333 1462 de
351 1410 442 1472 cerlo,
462 1425 515 1460 non
540 1407 574 1460 de
600 1423 633 1460 re
657 1405 822 1472 laboretur]
859 1404 900 1456 De
923 1403 977 1456 hec
1004 1409 1244 1462 constructione
1259 1423 1291 1459 so·
1327 1462 1329 1477 Ι

127 1488 226 1532 curate
250 1481 394 1550 praecipit
418 1480 507 1531 Hand.
537 1479 568 1529 in
592 1477 758 1530 Tursellino
777 1478 798 1530 l.
819 1494 847 1547 p.
866 1476 920 1529 itt
938 1491 979 1544 sq·
1018 1476 1109 1530 Unus
1131 1478 1190 1532 0¹.
1210 1478 1290 1541 habel,

126 1558 193 1601 unte
221 1566 285 1614 nou,
312 1550 433 1625 glossam
458 1550 515 1605 red.
554 1552 619 1601 Non
643 1548 834 1601 necessarium
860 1562 919 1598 esse
945 1546 1080 1602 scribere
1108 1550 1167 1602 sed
1184 1568 1239 1604 nos
1254 1548 1290 1602 vel

127 1634 162 1672 uc
179 1637 230 1672 non
250 1629 347 1673 monet
366 1622 453 1674 etiem
473 1620 561 1673 0rell.
585 1620 619 1672 ad
643 1618 748 1672 Wolfli
773 1617 894 1679 scholas,
920 1616 1051 1670 similem
1078 1636 1120 1691 op
1145 1623 1289 1675 ositioueu
1322 1662 1326 1669 .

126 1689 243 1744 laudans
262 1709 297 1744 ex
314 1692 390 1746 libro
409 1694 431 1746 1.
452 1692 487 1744 de
504 1693 541 1744 N.
561 1691 595 1743 Il.
615 1693 641 1745 8.
660 1692 709 1745 20:
729 1689 809 1741 cuius
824 1686 999 1757 principium
1009 1690 1095 1758 aliqu
1158 1693 1212 1759 cit,
1230 1689 1290 1746 sibl

125 1761 167 1816 et'l
184 1769 352 1817 extrarium:
380 1765 414 1817 ed
432 1782 518 1833 quem
536 1763 633 1815 locum
650 1778 679 1813 v.
700 1776 752 1813 uos
770 1761 801 1812 in
819 1759 872 1812 Ed.
893 1762 962 1811 min.
981 1779 1010 1833 p.
1034 1766 1082 1816 17.
1123 1762 1226 1830 Qum
1246 1778 1288 1817 nee

125 1850 178 1889 uos
197 1852 262 1887 cum
282 1835 402 1889 Matthia
420 1837 541 1887 facimus
560 1849 600 1885 uc
617 1848 671 1885 son
689 1832 873 1886 coniiciente.
911 1829 971 1884 Mr.

198 1906 273 1962 Quid
296 1923 339 1958 me
362 1906 475 1974 decipit,
505 1903 621 1972 Zenol]
658 1903 743 1957 codd.
769 1904 838 1979 Reg.
866 1901 941 1954 Gud.
969 1905 993 1956 l.
1021 1903 1173 1974 decepis.
1207 1903 1284 1960 llehd

126 1976 266 2045 deceptos.
285 1977 381 2028 Duisb.
402 1978 514 2030 Zenone
541 1993 629 2046 quam
649 1974 837 2045 scriptionem
854 1988 912 2024 nou
931 1988 990 2027 esse
1007 1975 1199 2045 probandam
1215 1977 1284 2031 doocl

126 2047 160 2100 ll.
190 2050 221 2098 1..
249 2047 460 2100 Schneider
488 2048 587 2098 Ausl'.
619 2046 695 2097 lant.
724 2043 896 2115 Spruchl.
923 2044 961 2096 11.
993 2047 1017 2098 1.
1049 2046 1282 2102 Formati

125 2133 154 2189 p.
174 2119 226 2172 275
245 2135 286 2186 sq.
324 2118 394 2170 Eius
413 2118 538 2170 nominis
556 2117 620 2169 loco
639 2116 706 2169 Cod.
727 2116 813 2169 llerb.
842 2115 927 2167 hebet
953 2121 1046 2168 etone.
1076 2117 1230 2175 Zenonem
1245 2134 1284 2171 no·

125 2187 238 2240 minens
256 2205 355 2242 omnes
374 2188 486 2242 Stoicos
503 2187 527 2240 si
550 2188 658 2252 nificat,
677 2195 812 2239 mouente
830 2185 943 2240 Wolfio
961 2188 993 2237 in
1011 2186 1135 2242 scholis.
1159 2192 1196 2245 ln
1214 2207 1281 2261 seqq.

125 2275 199 2311 uuus
219 2260 270 2313 0x.
290 2266 382 2313 tomen
400 2277 453 2331 pro
472 2266 510 2313 tu.
559 2259 606 2310 ud.
616 2261 642 2314 Ἃ.
662 2256 756 2310 ocimo
773 2254 961 2328 proemium
979 2257 1059 2311 idem
1079 2276 1153 2313 cum
1167 2263 1249 2315 Viud
1263 2266 1282 2317 1.

124 2329 856 2399 negusmolumesse,1)uisb.neguseseemolum.
885 2329 995 2400 Scripsi
1014 2338 1117 2383 sutem
1137 2349 1210 2385 cum
1223 2334 1282 2386 nav.

125 2404 230 2455 molum
249 2421 336 2471 negas
355 2419 414 2457 esee
433 2422 467 2456 ex
486 2404 571 2457 eodd.
593 2401 666 2456 Gud.
689 2406 712 2457 l.
734 2400 876 2471 [suspicor
893 2399 959 2452 iude
984 2401 1075 2453 etiem
1095 2403 1138 2455 lle
1163 2404 1225 2457 'um
1249 2403 1283 2454 sio

124 2473 241 2539 habere]
261 2477 333 2551 Aug.
345 2478 418 2527 llon.
431 2480 454 2529 1.
463 2477 488 2528 Ἰ.
499 2474 585 2526 lllsrb.
597 2474 668 2526 Cum
676 2471 772 2524 Dulsb.
782 2470 894 2524 faciunt
902 2470 974 2523 Edd.
986 2470 1015 2524 S.
1026 2472 1079 2536 E.;
1100 2490 1134 2526 so
1147 2492 1184 2526 ue
1196 2476 1255 2527 Asc.
1263 2479 1282 2529 l.

126 2553 156 2597 et
169 2545 277 2626 sturm.
297 2546 436 2598 exhibent
444 2546 547 2630 molem
560 2560 621 2598 esee
635 2561 674 2598 ne
679 2562 700 2613 g
709 2559 762 2608 est
777 2544 910 2627 reliquae
920 2543 1023 2627 neotum
1033 2558 1210 2631 essemus.
1231 2547 1283 2600 Mc.

125 2614 881 2758 cultilis*ltili?¹22¹..51’ltzl’ptlllzl
904 2613 980 2747 Ill?
996 2617 1284 2741 {andilli

125 2770 183 2806 non
207 2773 275 2809 esse.
313 2757 413 2826 ltaque
436 2759 533 2825 capior
558 2757 678 2828 perinde
704 2759 781 2810 valet
809 2764 894 2825 etque
919 2754 1065 2808 ineteor.“
1093 2756 1283 2812 Passeratius.

124 2825 284 2891 „Davisius
302 2829 432 2896 primum
451 2829 609 2898 explicavit
627 2828 764 2881 delector:
792 2834 889 2897 postea
906 2825 982 2879 huno
999 2827 1234 2898 explicationem
1251 2830 1285 2881 si·

124 2894 216 2949 lentio
239 2898 358 2967 pressit3
383 2908 518 2969 reputans
546 2901 606 2951 sine
631 2900 715 2951 dubio
741 2899 797 2952 hoc
821 2914 878 2950 non
903 2897 1060 2950 convenire
1085 2897 1214 2965 homiui,
1240 2899 1284 2953 cui

124 2967 208 3021 dolor
233 2986 278 3021 res
304 2969 398 3021 tristis
423 2979 508 3040 etque
535 2970 677 3022 terribilis
701 2970 860 3022 videretur.
904 2966 1013 3036 Copior
1040 2968 1139 3045 igitur
1169 2972 1286 3042 explico

123 3040 276 3108 perturbor
295 3039 375 3103 (rous
393 3039 666 3106 m'embarressez).“
684 3038 817 3095 Boulier.
855 3039 958 3092 Melius
976 3040 1285 3111 utroquefflnems:

125 3112 253 3181 allicior,
272 3113 316 3165 rei
335 3112 461 3165 novitate
480 3112 602 3165 allicior.
641 3113 700 3165 Mr.
1010 3112 1013 3117 '

196 3184 271 3254 quod
289 3200 340 3251 ego
359 3183 550 3236 miserrimum
569 3182 734 3249 tristiorem]
760 3182 822 3235 Duo
841 3181 891 3235 Ox.
911 3181 1052 3235 omittunt
1070 3183 1154 3253 quod,
1174 3183 1283 3239 (taut.

124 3262 154 3307 et
172 3255 255 3307 Vind.
278 3260 301 3308 l.
322 3273 389 3323 ego:
417 3257 560 3326 posterior
578 3255 663 3308 habet
682 3253 824 3319 existimo,
851 3253 927 3324 quod
951 3261 994 3305 est
1019 3254 1209 3321 correctoris,
1237 3254 1285 3325 qui

124 3324 309 3378 Coniunctivi
328 3328 469 3379 rationem
488 3344 545 3380 non
563 3334 687 3397 caperet.
719 3327 800 3380 Unus
819 3325 869 3378 Ox.
889 3322 1021 3378 estimem.
1041 3324 1110 3379 eod.
1132 3327 1209 3403 Aug.
1229 3339 1285 3382 net

122 3397 297 3467 molumpro
317 3399 485 3449 nemetum.
524 3399 584 3450 Mr.

194 3466 345 3530 Nititur,
365 3466 465 3536 inquit,
484 3469 586 3520 molum
605 3465 673 3533 eto]
709 3466 901 3538 Disputantur
922 3466 995 3520 haec
1013 3467 1105 3520 fusius
1131 3469 1165 3521 iu
1189 3471 1283 3555 primo

122 3538 340 3589 Paradoxorum.
379 3538 420 3590 De
447 3540 572 3591 lectione
598 3537 723 3589 miretur
745 3537 834 3591 Bouh.
860 3556 876 3589 a
900 3538 1016 3591 nemine
1034 3538 1129 3592 adhuc
1158 3541 1283 3594 animell-

121 3622 248 3671 versum‚
277 3624 334 3659 esse
357 3607 512 3682 legendum
533 3610 560 3660 h.
581 3609 601 3660 l.
629 3607 731 3677 inquis,
760 3618 798 3673 et,
829 3610 927 3681 paucis
953 3610 1126 3676 interiectis,
1160 3613 1281 3666 iterum:

122 3692 262 3745 nunquam
280 3677 432 3745 quicquam,
452 3680 583 3748 inquis.
609 3679 810 3748 Adstipuletur
829 3680 856 3732 ei
873 3680 985 3732 Nissen.
1005 3681 1027 3732 l.
1047 3698 1072 3732 c.
1091 3699 1122 3753 p.
1143 3687 1195 3739 49:
1215 3684 1284 3750 „is-

123 3750 196 3822 quil‚
215 3749 322 3814 dicens,
341 3767 393 3820 pro
412 3751 509 3821 inquis
527 3752 596 3816 dici,
616 3748 742 3802 nondum
760 3749 828 3803 satis
847 3751 1030 3820 exploratum
1048 3760 1092 3804 est
1110 3754 1201 3808 mihi.
1228 3756 1282 3808 Ne-

142 3822 252 3874 lectum
270 3830 367 3874 tamen
385 3840 571 3894 personarum
590 3839 649 3875 esse
668 3820 824 3873 discrimen
844 3822 1016 3874 crediderim
1037 3831 1066 3875 et
1084 3822 1137 3875 hic
1157 3835 1188 3879 st
1206 3827 1281 3879 infre

122 3840 166 3955 io,
185 3896 227 3948 4⁴.
249 3902 278 3946 et
297 3893 355 3946 Cic.
375 3911 429 3964 pro
448 3897 527 3949 llosc.
547 3895 610 3947 Ain.
624 3896 666 3956 18,
686 3895 730 3947 52.
752 3902 781 3944 et
799 3894 899 3944 multis
918 3893 984 3945 eliis
1002 3894 1104 3946 locis.“
1123 3894 1184 3949 Sed
1192 3913 1282 3983 neque

120 3980 240 4031 usquam
259 3965 353 4032 inquit
380 3966 489 4019 dicitur
512 3984 566 4037 pro
590 3965 695 4034 lnquit,
724 3980 817 4033 neque
843 3979 1029 4035 personarum
1056 3964 1219 4023 discrimen
1244 3978 1283 4021 ite

120 4033 293 4109 negligitur,
313 4045 345 4087 ut
365 4039 540 4091 existimasse
558 4037 677 4089 videtur
693 4035 806 4087 Nissen.
844 4035 1015 4104 Ubicunque
1033 4052 1087 4106 pro
1116 4036 1212 4107 lupuit
1237 4058 1283 4094 ex·

121 4112 231 4176 spectes
250 4105 353 4171 inquis,
380 4125 437 4159 non
461 4110 555 4179 ipsum
580 4107 774 4161 adversarium
798 4104 957 4174 alloquitur
981 4107 1094 4171 dicens,⁴
1114 4111 1176 4177 sed,
1224 4111 1282 4165 ussi

122 4178 157 4229 ad
175 4193 264 4226 unum
283 4176 332 4227 vel
350 4178 449 4247 plures
469 4181 612 4233 atnlitores
631 4195 793 4239 conversus,
813 4177 883 4244 quid
899 4178 1067 4247 respondeat
1090 4180 1143 4234 illo
1169 4131 1222 4237 vei
1238 4201 1282 4236 m-

121 4247 262 4320 spondere
288 4248 386 4317 possit,
415 4252 568 4326 signifieat.
606 4252 669 4304 vid.
696 4248 831 4301 Creuzer.
861 4247 895 4300 ud
922 4248 980 4302 cic.
1009 4249 1043 4302 de
1068 4250 1105 4301 N.
1126 4252 1160 4304 D.
1190 4257 1214 4308 l.
1238 4257 1280 4311 κ.

120 4336 149 4392 p.
169 4322 222 4376 163
239 4337 280 4388 sq.
301 4317 344 4369 ed.
365 4319 411 4371 Cr.
433 4332 462 4375 et
479 4331 568 4375 nostr.
589 4322 672 4387 rnsj.;
691 4335 742 4371 nos
760 4318 794 4372 ed
813 4319 934 4372 eundem
952 4319 1048 4372 locum
1067 4323 1160 4376 fusius
1180 4327 1214 4378 in
1228 4326 1280 4379 Eu.

203 4500 211 4514 .
466 4481 510 4519 eto
621 4481 637 4519 s
706 4480 786 4519 mnes
908 4480 929 4517 v
974 4502 981 4517 .
1193 4485 1211 4526 s
1272 4503 1282 4535 ,
