2828 5070
524 313 654 378 ursan
674 312 720 394 u,
743 316 773 378 1.
1162 312 1225 379 ur

67 481 169 546 modo
189 490 308 566 potest.
351 480 417 544 Sed
446 483 521 564 qui,
550 500 617 543 non
648 480 749 543 modo
777 482 855 564 quia
883 500 1018 544 necesse
1047 489 1097 544 est
1123 481 1224 559 mori,
1242 484 1269 535 b·

68 574 189 630 rerum
209 569 312 628 etiam
334 569 410 647 quia
437 566 522 627 nihil
549 563 651 627 habet
678 584 780 641 mors,
815 563 904 647 quod
932 567 978 624 sit
1006 563 1224 642 horrendum,

70 659 212 713 mortem
236 669 304 709 nou
326 651 432 725 timet,
468 667 625 733 magnum
653 649 683 709 is
705 648 776 710 sibi
805 645 1009 730 praesidium
1031 645 1073 708 ad
1094 648 1225 711 beatam

69 735 173 795 uitam
201 742 388 812 comparat:
424 750 620 811 quamquam
649 751 715 793 non
745 750 860 792 snmus
881 733 991 814 ignari
1012 732 1135 793 multos
1156 739 1225 792 stu·

71 814 164 878 diosc
185 823 303 876 contra
324 833 394 878 esse
416 811 586 875 dicturos:
620 812 707 895 quod
732 816 842 875 vitare
868 814 962 874 nullo
990 811 1090 874 modo
1112 815 1227 895 potui-

70 919 155 976 mus,
193 900 258 959 nisi
281 897 364 958 nihil
387 899 523 958 omniuo
545 897 779 959 scriberemus.
821 897 864 957 Et
886 899 975 958 enim
996 897 1025 957 si
1046 897 1227 976 orationes,

1125 1024 1226 1034 -η

68 1092 159 1154 potest
178 1086 280 1138 desunt
298 1086 329 1136 in
347 1085 400 1138 Ed.
420 1085 455 1139 tt.
477 1085 560 1138 oculo
578 1082 747 1156 typothetae
766 1103 781 1136 a
799 1083 897 1155 priore
920 1091 1017 1152 potest
1035 1085 1069 1137 ad
1086 1084 1228 1154 posterius

72 1159 230 1211 aberrante.
263 1156 331 1209 Cod.
350 1155 448 1209 Duisb.
469 1157 583 1208 inverso
602 1156 702 1208 ordine
721 1154 814 1225 quieto
833 1155 936 1208 animo.
964 1159 998 1210 ln
1016 1174 1095 1225 seqq.
1106 1156 1189 1208 Vind.
1202 1160 1226 1211 l.

72 1229 115 1279 his
135 1228 207 1297 quod
225 1245 278 1297 pro
298 1227 375 1297 prtia.
411 1229 445 1280 ln
465 1227 538 1280 Gud.
558 1235 623 1279 ante
641 1231 756 1280 mortem
775 1228 913 1279 inseritur
932 1228 990 1297 qui.
1028 1226 1104 1278 Tum
1122 1228 1175 1279 Ed.
1190 1226 1227 1281 H.

72 1298 99 1349 is
116 1314 255 1365 inagnum.
293 1300 327 1351 ln
352 1314 409 1350 uno
427 1299 486 1351 Ox.
514 1305 556 1352 est
580 1298 688 1369 adpro
712 1299 748 1351 is.
769 1298 843 1351 Gud.
862 1297 947 1351 habet
963 1298 1142 1367 praesidinm
1160 1296 1229 1350 sibi.

74 1368 140 1422 Sola
158 1370 209 1421 Ed.
231 1369 258 1424 S.
285 1368 427 1439 sibiipsi.
465 1369 525 1426 Mr.

145 1439 307 1508 conparat]
344 1442 410 1505 „Le
433 1440 538 1493 endum
560 1439 765 1509 corripuerim
789 1441 858 1495 lirn.
896 1440 940 1494 Ita
958 1441 1049 1494 solnm
1065 1440 1170 1494 habore
1189 1440 1231 1494 ait

75 1510 200 1564 Orellius
217 1510 271 1564 Ed.
292 1513 327 1562 hl.
366 1459 458 1565 tlahet
475 1520 572 1565 tamen
597 1512 684 1564 etiam
702 1511 842 1577 ttwoltn
867 1512 916 1564 sed
940 1511 971 1563 iu
998 1529 1088 1585 ritarg.
1108 1521 1141 1563 ut
1160 1512 1233 1565 reli·

76 1582 138 1650 qui.
158 1579 336 1636 FAWolfius
355 1581 387 1633 in
405 1580 510 1634 scholis
528 1583 689 1635 accuratius
708 1580 825 1651 quidem
849 1584 890 1636 ait
908 1583 1018 1634 dictum
1042 1584 1106 1635 fore
1123 1598 1237 1651 compa·-

9 1677 16 1688 ·
75 1651 168 1704 rasit.-
188 1652 235 1705 sed
254 1670 289 1705 nc
308 1652 342 1703 ab
358 1653 476 1722 optimis
495 1653 611 1723 quidem
624 1654 811 1725 scriptoribus
831 1654 861 1706 id
879 1672 992 1722 semper
1010 1654 1129 1706 servari.
1149 1655 1233 1707 Prae·

75 1741 138 1775 sens
157 1721 289 1791 ἀορίστως
307 1723 434 1792 ponitur.
466 1725 510 1776 Ne
529 1725 593 1792 quis
612 1742 731 1792 sequens
750 1739 913 1794 quamquam
931 1724 1061 1793 incipere
1080 1725 1233 1793 periodum

75 1796 262 1864 compositam
281 1794 435 1860 existimet,
463 1795 518 1847 sed.
535 1795 569 1846 ad
592 1796 749 1864 praeterita
774 1795 958 1848 referendum
977 1812 1036 1848 esse
1054 1795 1153 1846 statim
1171 1793 1234 1847 ani·

75 1865 244 1928 inadvertat,
278 1863 394 1935 plenam
424 1872 489 1918 ante
515 1863 584 1916 hoc.
599 1866 770 1918 vocabulum
796 1865 1012 1919 distinctionem
1041 1865 1154 1917 sustuli.
1183 1866 1231 1919 Or.

77 1936 199 1988 eundem
223 1935 257 1987 ad
284 1935 371 1988 finem
416 1944 458 1988 ost
488 1951 654 2006 quamquam
682 1945 822 1990 commate
846 1936 996 2011 distingui,
1027 1936 1167 2002 wolfius,
1201 1935 1234 2001 in

77 2004 193 2071 scholis,
211 2022 313 2058 vocem
331 1954 458 2059 iuhiheri
481 2007 576 2059 suasit.
615 2008 673 2060 Mr.
1209 2072 1213 2079 Ι

149 2077 251 2129 multos
269 2077 392 2130 studiose
409 2083 505 2130 corrtru
525 2094 586 2131 esse
604 2076 749 2145 dicturos]
787 2080 840 2131 Pro
858 2078 982 2132 studiose
1001 2097 1074 2131 unns
1093 2080 1143 2132 01.
1172 2087 1234 2135 esu-

78 2147 182 2201 duisse.
202 2149 289 2200 hlarb.
318 2165 383 2216 quos
399 2166 453 2218 pro
479 2149 565 2219 quod:
594 2151 721 2220 suspexit
745 2158 893 2202 corrector
916 2150 1050 2224 egregius
1069 2150 1103 2203 ad
1120 2159 1236 2205 antece·

77 2219 146 2273 dens
165 2219 303 2273 dicturos.
341 2221 440 2293 Pergit
459 2220 542 2275 Vind
564 2223 588 2274 l.
618 2222 692 2275 nullo
710 2221 792 2273 modo
811 2219 904 2273 citare
920 2237 1116 2288 possumus.
1155 2221 1235 2274 Scri·

77 2290 159 2342 bitur
183 2291 270 2344 etiam
291 2307 437 2358 possumus
463 2290 493 2341 in
517 2308 575 2344 nno
599 2291 649 2345 Ox.
672 2290 747 2366 Aug.
771 2290 842 2342 Edd.
866 2293 934 2342 Ven.
959 2298 1047 2343 nostr.
1075 2292 1138 2343 Asc.
1162 2297 1186 2346 l.
1206 2294 1233 2348 2.

79 2361 160 2426 (llaec
179 2362 210 2413 in
229 2379 319 2436 marg.
348 2360 405 2415 tls.
431 2361 588 2431 potuimus)
616 2364 696 2416 Junt.
726 2379 820 2484 marq.¹
837 2361 980 2427 HWottii,
999 2363 1028 2413 P.
1048 2361 1081 2413 A.
1101 2363 1132 2413 B.
1153 2361 1183 2414 C.
1204 2370 1235 2417 et

79 2432 220 2494 munibus,
240 2451 308 2501 quas
326 2432 452 2485 contulit
470 2433 577 2498 lieislc,
616 2442 712 2487 raeter
730 2432 798 2503 Stcp
822 2433 962 2485 auianum.
1000 2434 1035 2485 ln
1054 2431 1113 2485 sola
1131 2432 1184 2485 Ed.
1196 2432 1233 2485 ii.

80 2513 122 2557 est
139 2502 286 2572 possimus.
324 2504 457 2573 Scriptor
475 2503 542 2556 Cod.
561 2451 649 2556 steht.
670 2505 785 2557 inverso
804 2504 903 2555 ordine
922 2503 1000 2556 dedit
1019 2503 1129 2557 omnino
1147 2501 1235 2558 nihils

80 2576 219 2627 nimirum
239 2593 274 2627 ne
293 2575 356 2644 quis
376 2575 486 2627 omnino
505 2574 641 2648 iungeret
660 2592 725 2626 cum
743 2573 935 2627 scriberemus.
973 2574 1033 2631 Mr.

151 2664 262 2717 Etenim
280 2664 307 2716 si
325 2664 468 2717 orationes
490 2695 521 2706 -
548 2664 598 2717 sed
622 2664 650 2716 si
667 2664 877 2731 reperiebantur
893 2665 1027 2731 nonnulli]
1064 2666 1116 2718 Est
1135 2661 1236 2721 drusi·

80 2740 192 2799 tauhun,
213 2736 288 2804 quod
306 2745 370 2804 post
389 2736 529 2793 nonnulla
546 2739 745 2804 παρινθετικαῖς
764 2737 934 2805 interpositu
951 2737 1142 2806 scriptoribus
1160 2738 1240 2791 baud·

81 2817 123 2860 est
141 2806 318 2859 inusitatum.
357 2806 405 2859 Sic
423 2806 474 2859 lib.
494 2808 527 2858 V.
547 2806 630 2858 Tusc.
651 2823 711 2876 cap.
729 2810 770 2861 15.
800 2809 845 2859 An
863 2808 982 2872 dubitas,
1002 2808 1073 2877 quin
1091 2818 1237 2878 praestans

80 2878 254 2942 valetudine,
279 2876 399 2943 viribus,
428 2879 522 2931 iorrnn
541 2904 575 2914 -
593 2879 619 2930 si
635 2879 722 2943 fuerit
741 2877 768 2929 is
793 2879 842 2946 qui
859 2877 926 2931 haec
944 2876 1024 2931 hebet
1041 2879 1171 2944 iniustas,
1190 2880 1237 2934 in·

82 2957 247 3017 terupernns,
268 2948 386 3000 timidus
406 2976 438 2985 -
457 2948 634 3001 dubitabisne
654 2966 719 3002 eum
743 2948 882 3002 miserum
901 2950 1015 3002 dicere?
1043 2953 1154 3002 lterum
1174 2968 1234 3022 cap.

82 3024 124 3075 19.
164 3020 303 3073 Similene
322 3028 403 3089 putas
422 3021 452 3073 C.
472 3020 566 3073 Laelii
584 3037 675 3073 unum
693 3021 872 3074 consulatum
895 3022 982 3073 inissa
1001 3026 1028 3073 et
1045 3037 1113 3073 eum.
1125 3021 1238 3090 quidem

82 3108 141 3144 cum
160 3093 271 3157 repulsu
291 3123 323 3132 -
343 3092 391 3161 sed
409 3099 506 3143 tannen
524 3100 624 3142 utrum
642 3090 757 3155 inelles3
782 3100 821 3155 te,
850 3090 878 3143 si
892 3098 1018 3158 potestas
1037 3098 1119 3155 esset,
1147 3092 1239 3145 semel

83 3172 115 3211 ut
134 3163 275 3215 Laelium.
295 3161 455 3224 Consulem,
474 3179 520 3225 an,
540 3169 572 3211 nt
591 3161 720 3225 Cinnam,
740 3165 861 3231 quater?
897 3162 946 3214 Sic
965 3171 994 3215 et
1013 3162 1095 3214 Offic.
1116 3162 1235 3215 ttulit.

83 3249 145 3299 cap.
164 3235 208 3284 26.
247 3230 327 3281 Utile
351 3231 501 3281 videbatur
526 3230 624 3299 Ulyssi
644 3262 676 3271 -
696 3231 744 3283 sed
767 3232 935 3284 insimulant
959 3250 1025 3284 eum
1050 3233 1237 3308 Tragoedias,

83 3300 267 3354 simulatione
285 3299 415 3350 inscitiae
433 3299 568 3351 rrtititiuns
586 3301 781 3368 subterfugere
799 3302 930 3355 coluisse.
959 3303 1045 3355 Plura
1058 3321 1116 3356 non
1135 3305 1238 3359 desunt

83 3372 223 3441 exempla,
243 3371 291 3422 sed
308 3370 389 3433 haec,
409 3370 485 3439 quod
502 3371 643 3435 volumus,
663 3373 729 3425 setis
747 3374 909 3426 ostendunt.
947 3373 1019 3426 Vide
1046 3383 1141 3428 tamen
1161 3377 1238 3430 infra

83 3445 133 3496 lib.
154 3445 187 3494 V.
209 3460 269 3511 cap.
290 3443 333 3497 29.
354 3449 384 3492 et
400 3440 620 3510 Xenophontem
634 3443 795 3512 Cynopaed.
816 3444 866 3495 lib.
886 3444 933 3497 lV.
954 3462 1014 3516 cap.
1035 3447 1073 3511 11,
1092 3450 1118 3503 2.
1146 3448 1183 3500 D.
1237 3452 1240 3457 '

154 3531 265 3584 Etenim
293 3530 321 3582 si
347 3529 506 3596 orationes]
544 3530 620 3596 „ns
649 3531 767 3584 Nursia.
796 3530 896 3584 etenim
926 3532 954 3585 si
979 3541 1059 3588 sunt
1084 3535 1242 3591 orationes.¹

83 3604 199 3674 Reliqui
211 3603 357 3676 vulgatam
370 3601 526 3654 lectionem
538 3601 645 3655 merito
656 3610 785 3667 serrant3
806 3612 849 3655 est
864 3602 940 3656 enim
953 3602 1142 3660 ἀνακόλουθον
1161 3608 1240 3666 etu‘!

84 3676 155 3726 Duo.
176 3676 207 3724 in
225 3674 276 3724 Ed.
300 3677 323 3727 1.
362 3672 563 3742 „Consequens
582 3681 643 3725 erat
661 3679 753 3743 tumen
771 3671 983 3746 reprehensione
1000 3694 1054 3731 non
1072 3685 1239 3745 caruerunt,

84 3752 148 3814 post
166 3744 352 3812 parenthesin
370 3752 480 3795 mutata
504 3752 545 3797 est
573 3745 665 3795 torma
692 3746 838 3797 orationis.
876 3746 930 3799 Pro
954 3751 1075 3817 probari
1099 3750 1240 3803 Corradus

85 3817 239 3879 Quaestum
265 3833 292 3883 p.
313 3818 374 3870 sta.
396 3831 410 3866 e
430 3815 485 3867 MS.
504 3817 634 3882 probare.
673 3816 752 3869 ldem
778 3817 810 3866 in
829 3815 885 3869 MS.
905 3827 970 3887 post
988 3818 1175 3889 parenthesin
1194 3828 1241 3874 rb·

85 3885 177 3956 perit:
211 3900 294 3951 suein
317 3886 554 3953 aspernabanturs
582 3901 617 3938 es
641 3883 834 3954 philosophiae
853 3887 1007 3956 disciplina
1030 3892 1144 3958 ignota,
1166 3889 1242 3958 quid

86 3955 167 4025 sequi
186 3954 348 4020 excogitare
364 3958 543 4027 possumus.“
561 3958 630 4009 lirn.
668 3958 732 4022 „Ab
749 3957 795 4010 his
812 3959 908 4011 verbis
927 3978 1016 4029 nsque
1038 3978 1110 4015 nrrnc
1126 3964 1241 4017 minime

85 4044 136 4080 nos
159 4027 202 4079 uti
226 4043 308 4095 posse
332 4027 477 4080 videamus
503 4046 559 4082 una
584 4030 660 4099 ῥῆσις
696 4029 866 4104 corrigitur,
894 4031 999 4083 duabus
1023 4024 1243 4102 parenthesibus

86 4101 215 4161 dissecta,
236 4116 358 4167 quarum
375 4096 579 4171 altera'verbis
604 4098 762 4168 (popularis
780 4107 822 4152 est
840 4128 874 4139 -
893 4128 925 4139 -
945 4103 1120 4158 audientium
1139 4122 1242 4174 uppre-

86 4170 175 4233 butio)
194 4168 285 4222 altera
303 4169 349 4221 his
367 4171 535 4224 continetur
558 4167 647 4240 (unde,
659 4176 722 4223 erat
746 4173 874 4224 exortunr
894 4203 925 4216 -
942 4190 1031 4242 petente
1049 4178 1084 4230 ab
1101 4179 1163 4247 ipso
1180 4180 1243 4243 sors

87 4242 201 4306 irrisi).¹
227 4241 383 4311 inprimis
406 4239 505 4294 nutem
526 4242 717 4294 anacoluthon
736 4252 786 4295 est.
824 4245 899 4296 Nam
917 4245 1029 4300 Etenim
1052 4249 1080 4303 si
1097 4248 1243 4302 orationes

66 4311 261 4378 requirebat,
292 4321 323 4363 ut
347 4322 533 4382 sequeretur:
568 4313 695 4365 nonnulli
720 4314 928 4383 vituperabas&
953 4317 1010 4372 boc
1032 4317 1127 4373 totoni
1147 4310 1244 4371 autem

88 4389 151 4449 post
172 4397 243 4431 nova
261 4384 368 4449 protasi
387 4386 543 4454 repetitur:
572 4386 623 4437 sed
646 4385 675 4437 si
694 4388 910 4453 reperiebantur
928 4416 962 4427 -
979 4393 1088 4460 copiam
1108 4391 1240 4445 dicerent.

89 4451 133 4503 Cf.
160 4449 308 4504 Clericum
331 4453 408 4515 Art..
423 4455 495 4508 crit.
523 4464 597 4526 part.
618 4457 671 4511 111.
696 4456 773 4512 beet.
794 4464 819 4515 1.
845 4475 906 4530 cap.
929 4465 970 4517 11.
989 4462 1012 4528 i·
1035 4468 1075 4520 ll.
1113 4463 1162 4516 Sic
1180 4463 1243 4515 tere

90 4581 170 4623 Cicero
187 4582 252 4625 Ture.
267 4583 336 4638 Disp.
353 4585 396 4625 eet.
416 4584 495 4629 Miner
521 4587 545 4630 T.
561 4589 581 4634 1.
951 4571 992 4632 27
