2828 5070
223 276 287 345 310
430 272 659 340 CICERONIS
674 272 924 347 ,TUSCULAN
948 273 1175 338 DISPUTAT.

225 448 392 522 werae.
434 440 479 502 At
504 437 541 502 id
570 437 702 522 quidem
729 441 766 501 in
792 440 913 502 ceteris
944 438 1042 503 rebus
1069 439 1193 501 melius
1224 445 1370 520 putatur,

227 525 370 604 aliquem
390 529 531 604 partam,
565 541 663 604 quam
683 523 820 596 nullam,
851 524 1035 607 attingere:
1071 539 1134 584 cur
1161 522 1202 581 in
1237 522 1313 583 vies
1330 538 1371 583 so

228 603 305 666 cns!
345 604 548 709 Quamquam
576 623 643 666 nan
672 604 758 665 male
788 605 837 664 sit
857 601 1086 681 Callimachus,
1117 601 1224 664 mullo
1249 603 1374 682 saepta

298 781 333 833 iel
348 778 468 850 quidem]
512 780 606 902 ngqp
630 778 664 832 s'a
685 778 798 849 quidem
821 780 920 848 ipsam.
957 780 1102 833 Lectionis
1131 797 1225 850 quam
1249 779 1376 833 ‹leelimcs

228 859 356 904 auctores
374 859 442 903 sunt
458 851 526 925 Reg.
586 849 654 902 'ens.
673 857 741 902 tert.
762 859 791 903 et
808 850 922 904 Balliol.
960 850 995 902 D.

298 923 337 976 Aa
355 921 387 973 iu
404 920 514 990 quidem
531 934 562 972 sa
580 918 682 973 ceteris
699 919 793 986 relus]
830 921 961 986 Quamvis
980 921 1011 972 in
1028 920 1188 974 collatione
1209 930 1315 975 nostra
1328 920 1377 975 os

227 989 301 1044 elicis
318 992 402 1076 Regii
420 997 581 1059 compareat
600 991 674 1042 illud
690 990 781 1056 ipsum
799 989 850 1055 [ita
869 991 948 1043 enim
964 991 1104 1061 scriptum
1122 998 1179 1043 est:
1199 992 1281 1044 Lali.
1301 998 1335 1045 el
1347 992 1378 1045 11

229 1061 343 1131 quidem
359 1076 467 1128 speum:
486 1059 552 1112 cod.
572 1060 611 1111 ael
627 1059 661 1112 e'el
678 1059 785 1127 quidem
808 1059 926 1128 ipsum];
950 1061 1024 1112 mihi
1045 1069 1141 1114 umen
1164 1061 1238 1113 satis
1263 1071 1377 1115 certum

230 1142 281 1198 est,
300 1149 357 1186 non
375 1148 432 1185 esse
450 1132 541 1200 ipsum
558 1129 590 1180 in
607 1129 674 1182 cod.
693 1131 762 1205 Reg.
783 1147 848 1182 cum
867 1147 925 1183 non
942 1139 1104 1200 compareat
1122 1132 1153 1182 in
1171 1130 1254 1197 aliis,
1273 1132 1327 1203 qui
1343 1131 1377 1185 ael

229 1219 292 1255 eam
315 1211 345 1255 et
369 1210 459 1254 aetate
482 1209 512 1253 ct
533 1199 704 1284 praestantia
731 1210 761 1252 et
787 1201 848 1271 ipsa
870 1202 1027 1272 scriptione
1056 1202 1189 1272 proxime
1222 1202 1376 1267 Mani,

229 1273 394 1326 Gudianum
417 1272 481 1324 (lico
504 1288 632 1340 primum
656 1278 686 1324 et
709 1270 920 1341 Gryphianum.
961 1271 1048 1324 Abest
1070 1280 1221 1341 praeterea
1251 1273 1346 1341 ajune
1359 1290 1376 1325 a

168 1372 171 1377 ν
229 1344 321 1395 tribus
339 1343 408 1396 Oxx.
429 1342 501 1394 Gnd.
521 1344 548 1395 i.
574 1339 646 1416 Aug.
673 1339 770 1392 Duisb.
798 1342 840 1406 (in
860 1358 916 1412 quo
943 1350 985 1394 est
1008 1359 1056 1394 rec
1094 1350 1123 1394 ta
1149 1341 1248 1463 §losse
1266 1349 1300 1395 at
1316 1341 1376 1395 lec

184 1416 187 1421 '
228 1415 285 1465 ael
301 1414 333 1465 s‘d
350 1412 471 1481 quiam,
493 1412 553 1474 vel,
581 1412 605 1462 si
623 1411 720 1476 mets,
745 1413 826 1464 varia
842 1411 940 1475 lectio,
959 1413 1071 1483 partica
1117 1429 1150 1465 ue
1178 1412 1295 1467 adelita:
1322 1430 1375 1467 nec

228 1499 298 1535 vero
323 1483 471 1534 omittitur
496 1481 615 1550 quidem,
644 1489 678 1533 ut
703 1481 744 1532 sit
762 1482 808 1535 Or.
836 1482 871 1535 ad
889 1483 994 1539 Wollii
1017 1482 1139 1548 scholas)
1165 1481 1262 1536 llehtl.
1290 1484 1373 1537 Bern.

136 1610 141 1621 Ι
229 1552 312 1603 Vind.
334 1556 357 1605 l.
395 1551 483 1604 Omisi
507 1553 516 1602 i
539 1552 608 1617 itur,
634 1551 680 1603 his
705 1552 886 1621 potissimum
911 1553 1125 1606 auctoritatibus
1141 1553 1244 1619 nixus,

229 1639 296 1674 meu
315 1621 398 1686 illud,
418 1622 493 1691 quod
525 1631 643 1674 ecerunt
661 1622 733 1673 item
749 1622 817 1674 Dav.
836 1623 981 1679 PAWoll'.
1000 1623 1137 1693 probante
1154 1570 1374 1695 Bentleffi

230 1691 261 1744 id
277 1692 309 1744 in
326 1692 409 1745 nullo
426 1708 542 1745 suorum
560 1692 645 1745 esda.
664 1692 790 1761 reperiri
808 1694 966 1746 confirmat.
1003 1694 1099 1746 Aliter
1125 1693 1317 1747 iudicandum
1332 1712 1375 1748 es·

229 1771 281 1829 set,
300 1762 334 1828 si,
355 1763 386 1814 in
404 1763 505 1829 quibus
523 1762 657 1815 omissum
675 1771 718 1814 est
734 1762 838 1830 iprum,
862 1764 949 1816 iidem
967 1765 1052 1817 cnud.
1070 1763 1212 1817 haberent
1235 1782 1302 1817 earn
1325 1780 1374 1818 vo·

229 1849 303 1898 cem,
322 1842 572 1904 quaerereturque,
592 1840 690 1884 utrum
708 1835 854 1887 commode
871 1835 910 1885 sit
964 1835 1026 1900 sita,
1054 1852 1089 1886 an
1113 1843 1215 1887 contu
1239 1835 1310 1888 istas
1326 1854 1374 1889 aa·

228 1903 378 1957 ctoritates
395 1904 532 1956 delenda?
566 1902 642 1954 Tum
665 1903 797 1972 equidem
820 1922 886 1957 cum
908 1851 1089 1975 tlipkensio
1115 1913 1145 1957 et
1167 1906 1285 1959 limslio
1307 1906 1371 1959 hc.

229 1992 261 2095 l
278 1972 915 2108 tarrazaessreelelaess·
930 1976 1209 2110 {limet}
1229 1975 1373 2100 aaa

229 2114 356 2177 modum,
375 2128 431 2182 quo
450 2112 596 2165 Ciceronis
614 2112 705 2164 oratio
724 2129 822 2165 carere
840 2123 972 2184 nequeat,
991 2115 1085 2169 abesse
1104 2131 1214 2168 censeo.
1234 2117 1372 2170 (laterum

250 2200 282 2237 ro
299 2183 339 2237 Ae
356 2183 492 2235 scribitur
508 2183 546 2234 ad
562 2182 594 2232 in
611 2181 697 2234 codd.
717 2182 790 2234 Gud.
812 2187 836 2238 1.
856 2185 968 2258 hilag.
1004 2187 1058 2238 Pro
1086 2202 1118 2238 ea
1140 2201 1212 2239 voce
1231 2187 1373 2240 desidera-

263 2253 412 2308 tllathius
430 2256 467 2319 et,
484 2261 600 2323 praeter
617 2253 822 2317 necessitatem,
847 2254 896 2306 vel
914 2270 952 2306 aa
969 2253 1002 2306 s'd
1019 2272 1055 2323 q,
1079 2264 1197 2324 praeter
1220 2267 1372 2311 eonsuetu-

230 2325 328 2379 linem
346 2324 573 2378 Ciceronianam:
687 2322 731 2375 vis
755 2325 921 2392 nuperrime
946 2325 1032 2376 etiam
1051 2333 1167 2377 exortus
1190 2327 1241 2392 sit,
1313 2327 1372 2379 ‘aa

229 2415 259 2451 se
301 2405 366 2450 ente
393 2395 488 2448 vocali
520 2393 603 2446 defen
624 2401 685 2445 eret
717 2392 747 2443 in
772 2393 1010 2462 Ephemeridibus
1040 2394 1228 2448 Scholasticis
1259 2346 1339 2461 (qul
1363 2434 1369 2448 .

229 2467 271 2524 Sc
303 2467 433 2540 ulztg.)
453 2467 529 2520 1830.
549 2464 586 2531 ll.
606 2464 649 2517 44.
669 2461 733 2514 Via.
752 2463 857 2515 Handii
875 2464 1072 2516 Tursellinum
1090 2466 1112 2518 1.
1133 2485 1161 2536 p.
1181 2468 1236 2522 454
1256 2499 1291 2511 -
1310 2414 1369 2524 461,

230 2540 351 2592 eundem
369 2537 403 2588 de
421 2534 576 2605 scriptione
594 2533 633 2585 ad
649 2549 703 2603 pm
721 2538 753 2585 al
771 2551 797 2603 p.
817 2536 878 2590 453.
898 2534 941 2586 Ac
958 2543 1023 2587 ante
1041 2550 1129 2604 aquae
1154 2543 1197 2588 est
1215 2539 1249 2589 in
1268 2538 1373 2592 Orellii

229 2611 262 2659 V.
282 2608 325 2660 Gl.
346 2606 568 2674 inscriptionum
595 2603 770 2657 collectione
793 2604 830 2655 N.
856 2607 914 2660 199.
940 2602 1021 2656 Tom.
1041 2607 1064 2659 1.
1083 2623 1111 2676 p.
1133 2609 1193 2662 100.
1232 2608 1373 2673 Eandem,

230 2693 315 2745 quam
333 2674 392 2737 hic,
419 2674 556 2743 loquendi
582 2673 736 2725 formulam
752 2673 837 2726 habes
855 2673 914 2726 Cat.
933 2674 997 2738 mai.
1020 2680 1065 2732 ll:
1102 2670 1149 2728 Zt
1172 2676 1216 2729 s'si
1233 2679 1373 2746 quidem

228 2761 283 2798 aare
299 2742 446 2812 proprium
463 2742 612 2796 renouatio
630 2748 673 2795 eet
686 2741 796 2795 'uilium
819 2774 850 2785 -
868 2747 922 2796 Pro
938 2745 1036 2796 mels‘us
1055 2747 1086 2797 in
1102 2762 1161 2800 uno
1179 2747 1232 2799 On
1254 2757 1298 2801 est
1316 2765 1372 2802 me·

229 2816 296 2879 lior,
315 2824 378 2865 tum
396 2813 427 2863 in
446 2813 551 2866 duobus
570 2812 725 2879 aliquando.
744 2813 827 2866 Vind.
848 2818 872 2868 1.
891 2814 994 2867 celeria
1012 2815 1042 2867 s'a
1062 2817 1152 2869 relus.
1190 2818 1253 2870 Mr.

299 2882 361 2935 Noa
379 2882 450 2934 male
469 2880 833 2947 aiecaaimscias‚mu1t0
856 2885 965 2955 saepius
989 2884 1057 2951 etc]
1090 2886 1262 2940 Plutarchus
1285 2888 1372 2941 Cone.

229 2953 264 3006 ad
282 2951 376 3024 Apoll.
453 2990 459 3003 .
481 2954 540 3007 113Ι
576 2952 610 3004 E.
630 2956 719 3005 Mstoe
744 2955 798 3024 γὰρ
825 2946 910 3016 ὅντως
930 2960 955 3005 Τ
971 2958 1051 3014 ὠϊλος
1076 2955 1226 3027 ἐδάκρυσεν
1241 2958 1262 3022 ἤ
1277 2960 1372 3024 Πρία-

229 3023 363 3148 popdmsii
385 2970 554 3076 (ffimffi
577 3021 662 3076 verba
685 3024 909 3095 repraesentavit
934 2971 1122 3096 Pisilosophus
1151 3026 1371 3092 cherronensis,

229 3105 272 3149 sta
417 3111 446 3150 e:

357 3112 552 3234 ηε1οεῖονγὰρ
570 3157 656 3224 ὅντως
676 3164 793 3234 Tpoll‘loc
810 3165 835 3230 Υ
853 3159 1000 3236 ἔδάκρυσεν

387 3237 426 3286 Ἦ
441 3238 573 3307 Πρίαμος.

228 3308 409 3362 Cholismhus
427 3315 477 3360 est.
515 3307 551 3359 D.

300 3379 470 3446 Quamquam
486 3393 539 3429 noa
556 3379 628 3430 male
644 3374 687 3427 as't
705 3375 903 3444 Callimachus]
938 3377 1002 3431 Vid.
1021 3377 1231 3448 Wyttenbach.
1251 3381 1288 3435 asl
1305 3381 1374 3434 Plu·

228 3446 320 3500 tarch.
340 3448 377 3499 11.
402 3463 430 3514 p.
451 3450 483 3500 77
503 3463 543 3567 sep
572 3449 615 3499 od.
643 3447 719 3515 hips.
744 3449 795 3515 qui
817 3450 901 3501 verba
923 3450 976 3520 γὰρ
995 3450 1080 3511 ὄντως
1103 3466 1168 3503 non·
1178 3459 1294 3522 poetae,
1323 3452 1375 3505 sed

227 3515 391 3577 Plutarcho,
410 3531 468 3566 esse
486 3515 525 3564 tri
543 3515 635 3568 nanda
652 3516 789 3568 monuit..
808 3519 844 3570 ln
861 3536 950 3592 marg.
970 3519 1082 3571 hambb.
1110 3530 1140 3572 et
1159 3522 1248 3575 Goth.
1278 3522 1375 3575 conii·

228 3585 308 3636 citur
324 3582 516 3635 abiiciendum
533 3601 591 3637 esse
609 3584 660 3638 as't.
697 3587 730 3638 ln
749 3585 815 3639 (lael
834 3587 929 3639 Duisb.
949 3597 1006 3641 est:
1033 3605 1086 3641 aaa
1108 3593 1181 3643 male
1205 3593 1267 3660 αι’
1293 3593 1326 3656 (1.
1347 3610 1374 3646 e.
1399 3643 1402 3651 ,

227 3651 302 3718 agit)
325 3651 369 3702 as'l
389 3652 498 3705 Gallim.
528 3655 576 3706 ubi
596 3656 703 3707 lactum
726 3664 769 3708 est
792 3659 853 3710 lere
877 3658 953 3710 idem
980 3659 1055 3727 quod
1072 3661 1169 3727 paullo
1186 3663 1324 3731 superius
1343 3663 1376 3715 in

189 3788 192 3795 Ι
227 3721 322 3774 verbis
339 3720 401 3773 loc
417 3724 472 3774 ael
488 3721 522 3775 s'd
539 3722 657 3792 quidem.
685 3726 720 3778 ln
737 3726 823 3778 Marb.
844 3727 979 3779 scribitur
997 3728 1189 3782 (lallmaelsus
1210 3759 1244 3769 -
1267 3732 1376 3786 Tras'l·

227 3793 295 3846 lum
331 3791 376 3844 Ad
400 3793 570 3844 sententiam
592 3794 688 3846 laudat
710 3795 879 3848 Bouhiarius
904 3805 1016 3867 partem
1044 3800 1243 3869 inscriptionis
1261 3803 1377 3857 vetaris

227 3862 302 3930 apud
319 3861 484 3915 Fabrettum
502 3881 529 3932 p.
549 3866 610 3919 377.
631 3866 661 3916 in
679 3874 863 3918 monumento
879 3867 992 3934 puellae
1012 3868 1170 3922 cuiusdam:

391 3931 526 3999 Perpetuo
545 3933 614 3987 tals'e
630 3935 735 4001 garritu
753 3935 938 4006 lacrymisque
955 3938 1078 4004 colenda,

443 4003 559 4070 Infelix,
587 4021 654 4058 aeuo
672 4010 731 4057 lam
748 4006 806 4058 eila
842 4020 893 4058 uae
910 4006 1018 4070 caruil,

392 4072 435 4123 Aa
452 4072 534 4139 felix,
561 4090 667 4141 aegrae
682 4077 810 4143 potiare
843 4076 924 4128 duola
942 4083 1073 4130 senectae.

443 4141 492 4195 Sic
509 4143 623 4199 Hecuba
639 4146 714 4209 llemt
730 4145 899 4199 Penthesilea
917 4142 1016 4197 mame.
1035 4179 1068 4189 -

227 4207 355 4261 Priamus
378 4209 516 4265 nimirum
543 4217 753 4292 quinquaginta
780 4216 851 4268 filiis
882 4223 1023 4282 superstes
1048 4218 1120 4270 luit:
1158 4237 1233 4273 unus
1259 4238 1374 4288 nomm,

226 4277 357 4346 Troilus,
391 4281 539 4338 admodum
567 4287 689 4352 iuvenis,
717 4304 784 4341 cum
808 4282 923 4337 Achille
950 4301 1087 4359 pugnans,
1115 4289 1290 4344 interemtus
1318 4303 1374 4345 est.

226 4349 307 4425 Virg.
335 4350 403 4405 Aen
424 4354 447 4407 1.
466 4356 527 4412 475.
556 4357 626 4428 ibiq.
652 4359 745 4429 lleyn.
774 4354 844 4409 aaa.
870 4367 939 4421 quos
963 4354 1059 4410 laudat
1085 4358 1216 4428 lllopler.
1248 4362 1280 4415 in
1300 4363 1374 4416 hex.
