2812 5064
612 314 740 377 Lmen
761 314 789 393 1,
808 314 840 379 2.
1261 318 1304 381 13

136 476 226 539 stris
248 478 362 559 potitae
382 477 442 541 vel
465 478 590 565 cogniti
611 478 666 543 vel
688 478 826 560 recepti.
867 479 1073 557 Quamquam
1093 480 1201 543 estin
1223 477 1301 541 Ori-

137 560 292 643 ginibus,
312 558 431 621 solitos
453 580 526 623 esse
545 562 582 621 in
603 562 710 642 epulis
738 579 860 624 canere
880 564 1038 623 convivas
1058 559 1102 623 ad
1129 562 1302 625 tibicinem

142 741 271 797 Claudio
289 740 377 793 Caeci
394 740 427 795 F.
447 741 491 824 111ἶ
514 740 650 793 Tuditano
658 741 750 825 'Cosa
774 757 848 794 urano
875 748 940 795 onte
967 748 1062 796 natum
1079 743 1217 796 Ennium:
1245 744 1301 797 im·

141 810 853 959 23:5²3.{ttttt.1i¹t⁵..lt.¹¹‚‘¹².⁵t..‘.¹.⁸.⁰⁶.·.1⁴3·
874 830 911 933 i'.
931 814 1011 951 titt
1036 830 1217 959 ltetgt't:
1238 822 1302 939 tt:

145 954 252 1019 Ennii,
269 954 429 1024 praemissa
448 953 510 1005 eius
521 952 679 1005 Annalibus
702 969 731 1020 p.
750 951 830 1004 vtlt.
850 951 898 1021 qui
916 969 983 1004 cum
1002 902 1102 1007 tionis
1125 954 1161 1007 ad
1182 954 1300 1007 Livium

146 1026 251 1079 refert.
297 1022 353 1079 Sed
377 1024 515 1075 universe
539 1024 563 1074 is
589 1021 728 1075 videndus
753 1021 788 1073 de
813 1022 906 1074 Ennii
928 1030 1023 1075 aetate
1047 1023 1117 1091 ibiq.
1146 1024 1242 1076 laudd.
1268 1041 1299 1093 p.

147 1094 200 1147 vt!
216 1127 251 1137 -
266 1092 301 1147 X.
330 1090 544 1146 Billerbeekius
564 1094 634 1145 item
653 1100 752 1144 unonet
770 1092 806 1145 ad
824 1090 930 1143 La'ca‘um
949 1110 1012 1145 esse
1030 1092 1217 1146 referendum
1241 1092 1300 1159 qui,

148 1154 284 1236 additque
298 1164 420 1219 Livium
437 1179 540 1215 revera
557 1162 696 1215 maiorem
714 1163 805 1215 fuisse
822 1170 892 1214 natu
910 1160 1010 1215 Plauto
1029 1169 1060 1215 et
1069 1163 1188 1217 Naevio.
1226 1162 1302 1217 Nae·

148 1236 209 1287 rius
234 1245 323 1291 natus
346 1254 372 1288 a.
392 1255 420 1291 u.
447 1247 472 1287 c.
491 1234 544 1287 519
562 1230 639 1297 (520)
658 1238 791 1283 mortuus
810 1235 863 1287 549
880 1231 961 1297 (5511)
980 1239 1050 1285 natu
1068 1239 1148 1287 certe
1167 1248 1226 1285 nou
1244 1234 1302 1285 mi-

151 1314 281 1373 curerat
299 1308 409 1367 Ennio,
428 1302 491 1375 qui,
514 1310 600 1355 natus
618 1301 733 1371 quidem
754 1321 778 1355 a.
798 1304 861 1366 515,
889 1310 1022 1355 mortuus
1045 1317 1115 1356 vero
1141 1305 1203 1366 585,
1227 1302 1302 1358 Nae-

101 1424 103 1445 ,
150 1376 189 1429 vii
211 1392 370 1431 successor
393 1378 452 1429 ruit
474 1370 508 1429 in
534 1369 694 1452 tragoedia.
731 1371 848 1424 Plautus
867 1380 999 1424 mortuus
1023 1381 1067 1426 est
1084 1390 1109 1427 a,
1128 1374 1190 1427 570.
1227 1370 1302 1425 Fue·

149 1453 213 1499 aaut
238 1446 336 1521 igitur
360 1446 394 1499 hi
419 1456 478 1500 tres
504 1449 568 1503 fere
595 1442 739 1515 aequales.
782 1440 967 1505 Ciceronem,
1004 1442 1056 1509 qui
1083 1442 1153 1494 alibi
1187 1456 1300 1509 quoque

149 1516 302 1570 relativum
327 1534 491 1588 pronomen
510 1535 569 1571 non
587 1519 623 1572 ad
646 1512 780 1588 proxime
798 1512 971 1581 praecedens
997 1527 1103 1564 nomen
1123 1512 1232 1565 referat
1256 1510 1301 1573 (ut

148 1586 209 1639 un.
228 1586 254 1641 1.
273 1590 324 1645 as.
343 1590 388 1643 eo.
407 1588 438 1640 tn
455 1588 538 1643 verr.
558 1589 613 1641 111.
631 1592 675 1644 aa.
695 1586 751 1654 [so.
770 1584 806 1643 8³
825 1580 879 1649 su]
898 1580 934 1633 <10
951 1580 988 1636 N·
1006 1580 1041 1631 D·
1062 1580 1085 1632 1·
1104 1584 1146 1636 2³-
1167 1583 1211 1635 ⁶5·
1230 1579 1300 1663 Phi:

147 1656 213 1725 lipp.
234 1656 258 1709 1.
278 1662 309 1713 5.
331 1657 383 1723 la)
409 1666 510 1711 nostro
528 1659 593 1712 loco
612 1676 660 1713 eos
678 1659 756 1713 velle
774 1656 862 1711 tacite
882 1650 1097 1720 reprehendere
1123 1652 1165 1703 ait
1182 1649 1224 1717 13„
1249 1667 1299 1719 qur

145 1724 256 1781 Livium
286 1728 418 1811 primam
449 1728 576 1781 fabulam
601 1748 626 1782 a.
656 1750 684 1787 u.
706 1733 758 1785 556
782 1727 912 1783 docuisse
938 1720 1061 1791 ld00qu0
1077 1720 1188 1773 Naevio
1213 1728 1299 1789 atque

145 1794 240 1849 Plauto
260 1813 413 1851 musonem
432 1814 495 1852 esse
512 1800 744 1853 contendissent:
770 1797 920 1875 coniungi,
940 1790 1031 1849 addit.
1060 1790 1200 1843 similiter
1216 1788 1301 1843 Plau·

143 1874 203 1917 tum
223 1875 255 1920 et
274 1868 423 1921 Naevium
441 1865 476 1921 da
494 1868 541 1921 Or.
562 1870 616 1923 111.
637 1873 680 1926 12.
699 1870 743 1925 45,
779 1870 868 1923 Recte
886 1871 927 1923 ait
947 1858 1074 1921 Orellius
1088 1867 1183 1913 totum
1201 1862 1300 1913 locum

141 1934 309 1991 vindicasse
328 1936 475 1990 osannam
500 1937 582 1995 Anat.
608 1940 680 1992 erit.
699 1958 727 2009 p.
750 1944 793 1996 oo.
814 1958 877 2009 sqq.
914 1931 1111 1993 atterendum
1130 1932 1208 1983 enim
1227 1947 1300 1996 0⁵⁵0,

139 2006 194 2059 eui
212 2016 405 2083 repugnante
423 2006 455 2061 F.
474 2009 509 2061 A·
528 2010 640 2065 Wolfio
660 2010 692 2061 in
711 2008 835 2073 scholis,
862 2008 911 2079 qui
934 2010 969 2061 ad
987 2004 1114 2061 Livium.
1153 1998 1300 2062 ceterum,

136 2078 247 2151 pergit,
267 2095 311 2131 ne
329 2076 367 2129 de
385 2078 559 2153 glossemate
578 2080 749 2154 cogitemus,
767 2080 839 2132 facit
857 2094 919 2132 mos
939 2079 1098 2141 Ciceronis,
1118 2091 1176 2147 quo
1190 2070 1301 2154 doctri-

134 2162 190 2197 ne
207 2144 405 2201 ostentandae
428 2163 515 2203 causa
539 2147 612 2203 alios
630 2148 726 2203 obiter
748 2150 891 2223 castigare
917 2148 1010 2216 solet5
1032 2150 1076 2201 aio
1091 2146 1123 2201 h.
1143 2147 1164 2201 l.
1184 2145 1300 2198 Attium

135 2214 200 2269 sive
216 2216 369 2279 Attalum,
388 2216 468 2275 Brut.
487 2218 509 2282 ᾗ.
530 2220 573 2274 73.
593 2236 666 2289 quae
684 2220 759 2271 ratio
778 2216 869 2287 (quod
887 2227 985 2272 monet
1008 2226 1109 2272 contra
1127 2217 1149 2269 1.
1162 2214 1300 2279 Bedaium,

134 2302 228 2355 aquo
253 2284 453 2355 reprehensus
472 2290 569 2341 fuerat
589 2288 769 2355 eonomine)
800 2288 952 2341 Ciceronsss
975 2287 1139 2341 urbanitate
1163 2284 1251 2341 simul
1269 2293 1301 2337 et

136 2356 311 2409 reconditae
326 2354 478 2410 doctrinae
496 2357 722 2411 manifestandae
740 2359 834 2411 studio
844 2356 1046 2411 videturhaud
1055 2358 1117 2410 indi
1140 2376 1185 2413 na.
1218 2353 1298 2407 Koh-

134 2442 225 2479 nerua
244 2444 318 2479 cum
338 2426 371 2479 F.
389 2426 422 2481 A.
441 2427 554 2481 Wolfio
572 2430 653 2493 lacit,
671 2426 734 2496 (qui
753 2446 789 2481 ex
808 2427 914 2480 duabus
932 2427 1042 2481 Glossis
1061 2376 1217 2479 confictum
1236 2442 1298 2479 esse

134 2494 292 2581 conte-adit
315 2494 375 2549 lroc
398 2494 636 2581 additamentum)
665 2498 873 2580 contenditque
896 2496 1027 2580 primum
1059 2496 1107 2565 qui
1133 2497 1236 2580 dobere
1262 2494 1300 2549 ad

133 2582 329 2689 mittit.
339 2570 603 2705 ”tttfftttistt
619 2565 859 2690 imitate
874 2565 1007 2707 iiiiii?
1018 2567 1298 2691 :tttttttl'tlt

137 2708 296 2762 nouerit
339 2702 416 2757 Tum
442 2708 467 2759 si
486 2707 536 2759 vel
553 2707 587 2759 ad
605 2707 723 2759 Livium
742 2709 889 2760 referatur
907 2706 963 2773 qui,
983 2707 1112 2759 ieiunum
1130 2706 1217 2776 plane
1236 2722 1298 2761 esse

139 2782 166 2831 et
178 2776 228 2829 lan
274 2776 363 2829 idum
382 2775 439 2829 hoc
456 2776 695 2841 additamentum,
715 2775 936 2845 doctrinamque
951 2776 1098 2829 Ciceronis
1114 2777 1179 2831 loco
1197 2777 1298 2847 inepto

139 2844 238 2899 hoton
260 2864 297 2899 us
324 2846 461 2916 proponi.
505 2845 579 2899 Itlihi
603 2862 684 2910 vero,
715 2862 748 2898 re
772 2847 882 2899 iterum
906 2854 935 2899 et
958 2846 1050 2899 denuo
1070 2863 1232 2967 perpensa,
1262 2844 1297 2899 ab

141 2914 235 2969 mettii
261 2916 408 2987 partibus
431 2915 563 2969 standum
586 2916 720 2979 videtur,
750 2916 925 2985 praesertim
953 2934 1019 2969 cum
1038 2917 1068 2967 iu
1090 2917 1179 2969 icium
1199 2916 1233 2970 de
1252 2930 1297 2979 eo,

140 2986 207 3057 qaod
223 2986 380 3071 langueat
398 2994 428 3038 et
447 2988 580 3055 ineptum
597 2985 742 3049 videatur,
762 2986 971 3054 certaquadam
991 3002 1092 3041 norma
1110 2986 1296 3051 destituatur,

139 3072 235 3127 neque,
262 3074 292 3109 ει
319 3056 372 3109 vel
390 3058 516 3109 maxime
535 3058 615 3109 inter
632 3071 684 3107 nos
704 3054 738 3107 de
758 3071 790 3108 eo
810 3056 990 3117 conveniret,
1016 3054 1046 3106 id
1064 3056 1214 3125 impediat,
1239 3070 1296 3124 quo

138 3128 224 3179 ninus
244 3126 390 3209 scriptor
414 3126 734 3209 ceteroquincptimus
753 3123 865 3191 aliquid
885 3125 1080 3208 'loconparmn
1104 3126 1296 3207 conveniente

135 3194 751 3331 caretro-tata.‘atate
767 3192 913 3333 ..tae
929 3193 1173 3319 ereas-..t
1196 3202 1297 3335 stet:

131 3344 194 3403 us,
223 3354 304 3391 cum
331 3336 450 3391 Wolfio
467 3334 663 3403 Schtitsioque
686 3336 773 3388 verba
791 3333 840 3403 qui
855 3334 914 3400 suit
936 3365 966 3375 -
984 3334 1108 3388 Naeuius
1126 3335 1194 3388 tolli
1220 3334 1295 3389 vult.

126 3406 259 3461 [ninius
290 3404 327 3459 in
358 3404 488 3461 Censura
511 3405 565 3458 Ed.
590 3404 724 3459 lliihneri
752 3406 797 3471 (A.
817 3403 967 3485 Schulztg.
994 3408 1071 3462 183⁰.
1094 3409 1154 3460 llo.
1180 3424 1210 3475 p.
1230 3404 1295 3471 893)

124 3496 185 3533 cum
204 3476 369 3531 K'u'hnero
394 3476 477 3539 facit,
503 3476 590 3529 verba
618 3475 666 3543 qui
688 3476 745 3541 fuit
766 3506 798 3516 -
823 3481 849 3527 et
866 3474 991 3527 Nueruea
1015 3477 1115 3544 spuria
1139 3494 1199 3531 esse
1218 3474 1296 3530 iudi·

121 3556 213 3611 cante,
239 3566 322 3601 cum
344 3554 378 3601 et
433 3546 445 3597 i
462 3546 645 3599 incommodo
665 3546 703 3597 sit
722 3543 796 3610 loco,
822 3553 851 3597 et
869 3552 1035 3615 temporum
1053 3546 1129 3598 ratio
1148 3562 1207 3600 non
1226 3562 1296 3599 con·

121 3618 231 3683 veniat,
264 3634 376 3687 neque
395 3562 471 3669 iilum
494 3616 557 3671 loco
586 3616 721 3669 videatur
745 3614 965 3667 accommodata.
1006 3614 1071 3668 Vid
1098 3616 1197 3679 etiam,
1222 3632 1296 3685 quae

119 3689 306 3761 nuperrime
333 3686 500 3757 disputavit
523 3688 558 3739 de
582 3684 640 3739 hoc
659 3686 723 3739 loco
742 3700 845 3739 censor
863 3684 916 3737 Ed.
935 3684 1139 3741 Ktihnerianae
1164 3686 1296 3756 Lipsien-

119 3762 156 3815 ὢ
175 3762 264 3817 1831.
289 3760 359 3813 199-
379 3773 410 3827 p.
430 3758 507 3813 1589.
525 3757 584 3809 Mr.

186 3846 214 3885 c.
234 3832 270 3887 ².
304 3826 385 3882 Sero
412 3826 532 3895 igitur
559 3843 577 3878 α
605 3826 723 3892 uostris]
764 3826 819 3878 Pro
837 3824 932 3893 igitur
951 3834 995 3880 est
1022 3826 1132 3893 quidem
1156 3829 1187 3880 in
1207 3826 1295 3881 Ccdd.

119 3900 187 3977 leg.
206 3904 239 3956 3.
265 3899 353 3953 Gud.
392 3898 461 3950 Mox
478 3895 577 3949 Duisb.
597 3905 626 3951 et
644 3900 710 3950 ltlon
738 3900 764 3951 2.
787 3898 927 3949 scribitur
945 3913 1111 3967 qumquem
1130 3898 1189 3951 eni
1196 3916 1223 3950 m
1241 3904 1294 3963 eat,

119 3972 194 4043 prod
211 3970 353 4025 videtur
378 3969 564 4030 correctoris,
592 3970 641 4037 qui
661 3968 784 4033 videret,
811 3968 900 4019 verba
924 3982 1090 4036 quamquam
1118 3976 1157 4021 est
1182 3967 1216 4022 ad
1243 3986 1296 4039 po·

121 4044 244 4097 sterion
266 4056 340 4095 esse
361 4037 527 4101 referenda,
547 4039 641 4106 iisque
656 4038 765 4108 opponi
776 4038 941 4108 sequentia:
960 4034 1089 4092 honorem
1107 4046 1220 4095 tamen
1238 4048 1294 4095 etc.

123 4112 180 4167 cod.
193 4114 281 4189 Aug.
303 4108 404 4163 habet
422 4108 529 4175 agniti.
565 4108 625 4159 Mr.

185 4202 241 4255 201
260 4200 295 4253 aie
317 4195 511 4265 Originibus]
529 4198 566 4251 itt.
585 4196 681 4249 Porcii
701 4196 818 4249 Catonis
846 4213 918 4268 opus
936 4198 988 4267 qui
1006 4214 1091 4251 senex
1108 4199 1232 4253 scribere
1249 4197 1294 4253 ta·-

128 4273 227 4327 Μαι
247 4270 406 4332 instituit,
427 4283 546 4337 quaram
565 4272 629 4319 aunt
657 4266 726 4319 cort
750 4271 860 4335 reptem
904 4268 1018 4321 Primus
1035 4270 1158 4323 continet
1181 4286 1227 4323 ree
1244 4286 1294 4336 ge·

130 4350 178 4395 dn
198 4359 306 4415 regum
324 4342 361 4396 P.
384 4338 424 4391 R.
444 4337 587 4391 Secundus
611 4343 637 4390 et
655 4336 767 4399 tertius,
794 4339 865 4391 unde
893 4354 1016 4409 quaeque
1033 4340 1136 4393 civitae
1163 4349 1227 4393 orta
1253 4340 1294 4391 sit

132 4414 232 4483 italien,
267 4415 304 4469 oo
329 4426 427 4483 quam
459 4425 518 4461 rem
542 4424 635 4461 omncs
659 4407 836 4475 Origines
859 4408 971 4463 videtur
995 4412 1162 4480 appellatae,
1194 4416 1227 4462 ut
1250 4409 1292 4461 ait
