2828 5070
561 317 691 380 urana
710 318 738 399 1,
759 319 812 385 ar.
1205 318 1277 387 aar:

105 486 324 550 lamentatus:
351 494 448 567 quam
470 503 573 566 mum
594 485 679 570 lego,
712 483 797 545 nihil
818 485 915 562 malo,
937 504 1036 567 quam
1056 485 1115 550 has
1137 507 1192 550 res
1213 507 1268 551 re-

107 570 279 651 linquere:
308 567 359 627 his
380 586 463 628 vero
486 566 585 628 modo
607 567 743 643 auditis,
776 568 885 628 multo
912 572 1028 654 magis.
1072 569 1121 630 M.
1143 571 1268 634 Veniet

107 660 252 733 tempus,
275 649 465 732 etquidem
487 651 661 711 celeriter:
684 657 718 710 et
743 651 815 710 sive
838 651 1036 712 retractabis
1057 653 1126 713 sive
1148 673 1267 737 prope·

108 836 220 891 auditis
238 837 306 902 (om.
326 838 419 902 modo)
440 838 525 890 codd.
546 837 590 889 Au
614 877 619 888 .
640 837 774 891 unusOx.
794 837 882 889 Marb.
902 837 992 891 Rehd.
1012 840 1086 890 Mon.
1098 842 1123 894 Ἃ.
1144 840 1226 893 vind.
1238 844 1264 897 2.

106 910 180 962 md.
209 908 243 960 A.
270 910 302 961 B.
324 908 351 962 S.
372 910 406 961 E.
427 909 457 962 C.
477 910 510 960 V.
530 911 567 960 bl.
587 855 668 964 iunt.
696 910 766 960 Ven.
796 918 885 960 nostr.
914 908 977 960 Asc.
999 914 1023 965 l.
1043 911 1069 964 2.
1096 911 1172 962 Cam.
1200 912 1264 964 Ala.

106 979 486 1049 Rcb.steph.t.all.01iv.
508 1007 541 1016 -
582 981 655 1034 Vero
679 978 789 1030 omittit
817 998 890 1031 unus
915 982 965 1033 Ox.
994 997 1061 1032 cum
1085 981 1137 1033 Ed.
1158 981 1193 1031 H.
1231 983 1266 1035 ln

103 1067 167 1103 uno
185 1050 237 1102 Ox.
266 1050 404 1103 scribitur
430 1049 475 1102 bie
500 1052 599 1103 modo
624 1066 705 1102 vera
729 1049 848 1107 auditis.
887 1049 970 1103 Solus
988 1049 1061 1126 Aug.
1081 1051 1192 1104 omittit
1211 1050 1265 1105 itis.

104 1121 172 1174 nuo
191 1121 262 1172 Oxx.
273 1130 455 1192 praeponunt
472 1123 538 1173 voci
557 1121 602 1174 die
613 1138 717 1174 nomen
735 1121 853 1174 Marcir
868 1121 915 1173 ine
936 1131 974 1175 te.
995 1122 1029 1174 ln
1040 1140 1118 1192 seqq.
1131 1140 1203 1173 unus
1214 1123 1264 1177 Ox.

103 1208 163 1263 pro
179 1192 312 1245 celeriter
324 1192 409 1245 habet
423 1192 534 1245 aderit:
551 1191 674 1244 extrusit
688 1192 829 1243 nimirum
843 1193 884 1243 ibi
898 1140 990 1267 giossa
1006 1209 1102 1245 veram
1119 1193 1266 1247 Ciceronis

103 1263 307 1333 scriptionem.
346 1263 425 1328 Quod
448 1264 581 1332 sequitur
604 1267 630 1314 et
655 1271 718 1331 post
745 1262 887 1325 celeriter,
916 1262 1046 1334 elliptice
1064 1265 1189 1336 positum
1212 1274 1265 1331 eet,

103 1349 163 1456 pro
183 1339 210 1385 et
228 1334 318 1386 veniet
337 1335 425 1387 adeor
457 1334 637 1405 inservitque
661 1333 832 1408 gradationi.
861 1333 924 1385 Vid.
946 1335 1070 1410 Herzog.
1090 1334 1124 1388 ad
1143 1333 1265 1400 Quintil.

133 1440 143 1456 .
191 1407 262 1460 .9⁵.
300 1404 381 1470 Quod
407 1406 430 1456 si
459 1405 499 1457 ita
527 1404 740 1474 interpreteris,
768 1419 826 1456 non
849 1405 915 1469 erit,
944 1404 1021 1473 quod
1042 1422 1109 1457 cum
1127 1404 1265 1461 Kiihnero

103 1422 189 1527 inni
204 1480 232 1526 et
251 1475 375 1540 abiicias,
395 1475 472 1545 quod
490 1483 569 1527 certe
587 1475 779 1528 abiiciendum
797 1483 879 1539 esset,
899 1475 923 1526 si
935 1492 1002 1527 cum
1015 1492 1047 1529 eo
1066 1475 1263 1551 intelligeres:

105 1545 258 1614 „Tempus
276 1547 379 1598 mortis
398 1554 427 1598 et
446 1545 583 1598 celeriter
600 1547 692 1610 venit,
720 1553 759 1612 et,
785 1547 845 1598 sive
864 1554 988 1598 mortem
1007 1547 1094 1621 iugis,
1122 1547 1183 1600 sive
1201 1565 1265 1601 eam

104 1634 144 1669 ex
197 1616 230 1679 is,
249 1617 375 1670 venit:“
394 1634 450 1686 qua
469 1616 585 1685 quidem
604 1616 715 1668 ratione
727 1624 806 1668 certe
814 1615 906 1669 'verba
922 1618 997 1669 volat
1018 1618 1091 1670 enim
1110 1625 1188 1671 aetas
1206 1637 1264 1672 non

103 1686 145 1739 lta
182 1694 258 1750 rent,
286 1703 343 1756 quo
368 1688 560 1739 referrentur.
606 1688 685 1761 Ergo
709 1686 764 1738 hoc
788 1686 875 1739 etiam
892 1686 956 1739 loco
980 1690 1158 1752 factumest,
1187 1691 1264 1758 quod

103 1757 272 1827 saepissime
281 1759 417 1810 accidisse
425 1758 558 1823 vidimus,
569 1765 602 1808 ut
612 1775 647 1809 ex
657 1758 750 1808 minus
760 1766 838 1809 recta
847 1758 1086 1826 interpretatione
1096 1759 1264 1812 emendandi

103 1828 261 1882 necessitas
273 1830 408 1881 oriretur.
432 1829 513 1881 Unus
524 1829 574 1880 Ox.
590 1828 722 1880 Kiihneri
735 1828 916 1880 coniecturae
929 1829 1017 1892 favet,
1030 1830 1132 1880 omisso
1144 1834 1177 1880 et.
1203 1831 1263 1883 Mr.

180 1897 247 1952 Siue
265 1898 448 1963 retractatis]
482 1898 551 1963 „Sic
569 1898 636 1952 Cod.
657 1898 854 1964 Memmianus,
874 1897 1052 1950 Huralhinua
1072 1898 1102 1951 et
1119 1899 1261 1952 Danielis:

103 1969 185 2038 qnod
202 1970 302 2039 probo,
328 1979 356 2022 et
374 1970 414 2020 ita
432 1969 629 2038 reponendum
647 1985 757 2033 censeo,
784 1969 892 2021 reiecta
914 1970 1033 2022 rubrata
1055 1968 1182 2022 lectione
1205 1969 1263 2023 eive

103 2041 332 2093 retardabis.
370 2041 445 2092 Nam
463 2041 612 2092 retardare
630 2049 672 2093 est
685 2040 805 2092 verbum
823 2017 984 2092 acumini
999 2038 1160 2094 Lambinus.
1187 2041 1264 2107 „Re-

103 2111 245 2164 tractatis
263 2112 295 2161 in
313 2110 441 2180 Gryphii
466 2110 541 2165 libro
565 2111 777 2180 scriptumest,
805 2128 890 2180 quam
915 2110 1072 2165 lectionem
1099 2130 1263 2186 germanam

103 2198 166 2235 esee
184 2197 269 2233 nemo
288 2182 419 2234 dubitare
438 2180 528 2232 debet.
566 2182 639 2234 Usus
667 2191 708 2233 est
734 2181 790 2233 hoc
815 2181 904 2233 verbo
923 2181 954 2232 in
972 2183 1027 2234 hac
1051 2183 1261 2255 significatione

103 2251 269 2306 Columella
294 2253 331 2304 11.
351 2254 378 2317 2,
410 2267 466 2320 quo
490 2252 553 2304 loco
579 2269 684 2321 equum
710 2253 895 2304 calcitrosum
923 2260 952 2303 et
978 2260 1176 2305 retractantem
1196 2254 1261 2304 lieri

103 2323 200 2389 docet,
226 2323 275 2374 ubi
302 2323 366 2392 quis
390 2339 455 2374 eum
474 2322 602 2374 crebrius
630 2322 746 2374 stimulo
763 2323 890 2374 lacessat.
898 2320 917 2348 ‘⁴
935 2323 1051 2374 Brutus.
1089 2323 1263 2375 Retardabie

103 2392 214 2447 hbent
232 2411 299 2446 cum
317 2393 384 2446 Cori.
406 2393 503 2444 Gueli.
524 2402 583 2444 tres
602 2393 671 2444 Oxx.
692 2393 765 2467 Aug.
786 2392 857 2444 Edd.
877 2391 911 2443 Ε.
930 2391 961 2443 Β.
982 2392 1010 2445 S.
1030 2392 1064 2445 Α.
1085 2395 1121 2444 Μ.
1142 2393 1173 2443 li.
1189 2395 1258 2444 Ven.

103 2474 196 2518 nostr.
225 2464 288 2516 Asc.
316 2469 340 2518 l.
367 2465 467 2515 Venet.
494 2467 519 2519 2.
558 2463 675 2525 Reiskii,
705 2465 823 2532 eiusque
851 2462 923 2515 Med.
950 2468 973 2518 l.
994 2465 1019 2517 2.
1049 2471 1079 2515 et
1106 2461 1170 2514 Ald.
1199 2470 1263 2513 tum

103 2536 229 2590 nwotr.
259 2534 325 2600 (bic
350 2550 419 2586 vero
448 2535 479 2585 in
502 2534 668 2604 parenthesi
696 2534 874 2596 retractabit,
903 2550 1076 2602 quamquam
1100 2548 1158 2585 non
1181 2542 1262 2586 recte

103 2607 204 2659 intelli
227 2607 251 2658 it
259 2643 268 2672 ,
301 2605 468 2657 subaudiens
500 2604 666 2657 sententiam
699 2604 800 2669 istam)
831 2604 938 2656 Sturm.
967 2604 1046 2674 sylb.
1079 2604 1145 2658 Ald.
1179 2604 1261 2657 Boul.

103 2625 247 2730 Deieuiit
282 2676 445 2728 retardabis
480 2677 641 2745 Wopkens.
678 2693 705 2744 p.
736 2679 784 2739 74,
815 2675 912 2726 dicens
946 2693 975 2727 se
1005 2676 1136 2759 opposita
1167 2683 1262 2730 retar-

107 2748 191 2802 datie
211 2757 239 2800 et
256 2747 424 2814 properabis
444 2747 484 2804 ita
502 2746 598 2798 intelli
623 2763 679 2809 ere,
699 2755 730 2797 ut
748 2763 803 2816 per
821 2745 872 2796 illa
887 2747 1026 2816 temporis
1044 2747 1125 2798 illius
1137 2747 1262 2809 formido

104 2837 141 2872 ao
165 2818 339 2872 desiderium
366 2818 556 2891 significetur.
613 2818 710 2869 oniert
733 2825 881 2886 praeterea
905 2818 1047 2870 Graecum
1074 2817 1203 2873 σπεύδειν
1226 2836 1261 2884 rr,

111 2891 189 2960 quod
207 2891 245 2943 sit
264 2904 436 2962 magnopere
460 2887 630 2952 desiderare,
657 2887 770 2939 laudata
788 2888 841 2958 Ep.
862 2890 887 2942 2.
909 2888 988 2941 Petri
1006 2889 1059 2941 111.
1080 2892 1122 2944 12
1160 2889 1262 2942 Probat

106 2961 236 3014 liandius
255 2962 286 3012 in
304 2959 487 3010 annotatione
506 2958 616 3010 dicens:
638 2958 743 3023 „Alter
754 2959 983 3026 colloquentium
995 2959 1118 3025 dixerat,
1137 2977 1166 3012 se
1185 2976 1263 3011 nunc

109 3033 315 3101 concupiscere
334 3039 466 3082 mortem.
504 3029 580 3081 Tum
599 3030 710 3092 Cicero,
729 3030 826 3081 veniet
847 3029 932 3091 (male
952 3024 1029 3080 addit
1047 3030 1158 3100 Wopk.
1179 3029 1263 3093 enim)

109 3109 233 3172 tempus,
263 3102 369 3169 inquit,
402 3102 463 3151 sive
491 3101 647 3153 retardabis
672 3117 798 3161 cursum,
819 3101 892 3168 *sive
918 3100 1092 3169 properabis.
1135 3099 1263 3152 Celerius

110 3173 190 3226 enim
216 3171 294 3223 volat
321 3171 380 3241 ipsa
402 3170 507 3222 aetas.“
534 3170 706 3223 Retardabie
737 3169 869 3239 probavit
897 3171 983 3220 etiam
1006 3169 1157 3221 Heinrich.
1187 3168 1261 3222 obss.

109 3261 136 3314 p
160 3246 222 3296 111.
245 3243 389 3293 referente
413 3241 560 3294 Schiitzio.
598 3240 769 3293 Bouhierius
795 3240 860 3291 vult
885 3238 1051 3292 retrectabie
1077 3248 1110 3290 ut
1137 3240 1175 3291 sit
1194 3239 1213 3288 i.
1234 3256 1261 3308 q.

111 3311 294 3375 detrectabit,
312 3311 464 3380 laudatque
484 3313 576 3380 ipsum
594 3312 782 3381 participium
799 3309 940 3363 iuvencum
958 3316 1211 3362 retrectantem
1230 3327 1265 3362 ex

110 3385 175 3437 loco
186 3382 362 3437 Columellae
381 3402 397 3434 a
409 3385 497 3434 Bruto
516 3382 637 3433 laudato.
675 3383 714 3433 Et
732 3381 816 3433 habet
836 3380 1002 3433 retrectabie
1021 3381 1074 3432 Ed.
1091 3381 1153 3433 Car.
1164 3380 1262 3451 steph.

110 3454 200 3509 Addit
217 3452 388 3506 Bouhierius
406 3454 556 3505 retardare
576 3453 693 3522 quidem
712 3461 837 3504 mortem
856 3453 1000 3504 neminem
1024 3468 1113 3521 posse.
1151 3451 1266 3521 Anony-

111 3528 175 3578 mus
194 3544 237 3594 ap.
252 3525 410 3577 Olivetum:
430 3530 588 3575 retractare
602 3533 630 3575 et
650 3529 805 3576 retrectare
819 3522 936 3576 differre
949 3531 981 3574 ut
1000 3522 1097 3575 tavare
1115 3532 1144 3574 et
1161 3524 1264 3589 lavere,

112 3595 249 3664 impartio
265 3604 293 3647 et
308 3596 448 3663 impertio.
477 3595 531 3659 Qui
545 3603 678 3647 recusant
691 3602 764 3645 stare
777 3594 874 3662 pactis,
889 3597 985 3646 iacere
998 3594 1120 3660 aliquid,
1138 3594 1182 3647 iro
1194 3611 1266 3665 quo·

112 3667 190 3737 piam
204 3677 257 3718 etc.
272 3676 418 3730 revocant,
435 3664 596 3728 retrahunt,
610 3672 767 3716 retractant
779 3665 864 3727 dicta,
879 3682 1005 3729 manum,
1013 3665 1116 3735 pedem
1127 3674 1180 3718 etc.
1191 3667 1263 3719 Ern.

114 3737 285 3790 retractabis
304 3738 430 3805 explicat
455 3736 685 3801 tergiversatum.
707 3735 773 3787 Cod.
794 3734 882 3787 Relid.
902 3735 987 3788 habet
1005 3734 1171 3788 retraheris.
1202 3737 1263 3789 Mr.

183 3809 249 3862 Sive
260 3808 432 3860 retractabis
444 3809 501 3858 siue
516 3806 691 3876 properabis]
711 3807 824 3858 Cantab.
836 3806 976 3872 probabis.
997 3807 1074 3880 Lego
1084 3806 1205 3874 parebis.
1226 3807 1263 3859 D.

185 3879 252 3932 Sive
280 3878 450 3931 retractabis
475 3878 533 3929 siue
558 3876 743 3945 properabis]
781 3877 974 3942 „lietardabie
993 3909 1024 3918 -
1041 3878 1208 3944 properabit
1236 3887 1265 3931 et

114 3961 247 4004 vetorum
264 3950 336 4002 Edd.
357 3959 386 4001 et
400 3950 484 4001 codd.
505 3949 615 4016 aliquot
634 3949 808 4017 scriptorum
827 3957 867 3999 est
886 3947 983 4009 lectio,
1003 3964 1089 4015 quam
1107 3949 1187 3999 varie
1205 3948 1265 4001 viri

114 4021 193 4074 docti
212 4029 369 4084 mutarunt,
396 4036 448 4088 pro
473 4020 633 4071 retardabis
659 4019 709 4070 alii
727 4017 903 4082 retractabis,
931 4017 983 4070 alii
1001 4019 1182 4072 retractabit:
1210 4036 1265 4090 pro

114 4092 288 4161 properabis,
308 4091 359 4142 alii
379 4091 580 4159 obtemperabis
593 4090 719 4154 (Bruti),
738 4091 790 4141 alii
805 4089 944 4157 probatis,
963 4089 1014 4140 alii
1031 4090 1146 4157 parebis
1163 4091 1264 4165 legen·

115 4171 166 4228 tes,
187 4180 311 4231 quorum
329 4163 407 4213 nihil
425 4164 528 4231 placet.
567 4162 706 4226 Quorsum
725 4161 804 4213 enim
821 4161 936 4212 Tullius
955 4162 1141 4213 necessariam
1161 4162 1262 4215 mortis

117 4232 298 4285 imminentis
325 4233 519 4286 conditionem
538 4233 668 4284 ostendat
695 4232 732 4294 ei,
760 4233 810 4299 qui
837 4231 881 4282 nil
906 4232 996 4305 inagis
1019 4232 1110 4302 cupit,
1138 4232 1195 4284 nisi
1212 4231 1264 4284 has

115 4320 160 4357 res
179 4304 369 4372 relinquere?
406 4303 489 4356 Certe
509 4321 561 4356 nec
580 4321 646 4355 cum
664 4304 774 4354 ratione
792 4303 857 4365 hoc,
885 4318 938 4354 nec
956 4303 1085 4372 proiecto
1111 4303 1197 4354 nimis
1215 4320 1265 4354 uri·

115 4372 195 4426 bane.
233 4376 304 4438 imo,
330 4375 354 4426 si
373 4376 472 4444 sapiat,
500 4374 555 4426 hoc
581 4392 670 4426 unum
694 4374 811 4438 dixerit,
839 4373 916 4442 quod
933 4382 962 4426 et
981 4391 1026 4427 res
1044 4372 1140 4436 habet,
1167 4380 1198 4426 et
1215 4389 1265 4424 cu·

114 4445 210 4514 pienti
229 4446 321 4497 fuerit
338 4446 545 4520 gratissimum,
562 4446 612 4498 vel
631 4445 827 4521 longissimam
839 4460 950 4498 moram
967 4444 1085 4498 brevem
1095 4459 1163 4498 erse.
1186 4442 1266 4519 Ergo

142 4539 224 4585 cicera
240 4539 306 4585 Tusr.
319 4542 389 4598 Drap.
404 4544 439 4585 at.
453 4542 537 4588 Moser.
554 4540 606 4585 Η.
1020 4549 1063 4614 Π
