2828 5070
69 678 331 755 cromoms
356 676 770 757 ‘roscouauaauu
794 674 1217 755 DISPUTffloNUM

51 877 61 905 ,
284 814 424 889 mem
453 814 598 915 emm
621 811 990 889 monuments.

513 969 764 982 tm·-

124 1084 296 1177 praetatus
320 1118 357 1175 de
375 1118 511 1174 instituto
549 1116 734 1190 hilosoplsiae
753 1118 880 1173 Graecae
897 1116 1011 1172 Latinis
1030 1119 1128 1173 literis
1147 1120 1219 1174 illu-

64 1195 201 1261 strandae,
222 1200 269 1256 ut,
289 1192 320 1243 in
340 1207 396 1260 qno
414 1207 471 1244 uno
489 1209 507 1243 a
555 1190 647 1242 raeeis
671 1189 862 1245 vincerentur
879 1188 1011 1255 Romani,
1039 1190 1069 1243 id
1087 1190 1123 1244 ad
1141 1192 1152 1243 i
1173 1208 1218 1245 sos

94 1281 174 1334 oque
193 1264 419 1327 transferretur,
439 1278 463 1312 c.
485 1263 576 1315 1-t.
605 1260 690 1329 ponit
707 1259 748 1325 id,
767 1258 801 1314 de
820 1275 877 1329 quo
896 1266 957 1311 tota
976 1267 1019 1314 est
1058 1260 1129 1313 rimi
1146 1209 1219 1315 llbri

79 1337 84 1348 '
119 1335 237 1387 utatio:
256 1334 305 1383 An
321 1346 400 1385 more
417 1332 521 1383 mlum
538 1327 600 1383 tit?
621 1330 699 1401 quod
716 1330 821 1384 deinde
839 1328 941 1381 multis
959 1277 1081 1386 reielflt.
1119 1333 1218 1385 Primo

63 1402 194 1470 ostendit,
228 1410 355 1455 mortem
382 1416 442 1454 uon
461 1416 546 1471 posse
572 1394 682 1453 meluis
707 1417 769 1453 esse
793 1399 928 1463 mortuis,
955 1399 1032 1483 quod
1058 1401 1131 1455 l'alsa
1157 1403 1219 1455 sint

63 1477 164 1539 anaia,
195 1489 274 1542 quae
299 1470 335 1523 de
358 1470 463 1525 inferis
486 1469 563 1541 apud
588 1473 688 1540 poetas
706 1476 932 1535 narrentur,.et,
951 1487 1137 1540 unusquam
1157 1472 1218 1525 sint

63 1546 177 1607 mortui,
196 1558 259 1595 non
277 1541 391 1611 possint
414 1558 474 1595 esse
492 1541 605 1605 miseri,
625 1539 701 1610 quod
719 1536 766 1595 nil
783 1541 920 1604 sentiant,
937 1557 1032 1610 neque
1049 1540 1119 1595 adeo
1138 1559 1218 1597 mors

61 1616 175 1669 nalum.
202 1630 231 1666 c.
249 1613 342 1666 ⁵2⁷.
378 1610 492 1664 Deinde
507 1627 568 1663 nen
596 1628 658 1665 esse
683 1609 794 1664 rnalum
818 1617 943 1663 mortem
971 1612 1124 1664 morituris
1143 1616 1216 1673 c.8·

62 1685 261 1739 demonstrare
287 1680 421 1751 suscipit.
469 1682 547 1734 llere
566 1678 638 1750 quid
661 1681 710 1745 sit,
737 1696 798 1732 non
827 1684 959 1734 constare
984 1680 1063 1734 inter
1086 1680 1217 1752 philoso-

62 1755 140 1825 phos,
169 1753 224 1824 qui
250 1751 287 1805 de
313 1750 427 1803 Natura
453 1748 546 1803 animi
569 1746 654 1803 valde
676 1750 861 1805 dissentiant:
893 1765 919 1805 o.
946 1752 973 1804 9.
1001 1752 1045 1807 ld.
1074 1769 1132 1820 qua
1157 1769 1218 1807 non

62 1828 175 1901 cognita
192 1840 234 1877 ne
251 1837 331 1875 mors
349 1820 467 1891 quidem
485 1820 580 1891 qualis
599 1822 639 1873 sit
655 1837 738 1890 posse
757 1816 898 1893 intelligi.
928 1818 982 1885 Qui
1000 1821 1132 1873 animum
1151 1840 1219 1876 cum

62 1912 180 1965 corpore
199 1888 392 1955 confundant,
420 1889 576 1945 interitum
595 1892 684 1945 etiam
702 1892 810 1947 mentis
829 1897 859 1942 et
876 1890 1009 1973 corporis
1029 1892 1218 1967 coniungere,

63 1966 189 2034 reliquos
222 1979 305 2032 spem
331 1961 561 2016 immortalitatis
595 1958 710 2017 afferre.
755 1959 899 2030 Quicquid
923 1967 971 2024 stt,
1004 1969 1132 2015 mertem
1158 1979 1218 2017 non

63 2052 115 2087 esse
142 2033 267 2086 malum.
304 2030 381 2085 Nam
405 2032 431 2085 si
449 2030 575 2085 intereat
598 2032 722 2095 animus,
751 2047 891 2087 neeesse
914 2030 1071 2085 miserum:
1100 2034 1147 2085 sin
1169 2051 1218 2087 su·

62 2113 169 2173 perstea
188 2105 231 2156 sit
249 2103 382 2171 eorporis
400 2100 504 2165 ruinis,
523 2100 639 2155 beatum
657 2119 728 2156 esse.
748 2120 773 2158 c.
785 2108 827 2157 11.
852 2100 1107 2157 immortalitatem
1119 2110 1216 2158 autem

62 2176 148 2228 animi
177 2171 351 2227 confirmari
383 2172 556 2225 auctoritate
583 2172 767 2241 antiquitatis
799 2170 903 2232 omnis,
937 2188 962 2223 c.
988 2172 1033 2227 ll·
1064 2175 1106 2229 13.
1136 2190 1216 2239 cura,

62 2262 141 2313 quam
167 2246 294 2315 quisque
318 2258 418 2294 rerum
444 2248 510 2311 post
533 2251 659 2296 mortem
686 2244 854 2295 futurarum
873 2248 1003 2317 gerat,c
1031 2245 1066 2297 14
1083 2260 1128 2326 sq.
1148 2258 1217 2296 eon·

61 2332 141 2368 sensu
159 2315 314 2367 nationum
340 2311 482 2375 omnium,
502 2329 527 2363 c.
547 2315 589 2367 lo.
614 2321 719 2367 natura
742 2313 909 2365 animorum
926 2308 976 2363 vel
1001 2312 1123 2365 animali
1139 2311 1170 2363 h.
1191 2329 1217 2365 e.

63 2385 205 2453 spirabili,
225 2381 274 2436 vel
293 2382 389 2455 ignea,
408 2399 471 2450 qua,
492 2398 557 2433 cum
572 2397 694 2452 corpore
707 2383 895 2445 excesserint,
913 2388 1037 2450 propter
1050 2381 1216 2456 agilitatem

64 2454 88 2506 in
106 2455 237 2507 sublime
253 2455 397 2516 ferantur,
417 2468 442 2503 e.
459 2452 503 2506 17.
523 2450 630 2505 divinis
648 2450 774 2523 denique
792 2451 887 2514 rebus,
906 2467 980 2521 quae
997 2451 1095 2505 animo
1114 2452 1216 2518 insint,

111 2543 128 2577 e
147 2541 205 2577 nee
222 2541 240 2575 a
258 2536 381 2590 corpore
400 2520 484 2585 eriri,
504 2522 607 2575 necin
627 2531 704 2576 terra
722 2530 807 2575 natae
825 2539 887 2575 esse
904 2521 1027 2591 possint.
1053 2539 1078 2578 c.
1098 2522 1214 2579 tt-at.
1258 2541 1263 2550 ·

83 2593 138 2646 aod
156 2601 256 2646 autem
280 2593 378 2659 primo
403 2598 559 2659 propterea
618 2593 694 2645 'dam
718 2592 848 2644 animum
873 2610 889 2643 a
912 2607 1036 2660 corpore
1055 2592 1215 2647 discretum

64 2672 175 2737 negent,
203 2661 291 2731 quod,
319 2660 368 2713 ubi
393 2660 432 2713 sit
459 2669 509 2713 aut
526 2609 688 2731 quatffisit,
707 2680 766 2715 non
786 2659 964 2737 intelligant,
993 2661 1024 2715 id
1050 2680 1111 2717 esse
1135 2663 1215 2729 levet

64 2734 132 2802 quod
149 2750 207 2785 nec
227 2732 321 2784 oeulis
344 2747 374 2782 se
391 2728 496 2791 videat,
517 2740 547 2785 et
563 2732 687 2799 animus,
706 2750 882 2801 quamquam
900 2748 959 2785 non
978 2751 1058 2785 suam
1076 2735 1214 2801 formam,

64 2811 155 2856 tamen
174 2800 374 2877 sagacitatem,
393 2801 576 2865 memoriam,
604 2802 755 2877 ingenium
773 2803 878 2855 videat.
902 2821 927 2855 c·
947 2804 991 2859 28.
1010 2804 1053 2859 29.
1091 2802 1214 2869 Deinde,

64 2876 133 2942 quod
151 2879 265 2955 negent
283 2870 414 2924 animum
433 2880 584 2926 vacantem
597 2889 791 2943 corpereesse
808 2888 902 2941 posse,
922 2871 1009 2943 quod,
1029 2873 1124 2944 qualis
1138 2875 1214 2927 eius·

63 2945 134 2996 modi
152 2959 269 2995 animus
289 2942 337 3001 sit,
355 2948 384 2994 et
402 2943 545 3008 quomodo
563 2944 657 3013 possit
675 2960 777 2995 vacare
796 2959 928 3011 corpore,
950 2959 1009 2996 non
1028 2943 1213 3020 intelligant,

62 3031 92 3066 ue
117 3015 150 3065 in
174 3027 299 3081 corpore
323 3008 441 3080 quidem
464 3012 559 3081 qualis
584 3014 622 3066 sit
647 3012 779 3086 intelligi
810 3010 1019 3083 difficiliusque
1043 3031 1105 3067 esse
1134 3031 1214 3067 com·

62 3082 249 3151 prehendere,
275 3079 418 3201 guomodo
446 3081 477 3133 in
501 3080 597 3137 alieno
624 3090 654 3137 et
680 3082 811 3137 diversae
838 3089 959 3135 naturae
987 3098 1110 3152 corpore
1141 3101 1214 3148 esse,

63 3172 141 3222 quam
171 3167 278 3222 quomo
298 3168 315 3203 o
341 3168 443 3203 vacere
468 3166 590 3220 corpore
617 3153 717 3221 possit.
747 3169 774 3205 c.
794 3154 837 3207 22.
885 3150 997 3204 Stoicos
1029 3162 1127 3204 autem
1154 3169 1215 3207 esse

62 3221 261 3292 perabsurdos,
294 3222 345 3290 qui
364 3221 474 3273 animos
493 3238 610 3275 manere
628 3220 736 3286 dicent,
762 3240 828 3275 cum
847 3238 864 3274 e
883 3237 1007 3290 corpore
1025 3222 1213 3289 excesserint,

63 3295 105 3346 sed
122 3309 184 3346 non
201 3309 334 3362 semper,
352 3289 429 3358 quod
442 3289 512 3343 dent
531 3291 571 3357 id,
590 3293 667 3362 quod
685 3292 898 3345 difficillimum
915 3292 1044 3345 incensa
1062 3293 1111 3358 sit,
1129 3309 1214 3363 posse

62 3366 186 3416 animum
213 3379 330 3415 manere
353 3376 475 3430 corpore
494 3371 655 3427 vacentem,
687 3366 764 3433 quod
781 3361 870 3415 facile
889 3362 938 3426 sit,
957 3361 1074 3428 tollant,
1095 3381 1214 3434 semper

60 3451 182 3487 manere.
203 3449 230 3485 o.
249 3437 292 3487 32.
319 3432 419 3499 Neque
428 3432 557 3485 Panaetii
575 3432 716 3487 rationem
736 3432 881 3502 duplicem
900 3432 1010 3494 valere,
1030 3435 1081 3503 qui
1100 3435 1212 3488 animos

59 3504 195 3557 mortales
223 3503 306 3567 velit,
342 3503 449 3571 primo,
478 3504 564 3572 quod.
592 3504 732 3572 quicquid
756 3512 900 3568 nascatur,
929 3503 1070 3569 intereat,
1097 3505 1212 3571 deinde,

59 3577 131 3644 quod
157 3575 272 3626 animus
298 3589 382 3640 saepe
407 3590 493 3647 aeger
516 3574 571 3624 sit:
601 3573 677 3643 qued
703 3582 798 3628 autem
818 3592 850 3626 ae
872 3591 936 3624 rum
956 3592 1017 3629 esse
1035 3582 1063 3627 et
1083 3575 1114 3627 in
1132 3592 1214 3628 mor·

59 3645 120 3696 bum
141 3643 247 3696 cadere
264 3645 368 3713 possit,
396 3642 427 3695 id
445 3644 534 3697 etiam
552 3644 677 3698 interire
695 3646 797 3714 possit.
869 3660 1000 3697 ameum
1027 3645 1062 3697 de
1090 3646 1213 3699 immor·

59 3716 169 3767 talitate
188 3714 365 3783 disputetur,
397 3712 432 3767 de
450 3721 548 3767 mente
572 3714 641 3779 diei,
668 3733 739 3785 quae
763 3715 842 3768 omni
866 3715 983 3767 turbido
1008 3723 1090 3767 motu
1115 3723 1210 3777 vacet,

58 3803 110 3838 nen
128 3787 166 3838 de
185 3785 224 3836 iis
242 3784 382 3853 partibus,
401 3783 433 3834 in
451 3785 554 3853 quibus
572 3784 771 3860 aegritudines
790 3793 945 3840 versentur
963 3787 1033 3841 cot
1058 3788 1102 3841 33.
1131 3785 1211 3853 Quod

58 3857 167 3909 sivero
186 3854 302 3907 animus
328 3854 461 3918 intereat,
487 3869 547 3907 non
566 3872 627 3910 esse
646 3863 755 3919 tamen,
781 3874 870 3926 quare
896 3864 1022 3909 mortem
1043 3857 1209 3922 timeamus,

57 3943 116 3979 eum
136 3933 264 4047 propter
282 3942 344 3977 eam
363 3923 516 3991 rationem,
536 3943 621 3995 quam
637 3944 725 3996 supra
742 3927 877 3980 attulerit
896 3943 920 3977 c·
934 3929 977 3981 11.
1005 3934 1067 3977 tum
1087 3934 1211 3997 propter

56 3998 160 4051 multas
178 4016 193 4049 a
210 3996 260 4048 ias.
289 3998 412 4048 lllortem
430 4012 489 4049 non
506 4004 630 4066 propter
650 4015 680 4050 se
698 4031 731 4040 -
750 3998 817 4051 fieri
841 3996 917 4050 enim
938 3997 969 4048 in
987 4005 1106 4066 puncto,
1125 4016 1210 4068 saepe

57 4072 137 4121 etiam
160 4068 226 4119 sine
245 4083 331 4118 sensu
351 4092 384 4102 -
403 4065 513 4132 timeri,
546 4067 597 4120 sed
613 4076 736 4138 propter
764 4067 919 4121 discessum
948 4066 982 4119 ab
1010 4069 1144 4120 omnibus
1163 4069 1209 4121 vi·

56 4146 94 4193 tae
112 4139 216 4191 bonis:
243 4135 293 4189 sed
313 4153 344 4190 ea
364 4152 423 4188 esse
441 4145 491 4191 aut
514 4137 631 4208 opinata
649 4146 773 4203 tantum,
806 4146 856 4191 aut
874 4144 934 4190 tam
953 4154 1042 4207 pauca
1061 4147 1091 4191 et
1108 4156 1207 4208 parva,

55 4219 82 4261 nt
106 4230 122 4263 a
143 4207 292 4261 malorum
311 4215 341 4261 et
359 4224 404 4259 ma
447 4207 560 4262 itudine
578 4217 628 4261 aut
645 4207 835 4263 multitudine
860 4209 1035 4274 obruantur,
1064 4216 1094 4262 et
1112 4215 1207 4260 morte

54 4284 146 4335 omnia
165 4277 244 4331 rnala
266 4286 294 4331 et
311 4278 444 4347 pericua
458 4276 557 4353 elifugi.
577 4295 601 4333 c.
621 4282 749 4335 34-36.
785 4279 883 4332 Nullis
902 4279 985 4332 bonis
1003 4277 1090 4333 rebus
1109 4291 1207 4330 carere

51 4361 189 4417 mertuos,
222 4348 302 4419 quod
321 4365 420 4402 carere
444 4349 469 4402 is
493 4346 608 4402 demum
626 4351 750 4415 dicatur,
768 4352 816 4403 cui
834 4350 920 4416 desit,
945 4348 1023 4420 qued
1047 4343 1205 4401 desideret:
1229 4416 1242 4437 ι

72 4457 153 4499 utero
171 4456 239 4498 tuae.
254 4453 322 4509 Βίῳ,
337 4453 373 4496 ed.
388 4452 472 4497 illem.
489 4452 513 4493 T.
524 4453 543 4495 1.
961 4461 978 4515 1
