2828 5070
75 521 80 557 i

535 315 664 378 suen
685 313 729 391 11,
751 313 822 381 ια,
1214 311 1279 377 sou
1339 271 1344 281 ’

248 483 322 544 Non
339 481 447 561 potest
469 480 588 544 accedi.

249 563 288 628 P.
314 574 398 627 certe
421 562 609 650 Eurypylus
630 559 684 622 lu'c
704 559 826 643 quidem
848 567 983 706 cstckmm
995 559 1165 686 'Hominem
1187 567 1306 639 exem,

144 775 305 784 ...ὴ-η.
313 776 378 783 ..-η
497 775 525 780 ..-
537 775 547 780 -
584 773 643 779 -....
664 768 1140 779 ...-.--..----—.------0—---—-
1149 770 1216 778 --.—-
1225 772 1275 781 -.-,

121 836 267 892 FAWoli.
294 835 376 888 Koel.
403 832 489 888 Schz.
516 834 562 889 Or.
588 833 678 887 Nobb.
706 830 780 886 Tbn.
817 829 902 884 Solus
919 831 993 953 Aup.
1021 832 1165 898 exculpori
1186 832 1278 886 saucii
1318 863 1324 875 ι

122 909 284 962 liberorum.
321 907 470 960 Sententia
488 922 588 959 versus
607 911 665 957 est:
691 903 783 957 saucii
802 903 880 956 enim
905 917 962 972 opp
976 910 1027 955 ent
1044 903 1187 971 porticus,
1214 905 1232 955 i.
1252 922 1276 959 e.

75 1023 78 1055 Ε
121 979 268 1035 vestibula
286 977 418 1040 tentorii,
438 975 576 1029 Podalirii
597 983 626 1029 et
644 973 816 1028 machaonis.
853 973 914 1026 Mr.

192 1049 256 1102 Nou
273 1055 365 1115 potest
383 1047 503 1114 accedi]
539 1049 647 1100 Vocem
666 1052 741 1100 certe
759 1044 815 1108 bis,
835 1051 868 1096 ut
887 1051 999 1112 partem
1017 1046 1170 1111 versiculi,
1199 1043 1278 1097 addi-

75 1152 77 1156 ·
122 1130 182 1173 tam
200 1119 286 1173 babet
303 1119 374 1172 Dav.
396 1126 424 1172 et
449 1118 480 1171 C.
503 1123 544 1173 17.
573 1117 661 1170 verbo
686 1116 846 1185 Eurypylus
870 1115 988 1182 incipit,
1013 1117 1100 1184 quod.
1127 1124 1159 1167 ut
1185 1134 1277 1185 seqq,

122 1191 248 1245 orationi
268 1191 357 1243 Marci
374 1188 503 1259 pedestri
527 1189 679 1241 tribuitur·
708 1187 780 1240 Ern.
807 1202 831 1237 c.
852 1191 895 1241 17.
924 1185 1032 1254 incipit
1049 1205 1065 1239 a
1084 1187 1174 1250 Certe,
1205 1189 1278 1239 item

121 1269 156 1314 ut
174 1263 263 1313 Marci
282 1261 443 1314 orationem
462 1261 595 1312 solutam.
614 1258 685 1310 Edd.
706 1258 795 1310 Nobb.
816 1264 846 1309 et
863 1255 936 1308 Tbn.
956 1255 1074 1310 habent:
1152 1293 1153 1296 κ

193 1331 255 1384 Nou
271 1335 364 1399 pdtest
383 1331 488 1383 accedi.
525 1329 557 1384 P.
578 1330 662 1382 Ce'rte
680 1329 837 1398 Eurypylus
853 1326 899 1380 ltlc
917 1327 1027 1393 quidem
1044 1334 1094 1381 est.
1130 1328 1279 1382 Hominem

122 1402 292 1456 exercitum!
328 1403 381 1453 Pro
400 1402 505 1454 accedi.
526 1408 600 1453 certe
618 1418 692 1454 unus
712 1399 764 1451 Ox.
786 1405 846 1451 octe
864 1399 973 1451 diceres
995 1398 1070 1453 alius
1090 1400 1152 1453 ocie
1171 1401 1276 1454 dicere.

123 1475 199 1528 Gud.
219 1473 308 1527 Rebd.
337 1471 435 1528 Duisb.
459 1473 533 1548 Aug.
559 1472 731 1524 accedere
756 1476 840 1522 certe.
878 1471 939 1523 Mr.

194 1545 275 1597 Certe
293 1544 453 1612 Eurypylus
472 1575 503 1585 -
526 1542 729 1608 continuatum]
766 1540 872 1602 „Nihil
893 1540 1042 1612 potuimus
1067 1542 1224 1596 decernere
1243 1540 1278 1598 de

77 1604 81 1651 ἶ
121 1613 271 1669 hocloco.
297 1613 386 1667 Aldus
406 1633 484 1677 avus,
504 1614 652 1667 Victorius
672 1613 729 1665 Pal.
747 1620 815 1667 tert.
834 1619 945 1666 tuntum
963 1613 1055 1665 luetur
1074 1613 1276 1671 continuatus.

122 1686 181 1738 Pal.
201 1688 288 1757 prim.
316 1687 364 1739 ubi
382 1693 490 1738 tacitum
513 1685 617 1737 luctum
636 1685 805 1738 continuom.
832 1690 926 1752 quart.
947 1684 1040 1752 quint.
1067 1684 1171 1737 luctum
1189 1686 1278 1738 conti·

123 1764 201 1810 nunt.
216 1757 313 1810 bamb.
334 1774 398 1809 cum
411 1757 471 1810 suis
489 1755 622 1809 asseclis:
642 1756 707 1825 quie
726 1763 767 1809 tot
777 1755 860 1807 uerbo
878 1760 957 1806 tunto
976 1754 1007 1806 iu
1024 1754 1097 1807 luctu
1111 1757 1278 1810 continuati

121 1831 187 1881 Vat.
207 1826 344 1881 lominem
362 1828 525 1880 exercitum.
545 1827 592 1878 ubi
610 1833 708 1881 lautus
726 1829 819 1879 luctus
836 1826 1021 1878 continuatus.
1042 1824 1156 1879 Ulrich.
1176 1827 1280 1880 luctum

123 1897 346 1953 continuamus.“
371 1897 510 1950 Gebhard.
548 1897 660 1961 „Gebb
690 1915 745 1951 nec
770 1899 832 1965 ipse
862 1895 917 1948 sibi
950 1911 1005 1950 nec
1036 1895 1111 1948 mihi
1137 1899 1280 1951 satisfecit

77 1986 81 1995 ·
124 1970 224 2023 edens:
246 1987 270 2022 c.
284 1969 371 2020 XVll.
393 1970 474 2022 Certe
485 1968 639 2036 Eurypylus
657 1966 703 2020 bic
721 1967 832 2038 quidem
850 1973 901 2018 est.
920 1964 1058 2019 bominem
1076 1968 1279 2021 exercitulum!

122 2041 171 2093 ubi
189 2047 297 2092 tuntum
316 2039 406 2092 luctus
424 2039 613 2093 continuetur.
641 2039 795 2093 Lambinus
822 2057 857 2092 ex
879 2037 998 2113 ingenio
1017 2040 1162 2106 reposuit:
1190 2038 1280 2091 bomi-

124 2128 186 2164 nem
204 2111 407 2164 exercitatum!
436 2112 505 2166 Quis
527 2137 558 2147 -
577 2110 744 2164 continuat?
775 2110 811 2164 Se
833 2115 945 2161 uuntur
966 2110 1015 2162 Fr.
1041 2109 1124 2161 Febr.
1147 2110 1278 2180 aliiques

122 2201 227 2236 verusn
246 2199 318 2251 repu
342 2191 411 2235 nant
431 2181 518 2235 Codd.
540 2180 610 2234 Pall.
632 2191 703 2244 tres,
723 2185 785 2235 Vat.
806 2129 871 2236 fils.
891 2180 1020 2234 Petrens.
1042 2197 1075 2232 ec
1092 2182 1211 2234 Norvio.
1232 2199 1279 2235 re·

121 2261 309 2324 praesentant
362 2255 463 2306 minem
481 2253 642 2305 exercitum.
663 2253 721 2305 Pal.
742 2260 808 2307 tert.
832 2253 904 2305 Vsu.
926 2253 1003 2306 1491.
1023 2251 1147 2304 Froben.
1168 2255 1289 2305 Manet„

123 2324 233 2394 aliique
252 2333 367 2378 veteres
387 2326 539 2394 impressit
572 2325 619 2377 ubi
638 2331 746 2378 tontum
766 2325 856 2376 luctus
873 2321 1054 2374 continuatus
1081 2320 1121 2385 [P.
1142 2322 1174 2374 Α.
1196 2324 1226 2374 Β,
1248 2323 1276 2375 S.

122 2394 159 2446 E.
180 2397 210 2448 C.
231 2397 264 2449 V.
285 2398 321 2450 M.
341 2403 456 2448 nostrae
476 2403 545 2447 vett.
566 2410 675 2459 omues,
701 2403 821 2465 excepta
845 2394 914 2446 Ven.
942 2410 1015 2461 quae
1038 2392 1124 2445 babet
1146 2393 1196 2446 ubi
1214 2399 1290 2447 ton·.

123 2474 179 2519 tum
198 2465 539 2528 luctumcoutinuomusJ:
558 2466 650 2518 Vatic.
673 2465 710 2530 [v·
724 2465 826 2536 supr.]‚
847 2463 972 2516 Petrens.
987 2464 1036 2517 udi
1049 2469 1155 2516 tuntum
1174 2465 1278 2518 luctum

122 2535 316 2589 continuaturi
335 2552 388 2588 nec
407 2536 494 2590 aliter
512 2535 575 2590 Ulr.
596 2538 654 2589 nisi
673 2536 750 2605 quod
769 2536 823 2589 ille
841 2535 1043 2598 continuamus.
1069 2535 1159 2587 Norr.
1186 2535 1277 2588 couti-

123 2613 199 2660 nuot.
222 2606 388 2677 MSStorum
408 2606 617 2676 discrepantias
637 2606 764 2661 studiose
789 2607 933 2670 recensui,
958 2613 990 2656 ut
1009 2623 1045 2658 ne
1064 2606 1190 2659 aliorum
1210 2624 1278 2659 eon·

122 2678 243 2732 iacturis
263 2679 339 2732 desit
357 2678 493 2739 rnateria;
519 2676 597 2746 quod
624 2678 705 2730 nobis
726 2679 756 2731 in
775 2686 903 2730 mentem
920 2676 1013 2740 venit,
1036 2694 1121 2746 quam
1140 2679 1278 2745 paucissi-

123 2751 178 2801 mis
205 2765 390 2817 exponemus.
432 2748 481 2801 sic
505 2748 601 2816 itaque
626 2747 781 2823 legendum
813 2756 901 2819 puto:
940 2748 1024 2800 Certe
1047 2749 1207 2817 Eurypylus
1233 2747 1279 2801 liic

123 2819 233 2886 quidem
252 2826 303 2872 est.
342 2819 487 2871 Hominem
506 2818 661 2871 exereitum
684 2820 728 2872 ibi
746 2825 855 2872 tontum
881 2817 945 2883 (vel
964 2821 1071 2883 tantos)
1098 2822 1278 2873 continuare!

122 2892 157 2943 ln
185 2890 423 2944 admirationibus
450 2889 565 2941 modum
594 2889 782 2943 infinitivum
806 2890 943 2943 adhibent
967 2891 1137 2959 scriptores,
1169 2898 1201 2943 ut
1229 2892 1276 2954 iis,

81 2994 89 3006 ι
122 2980 195 3030 quae
226 2963 367 3014 memoria
405 2959 579 3031 suppeditat,
612 2961 756 3030 exemplis
791 2961 999 3015 demonstrabo.
1044 2961 1214 3015 Ambrosius
1242 2963 1278 3015 de

121 3032 292 3108 Virginibus
311 3033 348 3083 11.
369 3036 393 3088 5.
414 3032 462 3088 34:
482 3039 594 3090 tontum
608 3033 728 3085 uirtutis
747 3049 807 3086 esse
825 3033 964 3099 gratiam,
983 3037 1012 3082 ut
1026 3037 1174 3098 tyrannum
1193 3033 1278 3085 incli-

122 3107 220 3156 naret!
239 3105 369 3157 lustinus
388 3103 424 3155 11.
448 3106 496 3158 14:
528 3109 638 3155 tontum
655 3104 749 3166 samoe
766 3104 940 3157 uelocitatem
957 3102 1057 3165 fuisse,
1076 3108 1116 3167 ul,
1141 3119 1201 3154 cum
1220 3120 1277 3156 ruo·

121 3177 213 3228 lutino
233 3181 354 3241 tempore
370 3175 514 3241 proelium,
534 3173 565 3225 iu
583 3174 705 3227 Boeotia
726 3175 904 3227 consociorum
927 3173 976 3238 sit,
1002 3173 1171 3226 meridianis
1197 3172 1279 3226 ltors's

121 3247 154 3298 iu
173 3244 271 3295 Asiam
292 3272 324 3281 -
344 3246 378 3296 de
396 3245 519 3296 victorio
538 3245 698 3296 nunciatum
715 3245 762 3298 sit.
784 3247 833 3298 ubi
851 3246 940 3315 plura
957 3247 1102 3318 congessit
1123 3246 1275 3298 Graevius.

123 3317 158 3368 lu
177 3314 343 3367 huiusmodi
361 3310 537 3367 lectionibus
557 3315 728 3381 mirandum,
757 3318 804 3371 cel
825 3317 922 3370 simile
940 3312 1021 3385 quid,
1045 3314 1178 3389 intelligi
1197 3317 1278 3369 vide·

122 3388 205 3438 tur.“
232 3387 304 3440 Dae.
330 3386 362 3438 iu
380 3387 434 3441 Ed.
454 3389 480 3437 l.

194 3456 224 3508 P.
246 3458 329 3510 Certe
348 3457 508 3526 Eurypylus
527 3457 595 3522 ete]
619 3459 758 3533 Agnoscit
777 3457 925 3511 Patroclus
945 3458 1134 3526 Eurypylum
1155 3476 1279 3529 eumque

121 3527 270 3581 hominem
289 3527 417 3596 appellat
436 3531 487 3598 qui
506 3528 632 3581 multum
652 3538 771 3584 vexatus
790 3529 830 3581 sit
848 3529 971 3583 vulnere
983 3530 1104 3597 eiusque
1118 3529 1276 3583 doloribus.

119 3598 204 3651 Vind.
218 3606 241 3655 1.
262 3598 349 3652 habet
368 3616 433 3650 cum
454 3616 511 3652 uno
521 3599 570 3651 Ox.
599 3599 770 3653 Obominem
788 3599 988 3652 exercitaturus
1006 3616 1080 3651 unus
1100 3616 1166 3651 cum
1177 3600 1277 3654 Duisb.

120 3670 262 3723 bominum
281 3671 427 3722 exercitus.
465 3671 611 3723 Scribitur
637 3680 734 3725 autem
765 3671 917 3723 exercitum
943 3672 975 3723 in
995 3667 1080 3723 Godd.
1100 3671 1186 3724 Bern.
1205 3671 1277 3744 Reg.

122 3740 197 3792 Gud·
221 3748 242 3793 Ι.
262 3745 287 3796 2.
307 3740 397 3795 Rebd.
418 3740 515 3793 Duisb.
538 3741 625 3793 blarb.
646 3741 718 3795 Edd.
736 3742 881 3797 Fewolf.
902 3759 974 3810 seqq
1001 3741 1193 3812 probavitque
1213 3760 1278 3795 ean-

122 3811 188 3864 dem
208 3812 365 3864 lectionem
384 3808 455 3865 Ern.
494 3813 554 3864 Mr.

195 3882 279 3934 Certe
298 3883 455 3950 Eurypylus
479 3883 546 3948 stc]
584 3882 684 3947 „Haec
710 3885 798 3937 verba
828 3902 928 3938 versus
957 3883 1116 3937 clausulam
1140 3884 1279 3939 videntur

121 3953 249 4018 efficere,
269 3962 302 4005 ut
321 3955 364 4004 sic
383 3954 532 4007 scribenda
551 3953 627 4007 sint:
639 3990 759 4008 .......
781 3956 811 4008 Ρ.
830 3956 914 4008 Ce'rte
928 3957 1085 4023 Eurypylus
1103 3953 1148 4008 lu'c
1166 3956 1279 4024 quidem

121 4032 172 4080 est,
195 4057 225 4067 -
265 4024 466 4076 Reducendam
487 4040 556 4077 vero
575 4033 646 4093 puto
674 4027 830 4084 lectionem
859 4027 1008 4100 vulgatum
1027 4027 1173 4079 Hominem
1196 4045 1287 4082 exer-¹

121 4097 248 4160 citatum,
268 4098 308 4148 ita
328 4104 436 4159 tamen,
457 4103 488 4148 ut
507 4093 578 4148 haec
597 4097 684 4149 verba
703 4101 772 4162 nou,
790 4106 824 4151 ut
843 4099 1020 4168 interpretes
1039 4096 1152 4163 volunt,
1175 4108 1278 4167 poetae

121 4168 294 4241 effingenda,
314 4165 363 4220 sed
380 4164 414 4218 ad
433 4175 602 4235 sequentem
614 4167 763 4223 Ciceronis
784 4171 946 4223 orationem
965 4169 1117 4222 referenda
1134 4172 1203 4234 sint,
1222 4168 1279 4222 hoc

122 4238 237 4292 scilicet
255 4240 355 4292 modo:
388 4239 536 4291 Hominem
555 4239 749 4304 exercitulum,
778 4241 827 4296 ubi
850 4242 959 4293 tontum
980 4241 1071 4294 luctus
1089 4243 1278 4305 continuatur,

121 4308 195 4371 eide,
214 4325 296 4377 qccum
314 4327 369 4362 nou
387 4310 521 4373 debiliter
539 4311 714 4377 respoudeat.
745 4312 840 4366 Verba
858 4311 924 4366 don.
945 4327 1033 4364 exerc.
1055 4322 1195 4365 revocant
1214 4329 1280 4364 sen·

121 4379 245 4431 tentiam
260 4381 490 4436 antecedentem:
510 4388 540 4434 ot
557 4398 622 4441 vero
641 4383 691 4436 ille
709 4384 880 4436 exerciturus
893 4390 1011 4437 etvetus
1024 4390 1076 4437 ete.
1091 4383 1279 4437 constructio

121 4456 234 4503 autem:
253 4449 390 4504 bominem
408 4454 473 4506 eide
492 4471 574 4523 quum
593 4468 649 4508 uon
665 4454 799 4518 debiliter
816 4456 995 4525 respondeat,
1014 4470 1030 4509 e
1048 4455 1158 4509 Graeca
1177 4453 1280 4530 lingua

150 4553 229 4598 Cicero
246 4553 311 4600 Tuae.
327 4555 394 4611 Dtep.
409 4557 444 4602 ed.
459 4557 545 4602 Moser.
562 4556 586 4598 Τ.
597 4557 616 4600 l.
789 4572 791 4576 ·
1010 4563 1053 4624 34
