2828 5070
207 311 271 378 ΗΟ
409 306 640 372 CICERONIS
663 304 909 371 Tuscum.
932 306 1194 374 DISPU'I'A'I'.

188 455 422 538 'ene'malom
444 472 605 535 dolorem.
648 472 717 558 ligo
739 471 832 548 iilud,
865 470 1026 554 quioquid
1051 432 1285 549 sia-tantum
1310 493 1362 539 ena

208 564 365 640 qnantum
387 554 552 630 videatur,
574 575 640 617 non
659 565 754 636 puto,
776 556 1018 636 falsaqueeius
1044 558 1197 619 visione
1222 566 1260 619 et
1283 560 1363 640 spicit

207 640 338 700 moveri
359 637 509 700 hominos
531 637 607 700 dico
629 638 868 708 vehementius,
890 637 1122 720 doloremque
1152 643 1239 702 eius
1258 658 1362 702 omnen

207 766 457 775 —e-u*

205 824 321 880 exhibet
340 825 511 889 arcentibus)
535 827 619 878 vind.
642 831 664 880 1.
685 827 760 877 Mon.
780 828 806 879 ⁸2.
832 831 955 893 quatuor
972 824 1047 876 Oxx.
1079 825 1162 878 Edd.
1193 829 1274 882 ven.
1299 839 1361 881 nuso.

205 897 254 949 Fr.
275 897 356 950 Fabr.
376 900 457 950 Junt.
479 897 648 950 Permanere
667 904 709 947 est
727 897 746 946 i.
758 913 785 964 q.
805 904 964 965 penetrare.
994 895 1126 947 Servari
1151 899 1240 951 lunc
1259 901 1364 971 scriptit-

204 985 281 1033 nem,
302 985 386 1037 quam
406 978 435 1021 et
453 968 576 1038 plurimi
593 969 699 1020 habent
717 967 795 1030 libri,
816 983 869 1017 nec
887 965 1008 1035 scriptio
1023 971 1294 1036 permanentiam,
1315 987 1363 1041 qut

205 1048 248 1093 est
266 1039 452 1108 optimorum,
472 1039 595 1091 damnat.
632 1038 693 1090 Mr.

274 1126 417 1180 Nouem
434 1127 547 1194 malam]
584 1127 678 1200 Vulgo
701 1124 808 1177 addunt
832 1125 965 1177 dolorem.
1003 1102 1063 1176 Sed
1092 1144 1164 1180 eam
1193 1148 1303 1185 vocem
1325 1148 1363 1183 ne

203 1197 262 1251 rito
280 1197 388 1250 delevit
407 1197 449 1249 Cl.
468 1199 624 1260 Remmius,
644 1214 709 1248 cum
728 1196 885 1250 necessaria
903 1209 961 1246 non
979 1193 1026 1259 sit,
1047 1204 1081 1248 et
1102 1202 1305 1268 sequentium
1321 1220 1364 1255 aa·

203 1266 306 1321 borum
324 1267 510 1320 Latinitatem
529 1269 623 1321 vitiet.
662 1266 697 1319 D.

275 1372 405 1410 non-esse
423 1360 526 1409 arulum
546 1354 730 1421 dotorem]
767 1357 821 1421 „P.
842 1353 995 1407 Ciacconus
1014 1364 1102 1424 putat
1127 1375 1246 1413 vocem
1265 1363 1366 1415 dalem

204 1428 324 1481 otiosam
352 1428 442 1480 esse.“
469 1427 600 1481 Ursinus.
638 1427 732 1479 Nimis
757 1425 861 1495 cupida
885 1432 998 1476 secutus
1025 1433 1072 1478 est
1098 1428 1285 1486 Bentleinm
1301 1433 1366 1485 Dari·

203 1497 272 1561 sius,
292 1498 343 1548 ille
362 1498 540 1550 Ciacconum.
578 1500 652 1550 Nam
671 1506 700 1549 et
717 1497 822 1548 habent
847 1496 967 1548 dolorem
992 1495 1064 1547 libri
1096 1515 1222 1566 coines,
1253 1512 1284 1556 et
1309 1520 1367 1556 con·

202 1566 286 1620 mode
304 1567 396 1619 variat
415 1570 584 1633 orationem,
610 1576 761 1637 postquam
785 1567 866 1619 modo
894 1566 1004 1617 dictum
1029 1574 1073 1617 est
1093 1570 1178 1624 citae
1211 1574 1367 1627 mutando

202 1632 269 1690 iere.
307 1638 361 1690 Per
402 1648 433 1692 nt
452 1640 507 1692 duo
528 1640 597 1692 Oxx.
624 1638 703 1704 Ergo
723 1637 776 1702 t'd,
796 1655 861 1690 cum
880 1638 953 1688 Mon.
977 1640 1000 1690 1.
1019 1639 1062 1690 2:
1097 1640 1174 1693 Cod.
1200 1646 1296 1698 iiarb.
1314 1660 1366 1710 erg·

200 1706 275 1762 titud
291 1706 353 1777 qui
382 1725 433 1762 em
451 1717 566 1762 tanturn.
587 1712 661 1762 Mon.
674 1714 697 1764 1.
718 1708 808 1778 quid
826 1714 941 1760 tontum.
962 1706 1035 1758 Gud.
1052 1709 1079 1761 2.
1104 1712 1234 1766 omittit
1253 1716 1304 1768 ait.
1320 1716 1366 1768 Mt.

271 1798 398 1866 falsoque
417 1798 477 1852 eius
495 1799 600 1852 visione
618 1806 644 1851 et
664 1798 755 1866 specie
774 1796 842 1863 etc]
878 1797 986 1860 „Unus
1005 1795 1088 1847 Laid.
1110 1801 1267 1870 falsoque.
1295 1804 1368 1855 otim

199 1868 280 1923 viror
299 1869 396 1922 doctos
414 1886 472 1922 non
489 1870 602 1935 vidisse,
622 1870 781 1922 necessario
797 1869 838 1919 ita
858 1884 915 1918 esse
926 1866 1093 1939 legendum.
1124 1871 1200 1923 Non
1223 1874 1306 1926 enim
1322 1873 1368 1947 agi-

200 1947 251 1992 tur
270 1941 304 1992 de
323 1940 393 1992 falsa
412 1940 518 1992 doloris
538 1941 640 2010 specie,
661 1940 710 1992 sed
729 1940 762 1991 de
782 1937 880 1990 dolore
899 1954 967 1989 vero
986 1953 1077 2006 eoque
1106 1957 1238 2016 magno.
1278 1945 1368 1996 Abur-

200 2009 268 2061 dum
286 2011 372 2091 plane
391 2019 462 2061 esset
481 2011 588 2074 dicere,
617 2009 688 2061 falso
715 2027 764 2061 nos
783 2008 881 2061 dolore
908 2008 1000 2129 maqis
1023 2010 1154 2075 moveri,
1175 2032 1275 2082 quam
1293 2014 1368 2066 aliast

199 2077 380 2133 Boudsenaa.
419 2080 563 2148 Improbat
582 2081 731 2143 Ernestus,
759 2079 807 2131 sed
825 2079 907 2129 nulla
925 2079 959 2129 ad
979 2079 1019 2129 ita
1043 2079 1178 2134 ratione.
1223 2084 1367 2138 cornino&

199 2157 297 2203 autem
315 2149 483 2220 Anonymus
502 2149 622 2203 Oliveti:
656 2149 831 2215 „Visionem
850 2158 878 2201 et
895 2149 1013 2217 speciem
1040 2151 1189 2218 appellat,
1220 2174 1312 2225 quam
1328 2172 1366 2207 nos

199 2217 292 2273 ideam
303 2220 428 2273 diximus
443 2220 637 2295 [Francogalli
649 2220 810 2286 nimirum}
832 2220 979 2272 Sententia
997 2235 1055 2271 non
1073 2229 1132 2286 est,
1153 2223 1366 2279 bominesialar
1404 2268 1406 2273 .

199 2292 272 2344 mali
291 2300 321 2345 et
339 2291 446 2344 doloris
463 2292 589 2367 imagine
606 2309 638 2343 ac
651 2293 744 2361 specie
761 2291 873 2343 moveri
881 2290 1088 2353 vehementius,
1111 2310 1210 2361 quam
1231 2315 1313 2350 vera.
1329 2296 1365 2350 Sit
1404 2286 1406 2367 i

91 2422 95 2430 Ι
200 2363 279 2415 enim
303 2380 372 2415 vera
399 2363 502 2437 imago,
530 2365 568 2415 sit
595 2363 679 2426 sulm
704 2362 780 2413 nihil
803 2362 935 2413 interest:
961 2361 1082 2430 perinde
1108 2376 1230 2418 innuet.
1273 2368 1326 2433 Qui
1342 2383 1365 2417 se
1404 2372 1406 2433 Ῑ

199 2432 271 2486 falso
286 2442 373 2503 ,putat
391 2450 449 2486 esse
467 2434 592 2486 fortunis
611 2451 742 2486 eversum
761 2432 902 2496 omnibus,
928 2448 986 2484 non
1005 2431 1100 2482 minus
1120 2450 1199 2489 vero
1234 2438 1365 2508 percelli·

198 2509 250 2556 tur
268 2504 373 2556 doloris
391 2522 483 2567 sensu,
504 2521 589 2572 quam
608 2504 632 2555 si
650 2521 718 2556 vere
738 2503 886 2568 amisisset,
908 2502 1051 2569 quaesibi
1069 2504 1204 2573 periisse
1216 2510 1364 2561 existimat.

199 2573 293 2627 Potest
317 2572 433 2625 dolendi
459 2590 541 2625 causa
569 2591 627 2626 esse
653 2591 710 2626 non
734 2586 816 2626 vera:
845 2589 941 2625 sensus
965 2572 1071 2624 doloris
1095 2573 1192 2627 salsus
1225 2596 1291 2632 esse
1316 2595 1365 2630 non

198 2652 302 2715 potest.
340 2643 413 2707 Quid
438 2660 505 2715 ergo
530 2643 602 2695 dicit
629 2645 749 2697 Cicero?
776 2644 837 2696 Hoc
859 2662 962 2694 unum:
988 2645 1019 2694 in
1042 2641 1147 2696 dolore
1175 2663 1241 2700 non
1260 2659 1365 2702 tantum

199 2722 242 2765 est
261 2713 339 2776 mali,
364 2722 503 2780 quantum
528 2715 617 2767 inesse
642 2716 731 2790 vulgo
756 2714 894 2767 creditur.
932 2714 1000 2764 Mali
1025 2712 1183 2782 quidpiam
1208 2718 1247 2770 in
1275 2721 1365 2773 dolore

200 2799 334 2835 essenon
352 2799 440 2856 neg03
467 2784 559 2841 multo
587 2786 681 2837 minus
704 2784 818 2838 affirmo
841 2802 907 2836 cum
934 2783 1047 2847 Stoicis,
1075 2782 1192 2839 bonum
1211 2806 1298 2856 ωας
1324 2789 1364 2842 sad

198 2851 279 2917 illud,
299 2851 435 2921 quidquid
460 2857 598 2922 cattarii,
625 2862 733 2908 tontum
758 2871 826 2919 esre,
860 2862 992 2923 quantum
1015 2853 1167 2922 uideatur,
1204 2876 1265 2913 non
1292 2867 1363 2930 puta

196 2922 329 2998 fingunt
354 2925 385 2975 in
413 2941 445 2978 eo
469 2927 523 2977 sibi
550 2936 709 2979 monstrum
737 2926 878 2990 homines,
906 2926 987 2977 cuius
1009 2925 1085 2989 fulta
1107 2926 1228 2983 vicione
1256 2938 1286 2984 ei
1311 2947 1365 3000 spt-

199 2993 243 3049 oe‘e
270 2990 377 3049 moveri
405 3012 451 3048 eos
475 2997 538 3050 dico
562 2996 756 3061 vehementius,
791 3014 877 3066 quam
900 2996 1005 3048 deceat.
1043 2994 1187 3051 Dolorem
1217 3002 1289 3055 ideo
1313 3005 1364 3055 ior

197 3065 318 3132 midant,
338 3067 422 3135 quod,
443 3086 514 3135 quae
533 3069 595 3120 eius
614 3077 715 3119 natura
733 3068 780 3131 sit,
809 3082 867 3119 non
884 3075 964 3119 recte
983 3066 1195 3140 intellig-unt.“
1218 3071 1362 3126 Victum

197 3135 269 3190 Ern.
289 3138 320 3189 in
339 3137 426 3190 Clave
445 3138 522 3190 idem
540 3139 569 3190 h.
590 3140 609 3191 l.
629 3140 670 3190 ait
689 3156 757 3201 esse,
786 3138 862 3206 quod
880 3137 945 3188 aliis
963 3135 1201 3192 Tusculanarum
1226 3142 1306 3196 locis
1327 3143 1362 3195 α’·

197 3224 266 3273 rutra,
285 3209 410 3278 speciem
429 3209 568 3261 videlicet
587 3209 707 3261 alicuius
727 3208 770 3260 rei
789 3207 821 3257 in
839 3207 934 3258 animo
951 3208 1128 3276 impressam,
1150 3210 1360 3282 impulsionem

197 3276 321 3332 oblatam
345 3279 531 3343 extrinsecus,
557 3285 725 3350 porroctas:
751 3294 891 3347 saepeque
916 3278 975 3330 dici
997 3279 1028 3329 iu
1052 3277 1099 3328 his
1123 3277 1215 3334 libris
1242 3284 1309 3336 visa
1330 3284 1360 3335 da

196 3349 280 3405 rebus
307 3349 439 3418 opinatis,
468 3349 499 3398 in
522 3350 625 3417 primis
650 3367 665 3403 e
690 3366 780 3401 sensu.
810 3379 841 3389 -
871 3348 1017 3401 Scribitur
1040 3347 1132 3416 specie
1150 3358 1181 3403 ci
1201 3353 1318 3408 visione
1333 3355 1360 3406 in

196 3420 263 3474 cod.
288 3419 396 3482 nunu,
424 3416 562 3471 visionem
587 3420 617 3470 in
642 3436 699 3471 uno
723 3421 784 3482 On,
808 3419 886 3487 apem
918 3419 965 3482 (ex
983 3419 1059 3471 male
1081 3419 1161 3473 lecto
1186 3425 1359 3496 compendio

195 3493 254 3558 api,
274 3488 349 3558 quod
367 3487 522 3560 legendum
541 3500 602 3542 erat
620 3487 722 3560 specie)
740 3489 770 3538 iu
790 3489 855 3541 Cod.
877 3488 952 3564 Aug.
989 3490 1042 3541 Pro
1068 3489 1133 3542 dico
1158 3492 1292 3547 Ursinus
1314 3511 1359 3547 ro

184 3554 271 3612 'lebat
295 3558 376 3621 duco,
399 3558 451 3682 puel
485 3561 552 3625 (non
578 3561 656 3614 enim
687 3560 752 3611 satis
775 3559 805 3611 id
833 3568 913 3629 patet
941 3577 976 3611 ex
998 3559 1078 3612 iilius
1105 3565 1314 3632 annotatione)
1330 3567 1357 3619 Ρ.

195 3630 359 3684 ciacconus.
432 3645 456 3679 r.
710 3630 714 3638 “
1246 3656 1249 3661 -

199 3756 202 3761 -
265 3718 723 3788 doloremqaeeiuaomoem
742 3735 803 3772 erae
822 3719 1009 3785 tolerabilem]
1045 3722 1248 3796 „hegendum
1272 3726 1356 3780 visa·

192 3805 243 3858 que
261 3789 321 3841 eiua
339 3805 444 3842 omnem
464 3792 541 3844 etc.“
563 3790 692 3844 Ursinus.
722 3790 836 3864 „titagis
855 3792 950 3861 placet
968 3791 1148 3860 doloremque
1165 3797 1228 3847 eir
1247 3805 1357 3857 etna

192 3860 364 3913 Manutianis
393 3860 564 3932 exemplis.“
589 3861 638 3912 Fr.
664 3860 822 3913 Fabricius.
861 3862 914 3913 Eis
941 3861 1048 3916 dedisse
1073 3863 1159 3914 etiam
1179 3865 1355 3921 Lambim

191 3929 335 3998 scriptum
354 3941 395 3984 est
414 3933 445 3984 in
464 3949 553 4004 marg.
575 3930 689 3985 Larnbb.
711 3940 739 3984 et
758 3931 844 3983 Goth.
872 3933 906 3984 ln
924 3932 977 3984 Ed.
998 3933 1045 3985 Fr.
1063 3931 1146 3985 Febr.
1167 3943 1214 3988 est
1233 3938 1309 4003 eino,
1328 3934 1354 3990 'ri

190 4000 223 4051 in
248 4016 357 4075 marg.:
391 4000 436 4054 ΑΙ.
466 4003 543 4054 eius:
574 4009 606 4051 ut
631 4000 662 4052 in
681 4002 822 4058 contextis
848 4003 890 4054 eia
912 4003 1036 4056 voluisse
1055 4003 1200 4057 videatur.
1232 4006 1305 4061 Davss
1325 4008 1354 4061 in

189 4070 243 4124 Ed.
267 4074 289 4125 1.
318 4073 445 4125 coniecit
476 4072 600 4125 dolorem
620 4088 655 4125 ue
682 4073 859 4125 eiusmodi
887 4090 999 4126 omnem.
1026 4073 1227 4131 ,Bouhirrius
1256 4079 1354 4132 colo·

190 4157 318 4210 remque
337 4143 413 4195 εἰναι·
432 4142 548 4195 addens:
570 4090 729 4206 „iumitur
749 4143 826 4195 enim
845 4145 922 4196 color
940 4144 1218 4215 metaphoricepro
1238 4150 1352 4219 speciei,

190 4221 223 4264 ut
241 4222 284 4266 est
302 4214 355 4265 Vir
377 4251 383 4262 .
404 4212 508 4284 Georg.
529 4214 566 4265 11.
590 4217 654 4267 178:
676 4213 739 4281 quia
757 4216 835 4266 color
853 4230 993 4278 arvorum,
1021 4216 1069 4268 ubi
1087 4215 1145 4267 vid.
1166 4216 1267 4272 Seru
1296 4220 1353 4273 iio·

191 4292 244 4335 rat.
266 4284 322 4337 Sat.
343 4230 381 4335 ti.
403 4287 425 4335 1.
447 4286 490 4337 60.
511 4283 590 4336 color
607 4284 698 4336 vitae.-
717 4285 784 4336 coil.
805 4286 827 4337 1.
847 4287 940 4356 Epist.
964 4292 1005 4348 17,
1025 4291 1049 4340 3.
1071 4285 1238 4359 Statsylv.
1259 4291 1350 4362 praef.

190 4352 279 4408 1.a.“
308 4352 464 4406 HWolfius
483 4354 600 4424 scripsit
618 4355 795 4423 doloremque
815 4356 909 4420 (oiri
917 4357 947 4421 s)
974 4357 1035 4410 eius
1054 4365 1107 4410 etc.
1139 4366 1167 4408 et
1187 4359 1220 4410 in
1240 4362 1350 4415 comm.

192 4440 221 4485 ae
239 4425 310 4477 visis
328 4439 381 4492 pro
400 4421 461 4475 eiua
481 4423 539 4499 legi
559 4426 635 4478 velle
654 4426 703 4477 ait.
741 4427 785 4478 Ad
805 4429 976 4480 sententiam
996 4446 1052 4481 non
1071 4428 1154 4481 male.
1194 4430 1259 4483 Mr.
