2828 5070
411 264 413 272 ’
513 304 644 370 nmen
664 251 760 381 rte
1157 308 1221 375 eas

60 474 99 548 ii,
132 473 289 555 quisunt
310 472 350 534 ab
372 490 411 533 ca
432 469 619 554 disciplina,
647 494 744 539 nemo
766 473 982 537 mediocriter
1002 474 1138 557 quidem
1159 473 1217 538 do-
1230 480 1258 536 b.

62 565 136 617 ctus
163 559 307 641 ignorat.
359 555 463 618 Quam
490 556 532 616 ob
562 577 646 632 rem,
679 562 846 639 quoniam,
880 577 977 640 quem
1012 558 1054 621 ad
1083 557 1219 620 modum

62 640 187 714 dicant,
217 640 283 720 ipsi
314 659 380 699 non
412 639 581 700 laborant:
617 660 678 700 cur
699 640 829 727 legendi
850 643 926 712 sint,
956 642 1021 701 nisi
1043 643 1109 722 ipsi
1129 644 1220 702 inter

61 743 106 797 se,
130 724 187 803 qui
208 721 298 783 idem
319 723 478 796 sentiunt,
501 742 567 783 non
588 724 751 810 intelligo.
795 723 895 803 Nam,
918 733 957 785 nt
975 723 1146 786 Platonem
1166 741 1251 796 res.

61 902 194 955 adhibuit
214 901 327 965 Cicero,
348 921 374 952 v.
396 901 536 954 Goerenz.
563 903 599 955 ad
618 902 678 956 (ἴω.
703 902 739 956 de
757 900 843 954 Finn.
864 901 912 956 IV.
931 904 957 957 3.
977 903 1002 952 ’1.
1028 918 1058 970 p.
1078 902 1140 955 lsi.
1167 914 1219 953 no·

62 992 129 1028 vam
148 973 250 1025 Lexici
269 973 427 1024 Forcellin.
446 973 500 1025 Ed.
522 975 621 1028 Germ.
647 993 675 1044 p.
697 981 722 1030 l.
742 974 797 1028 cel.
818 977 844 1028 3.
871 972 948 1025 med.
968 972 1061 1024 Hand.
1088 972 1119 1023 in
1143 969 1220 1023 Tur-

61 1046 167 1098 sellino
186 1046 209 1098 l.
229 1060 257 1112 p.
279 1046 314 1098 36
332 1062 375 1113 sq.
415 1043 469 1096 Cui
490 1047 546 1096 scri
570 1053 617 1097 tor
636 1046 704 1099 Cod.
724 1045 814 1100 Rehd.
841 1044 972 1099 Glossam
998 1044 1121 1110 proiecti
1139 1042 1219 1095 addi-

62 1117 117 1179 dit,
144 1117 269 1167 iortasse
297 1114 456 1184 respiciens
483 1116 518 1169 ad
562 1117 596 1167 ic.
626 1117 661 1171 de
680 1118 718 1170 lle
741 1116 841 1192 g.111.
867 1117 892 1169 6.
915 1117 963 1169 ll:
1000 1113 1219 1183 Heraclidesque

62 1186 197 1239 Ponticas
215 1186 357 1252 profectus
377 1187 410 1238 ab
430 1187 524 1238 eodem
541 1188 663 1243 Platone.
694 1137 796 1242 Giossa
815 1187 931 1256 quidem
951 1185 1071 1239 minime
1090 1202 1218 1239 necessa-

62 1260 117 1323 ria,
137 1274 190 1310 nec
210 1264 305 1311 tamen
325 1257 432 1327 inepta,
453 1259 545 1326 qualis
564 1267 608 1312 est
627 1260 716 1312 lectio
736 1257 822 1312 Codd.
843 1259 916 1332 Aug.
936 1256 1024 1309 blarb.
1045 1258 1122 1309 Mon.
1142 1259 1167 1313 2.
1189 1262 1219 1311 et

63 1330 187 1381 duorum
206 1327 275 1378 Oxx.
297 1328 345 1397 qai
365 1329 491 1381 absunt
510 1331 545 1382 ab
564 1346 597 1380 ea
616 1330 781 1398 disciplina,
804 1330 854 1383 vel
878 1328 979 1394 lentie,
1011 1328 1098 1381 unius
1117 1327 1167 1380 Ox.
1189 1335 1218 1382 et

63 1403 138 1452 lllon.
159 1405 184 1454 1.
205 1400 334 1467 quisunt
354 1400 388 1450 ab
407 1416 440 1452 ea
460 1401 614 1468 disciplina
634 1401 771 1455 remoti.
809 1402 870 1455 Mr.

134 1487 211 1522 nemo
230 1471 412 1522 mediocriter
431 1471 540 1538 quidem
558 1471 666 1538 doctas]
694 1474 729 1525 ln
747 1489 840 1546 marg.
858 1470 930 1524 Edd.
950 1469 1065 1525 Lambb.
1087 1480 1131 1525 est
1148 1488 1218 1526 con·

62 1544 173 1594 iectura
201 1558 278 1593 aerim
305 1559 346 1593 ne
368 1542 550 1595 mediocriter
578 1544 685 1612 quidem
717 1545 822 1606 doctiss,
855 1559 928 1612 quae
953 1543 978 1594 si
1000 1543 1133 1595 Lambini
1163 1550 1217 1609 est,

61 1621 142 1665 certe
161 1614 191 1663 in
211 1611 263 1665 Ed.
285 1615 362 1668 1566.
383 1613 498 1666 nullum
517 1615 579 1667 cius
598 1623 642 1667 est
660 1616 827 1691 vestigium.
866 1612 909 1665 Ad
936 1630 997 1666 eam
1016 1614 1217 1684 Wopkmsius

61 1685 151 1736 Lectt.
173 1682 250 1734 Tull.
271 1701 300 1753 p.
320 1687 362 1738 80.
385 1683 427 1736 ed.
448 1684 539 1736 Hand.
577 1686 737 1749 „Frustra,
765 1687 817 1748 ait,
843 1692 886 1738 est
904 1683 1068 1750 Lambinus,
1097 1686 1148 1755 qui
1172 1702 1219 1739 re-

60 1755 145 1824 ponit
164 1772 241 1807 aemo
261 1772 294 1806 ne
313 1755 381 1806 ested.
403 1773 446 1823 qa.
468 1756 493 1806 d.
531 1755 591 1808 Cur
619 1758 698 1809 enim
725 1755 903 1825 impunitum
931 1755 1043 1808 dimisit
1067 1755 1165 1809 locum
1183 1756 1219 1811 de

61 1826 147 1876 Finn.
169 1826 223 1876 lll.
246 1831 268 1879 l.
289 1824 360 1876 huic
377 1825 463 1893 plane
482 1828 681 1878 conformem?
707 1828 782 1894 quod
808 1826 922 1894 paridem,
943 1842 1020 1878 aeneo
1038 1827 1219 1880 mediocriter

61 1898 159 1948 doctas
177 1897 337 1948 mirabitur.
358 1895 487 1949 Resolvit
506 1913 559 1966 per
577 1912 740 1966 pronomen
759 1896 916 1951 relativum
935 1897 1102 1949 Lactantius
1114 1898 1177 1949 Lib.
1192 1902 1217 1952 1.

61 1985 86 2021 c.
107 1970 134 2020 3.
155 1967 256 2019 initio:
278 1984 356 2019 izemo
376 1967 425 2035 qai
443 1967 553 2034 quidem
571 1968 666 2033 sapiat
688 1995 718 2006 ·-
735 1995 768 2006 -
788 1983 843 2020 aaa
861 1983 943 2019 anam
961 1983 1021 2020 esse
1040 1967 1218 2035 intelligat.“

61 2037 106 2089 Ad
119 2039 345 2106 quaeHandius:
365 2039 473 2101 „Haec
485 2055 544 2091 non
557 2040 653 2091 omnia
672 2039 804 2108 aequalia
823 2046 900 2100 sunt,
920 2055 974 2091 nec
992 2056 1096 2109 parum
1115 2042 1217 2105 refert,

61 2109 109 2160 cni
128 2109 267 2161 vocabulo
286 2109 423 2183 adiungas
443 2111 561 2178 quidem.
600 2110 634 2162 ln
654 2109 747 2163 altero
775 2110 841 2163 loco
861 2126 939 2162 nemo
958 2110 1139 2163 mediocriter
1157 2111 1219 2179 qai·

60 2182 121 2232 dem
140 2181 236 2232 doctiss
255 2180 364 2232 dicitur
381 2197 435 2250 pro
455 2197 531 2235 amiso
551 2198 583 2233 ae
601 2181 782 2233 risediocriter
801 2180 914 2249 quidem
933 2181 1043 2233 doctas.-
1070 2182 1102 2234 in
1125 2182 1217 2236 altero

60 2252 168 2320 quidem
188 2269 253 2303 cum
273 2252 345 2321 quod
363 2252 532 2306 cohaeret.“
556 2252 594 2303 Et
613 2253 758 2322 posterius
777 2251 894 2320 quidem
914 2260 993 2304 recte
1012 2253 1218 2322 contraW0p·

58 2322 194 2375 Isensium
214 2325 337 2380 monuit,
359 2325 488 2392 itemque
508 2323 584 2392 quod
603 2325 656 2383 ait,
675 2337 733 2375 non
774 2339 857 2373 arum
876 2322 998 2383 referre,
1017 2323 1065 2374 cui
1078 2324 1218 2399 iungatur

58 2392 198 2445 vocabulo
226 2393 370 2462 particula
402 2395 518 2462 quidem.
558 2393 613 2446 Sed
637 2394 667 2445 in
693 2339 866 2463 expiicando
896 2398 997 2443 nostro
1028 2391 1093 2445 loco
1119 2394 1217 2449 minus

60 2463 179 2532 quidem
208 2481 318 2514 errasse
336 2463 461 2527 videtur,
489 2482 575 2533 quam
595 2465 744 2516 coniector
768 2463 799 2514 in
818 2461 993 2537 corrigendo
1018 2471 1048 2519 ct
1065 2463 1219 2534 Wopken-

60 2535 120 2585 sius
144 2535 175 2584 in
203 2532 383 2586 defendendo
408 2535 458 2587 sed
484 2552 592 2587 errasse
619 2542 725 2589 tannen.
763 2532 916 2587 Sententia
943 2533 1021 2586 enim
1045 2537 1139 2588 nostri
1157 2534 1218 2589 loci

58 2604 130 2655 haec
150 2611 207 2656 est:
228 2606 261 2656 iel
280 2621 356 2657 aerim
375 2606 502 2670 ignorat,
523 2605 571 2674 qai
590 2605 698 2671 quidem
715 2605 900 2657 mediocriter
919 2604 957 2656 sil
976 2605 1073 2659 doctas
1087 2606 1106 2660 i.
1120 2624 1143 2661 e.
1165 2607 1217 2678 qui

59 2674 272 2742 aliquantulum
293 2685 372 2728 certe
391 2676 540 2730 doctrinae
558 2675 674 2729 habeat:
694 2677 833 2744 quivero
853 2677 980 2750 ignoret,
1007 2677 1032 2728 is
1051 2695 1087 2731 ne
1104 2677 1216 2732 medio·

60 2747 152 2798 criter
179 2748 295 2815 quidem
323 2747 420 2800 literis
447 2747 565 2801 videtur
596 2747 730 2801 imbutas.
769 2746 973 2801 coniecturam
1002 2748 1087 2801 istam
1114 2766 1216 2820 super-

58 2834 212 2870 vacaneam
241 2818 328 2870 etiam
355 2819 497 2871 iudicavit
520 2820 653 2872 Bremins
676 2819 711 2871 ad
730 2817 789 2870 cio.
816 2817 852 2870 de
870 2818 956 2874 Finn.
978 2818 1033 2870 lll.
1054 2825 1078 2874 1.
1103 2836 1133 2890 p.
1152 2824 1214 2878 279.

59 2889 194 2957 idemque
220 2891 342 2944 sensisse
369 2891 488 2943 videtur
512 2890 654 2944 Goerenz.
688 2889 722 2943 ad
750 2889 872 2943 eundem
897 2888 995 2942 locum
1022 2907 1052 2961 p.
1072 2894 1134 2947 31⁰.
1163 2891 1215 2961 qni

60 2960 156 3012 laudat
175 2969 324 3030 praeterea
342 2961 377 3015 ad
396 2962 522 3015 Herenn.
544 2961 590 3013 lV.
609 2966 636 3018 4.
657 2962 689 3016 7:
719 2960 751 3012 id
772 2959 859 3025 facile
876 2959 967 3024 iaciat
991 2960 1083 3030 quiris
1107 2963 1214 3016 medio-

58 3031 149 3082 criter
174 3031 318 3095 literatus,
343 3035 361 3085 i.
383 3052 406 3088 e.
443 3034 494 3103 qui
528 3033 644 3102 quidem
677 3031 868 3085 mediocriter
896 3032 926 3094 (1.
946 3049 971 3084 e.
1001 3033 1215 3102 aliquantulum

58 3103 148 3166 certe)
170 3104 208 3153 sit
227 3104 372 3156 literatus.
400 3104 555 3158 Kiihnerus
574 3105 771 3157 coniecturam
786 3102 1002 3155 Lambinianam
1021 3103 1132 3172 probat.
1152 3106 1213 3162 Mr.¹

130 3174 217 3226 Quam
235 3175 353 3237 obrem,
383 3176 514 3243 quoniam
534 3174 644 3241 -ipsi
666 3191 719 3227 aon
741 3170 900 3238 laborant}
921 3172 1004 3225 Unus
1023 3175 1072 3226 Ox.
1102 3175 1216 3228 omittit

58 3243 203 3310 quoniam:
223 3243 297 3295 alius
315 3245 401 3297 habet
421 3245 522 3296 dicent.
555 3244 735 3308 Gebhardas,
763 3245 863 3315 quiin
883 3261 940 3296 uno
961 3242 1027 3296 Cod.
1046 3244 1104 3298 Pal.
1131 3263 1215 3317 repe·

58 3314 146 3365 risset
164 3314 285 3365 liberant
305 3331 358 3384 pro
378 3316 514 3380 laborant,
536 3315 604 3370 inde
621 3316 784 3387 proclivem
803 3315 879 3367 dixit
897 3332 957 3369 esse
976 3315 1131 3387 (Crepund.
1143 3315 1165 3368 l.
1187 3320 1212 3375 2.

56 3401 85 3454 p.
98 3386 173 3449 335.)
195 3384 426 3438 emendationem
446 3386 563 3450 librant,
583 3388 689 3439 merito
709 3386 743 3438 ob
763 3385 838 3438 hano
857 3386 998 3456 ineptiam
1017 3385 1213 3457 reprehensus

57 3473 74 3507 a
92 3453 249 3507 Bouhierio
270 3462 298 3508 et
317 3454 465 3510 Schiitzio.
502 3457 567 3509 Non
588 3457 705 3528 quidem
724 3458 773 3509 ine
795 3464 833 3521 te,
854 3455 903 3510 sed
921 3466 1038 3526 praeter
1055 3459 1213 3512 necessita-

56 3534 117 3579 tem
145 3527 274 3578 coniecit
296 3527 412 3580 Nissen.
438 3528 470 3581 in
490 3545 567 3598 seqq.
594 3528 651 3580 cai
679 3528 758 3596 legen
780 3527 791 3579 i
815 3526 893 3580 siat:
927 3528 988 3599 ipse
1013 3536 1110 3585 autem
1136 3531 1213 3584 vidit

55 3599 206 3674 vulgatam
226 3615 340 3668 quoque
358 3599 460 3651 bonam
480 3615 548 3652 esse.
587 3600 647 3656 Mr.

127 3669 193 3720 Nisi
212 3669 268 3738 ipsi
287 3671 363 3722 iuter
389 3670 431 3735 se]
469 3669 504 3721 In
530 3668 639 3723 Eliens.
667 3687 722 3724 sec.
748 3670 834 3727 habes
861 3673 957 3739 legant
983 3670 1041 3739 ipsi
1063 3672 1139 3726 inter
1162 3687 1212 3724 se.-

56 3738 133 3790 nnde
151 3739 273 3792 rescribi
291 3743 392 3811 possit,
411 3757 463 3794 car
482 3741 594 3806 legendi
612 3740 671 3793 siat
689 3741 801 3818 (legant
827 3742 886 3809 ipsi
908 3744 986 3795 inter
1009 3759 1040 3796 se
1063 3742 1114 3811 qai
1136 3742 1212 3794 idem

55 3810 190 3874 sentiant)
209 3827 262 3862 non
280 3812 419 3879 intelligo.
459 3810 531 3863 Cum
560 3821 656 3864 tamen
674 3813 706 3865 in
726 3830 758 3866 eo
786 3814 862 3866 libro
881 3814 1007 3866 maxime
1026 3819 1154 3887 grassata
1173 3813 1213 3865 sit

54 3880 173 3932 audacia
192 3880 328 3946 Librarii,
355 3900 410 3935 nec
436 3884 463 3935 ei
484 3882 580 3934 Codex
598 3880 672 3934 alins
691 3884 806 3936 accedat
830 3884 1000 3936 fideiussor:
1031 3885 1149 3936 omnino
1169 3883 1213 3938 le·
1266 3898 1269 3903 “

54 3952 160 4025 gerim,
181 3950 238 4002 nisi
255 3954 327 4021 ipsis
344 3955 421 4006 inter
438 3969 478 4016 se,
498 3968 554 4021 quo
573 3951 658 4005 modo
676 3955 790 4023 primus
815 3954 981 4007 emendavit
1006 3954 1056 4007 vir
1080 3954 1212 4009 doctissi-

53 4040 117 4074 mus
137 4020 219 4074 loen.
240 4023 380 4078 Clericus.
419 4024 537 4077 Soloeca
564 4030 643 4078 certe
666 4031 710 4077 est
734 4025 838 4091 oratio,
864 4042 949 4095 quam
967 4041 1039 4094 prae
1064 4021 1096 4079 ¹se
1111 4027 1212 4080 ferunt

53 4095 106 4147 vul
129 4095 178 4145 ati.
216 4095 251 4147 D.
1124 4106 1127 4113 '

108 4113 184 4217 gnisi
201 4166 259 4235 ipsi
276 4164 352 4218 inter
369 4165 419 4233 se,]
456 4164 528 4219 Dav.
548 4166 579 4218 in
598 4175 696 4219 annot.
716 4166 769 4220 Ed.
792 4173 817 4223 l.
840 4184 875 4222 ex
895 4167 962 4221 Cod.
983 4169 1075 4222 Norv.
1094 4171 1211 4240 profert

52 4235 208 4289 lectionem
230 4240 326 4306 legant
346 4237 405 4304 ipsi
423 4237 499 4290 inter
517 4253 563 4290 se:
583 4237 672 4306 idque
689 4239 807 4307 probata
828 4249 891 4292 tum
912 4257 947 4295 ex
964 4241 1018 4293 Ed.
1038 4242 1108 4294 Ven.
1125 4244 1208 4295 1491:

53 4321 105 4356 car
122 4309 244 4374 legendi,
264 4309 323 4362 aiei
342 4309 401 4377 ipsi
419 4310 495 4362 inter
514 4325 553 4372 se,
573 4309 660 4363 verbo
679 4310 735 4362 siat
754 4312 869 4363 omisso.
909 4311 945 4365 ln
962 4312 1016 4365 Ed.
1036 4315 1061 4368 2.
1091 4312 1210 4365 eandem

52 4375 148 4441 habet,
168 4397 254 4446 quam
273 4397 325 4434 nos
345 4379 525 4444 exhibemus,
544 4381 772 4446 annotationem,
799 4381 850 4435 sed
872 4382 905 4434 in
923 4382 1078 4437 verborum
1103 4381 1209 4433 seriem

53 4455 171 4518 recepta
189 4458 234 4503 est
251 4451 420 4507 Bentleiana
438 4451 583 4507 correctio
600 4451 679 4507 inter
694 4466 792 4507 eaor:
817 4469 905 4524 qaum
921 4453 955 4507 in
973 4453 1060 4508 tertia
1076 4450 1144 4505 loco
1161 4466 1209 4517 ee·
