2828 5070
517 315 884 397 ,nmen1,ae-·
1219 324 1282 390 me

115 481 347 567 sagacitatem,
375 483 583 562 memoriam,
612 491 751 560 motum,
785 483 993 546 celeritatem
1028 485 1132 550 videt.
1186 488 1280 552 Heec

116 582 251 649 megae,
273 564 356 631 bueo
376 565 503 643 (livius,
524 566 607 629 haec
627 569 833 648 sempiterna
859 574 948 631 sunt.
992 566 1064 631 Qua
1092 571 1178 634 tscic
1227 573 1279 632 ui·

116 644 195 709 dem
213 648 267 717 sit,
295 656 357 710 snt
376 647 437 709 nbi
457 649 596 725 habitet,
626 667 669 710 ne
698 645 927 729 quaerendum
953 649 1086 730 quidem
1118 660 1178 718 est.
1252 658 1319 733 t,6⁸

115 748 222 811 quum
256 727 410 793 videmus
439 732 582 813 speciem
615 728 1040 815 primumlcandoremque
1070 735 1166 814 oceli,
1200 733 1278 799 dein
1348 758 1351 763 ·

115 897 150 949 ab
173 896 230 950 hac
257 897 387 973 fingendi
410 899 529 954 licentis
557 907 586 953 et
611 901 738 954 vanitate
765 902 902 984 refugere
928 900 1080 954 videtur.“
1122 903 1277 960 Commode

115 966 197 1020 idem
220 971 335 1023 confert
361 969 397 1023 de
423 969 477 1025 011.
497 972 549 1024 111.
574 969 597 1036 ἕ.
618 976 666 1028 39:
703 971 818 1038 Negant
836 972 870 1025 cd
886 971 952 1038 fieri
976 987 1071 1040 porse:
1109 989 1277 1043 quamquam

112 1043 208 1107 potest
227 1039 260 1093 id
276 1041 405 1109 quidem:
425 1042 475 1094 sed
492 1058 596 1108 quaem
615 1053 670 1096 etc.
690 1043 725 1095 sd
742 1059 831 1111 quem
848 1043 946 1096 locum
964 1061 993 1095 v.
1012 1043 1106 1097 Beier.
1126 1062 1155 1115 p.
1171 1048 1223 1101 248
1232 1065 1274 1117 sq.

115 1110 514 1236 1v⁰⁰⁶m⁸ffg⁰mit1titm⁸
533 1114 583 1167 Ox.
604 1131 671 1167 cum
689 1113 742 1168 Ed.
763 1114 798 1166 H.
818 1130 986 1184 perperam:
1006 1113 1073 1168 vide
1085 1116 1274 1170 rnodoBeier.

130 1197 185 1232 .c.
205 1199 234 1251 p.
310 1221 317 1232 .
355 1220 365 1234 .
392 1199 415 1233 r.

190 1252 288 1305 Molas
320 1251 503 1318 celeritatem]
540 1254 597 1306 Vul
657 1259 775 1320 motum,
806 1255 987 1310 celeritatem.
1032 1257 1090 1311 Sed
1124 1267 1205 1312 recte
1230 1260 1273 1314 ct.

114 1320 274 1381 Bentleius.
310 1325 391 1377 lnt‘re
415 1341 477 1395 cap.
505 1325 594 1377 xxvt
612 1327 634 1379 1.
671 1327 717 1379 Ec
738 1325 875 1379 mensoria
897 1344 993 1380 serum
1015 1334 1042 1380 st
1069 1330 1225 1383 inventione
1246 1337 1275 1384 et

115 1392 270 1447 celeritate
292 1403 385 1519 mlt’rtus
408 1395 534 1465 oninique
558 1394 769 1465 pulchritudine
800 1397 916 1451 virtutis
938 1396 998 1452 eim
1022 1398 1147 1454 divinam
1173 1400 1276 1455 mostis

115 1464 273 1531 agnoscito.
340 1504 346 1518 .

188 1541 301 1602 motum,
320 1535 502 1604 celeritatem]
538 1538 693 1592 Neminem
710 1538 914 1609 obsequentem
942 1539 1105 1595 babuerunt
1123 1543 1217 1597 Bentl.
1243 1551 1273 1597 et

115 1604 186 1669 Dav.
206 1616 323 1676 praeter
341 1608 515 1672 Nisseniu1n‚
543 1609 595 1678 qui
618 1610 650 1661 in
665 1611 803 1676 eandem,
833 1612 864 1662 in
882 1628 970 1681 quam
992 1611 1050 1677 illi,
1075 1614 1272 1667 coniecturam

116 1676 270 1731 inciderat.
308 1677 364 1731 Sed
382 1679 464 1731 nulla
482 1679 567 1748 plane
585 1680 785 1734 emendatione
803 1697 872 1751 opus
892 1691 947 1735 est:
974 1699 1068 1752 neque
1091 1683 1160 1737 libri
1179 1700 1273 1738 assen-

114 1748 204 1801 tiunt.
240 1750 295 1802 Pro
313 1747 389 1801 videt
407 1750 460 1802 Ed.
481 1751 516 1801 H.
535 1751 673 1804 uidelicet.
710 1751 754 1804 Ad
772 1753 946 1804 sententiam
970 1763 1116 1823 comparat
1134 1755 1272 1809 FAWol·

114 1818 434 1890 fiusinscholisOdyss.
452 1838 476 1887 n.
488 1823 537 1876 ³6:
556 1829 614 1875 raia
632 1822 690 1881 νέες
708 1820 847 1885 durias,
866 1819 946 1882 olrsl
963 1826 1065 1892 renoba
1080 1823 1131 1891 tos
1148 1828 1270 1890 νόημα.

115 1890 151 1945 ln
169 1906 248 1960 seqq.
269 1891 320 1947 Ox.
339 1910 412 1943 unus
431 1907 499 1960 qaae
517 1908 570 1962 pro
589 1908 653 1961 qna,
673 1892 746 1945 alius
764 1893 851 1959 facite
868 1909 922 1964 pro
940 1891 1025 1958 facie:
1061 1894 1158 1947 Reislr.
1178 1900 1272 1947 autem

116 1961 244 2015 coniecit
260 1979 314 2033 pro
337 1963 465 2032 quidem.-
493 1964 553 2015 sive
580 1965 641 2015 vim
666 1964 745 2017 vocis
769 1964 881 2035 quidem
904 1980 964 2016 non
986 1972 1066 2017 recte
1091 1965 1270 2038 intelligens,

116 2031 179 2093 sive
196 2030 318 2086 offensus
336 2033 512 2104 repetitione
529 2034 561 2085 in
579 2051 659 2104 seqq.
697 2034 753 2088 Sed
772 2035 802 2088 id
819 2035 896 2088 nibil
921 2035 1009 2106 plane
1035 2033 1201 2089 offensionis
1219 2037 1271 2089 ha·

115 2100 173 2159 bet.
211 2105 266 2157 Pro
290 2121 329 2158 ne
349 2105 423 2159 Gud.
448 2105 524 2159 mele
542 2121 598 2157 nec.
631 2107 705 2159 Mon
728 2111 752 2162 l.
778 2107 810 2158 in
826 2105 886 2159 tine
904 2111 947 2160 est
971 2105 1089 2174 quidem.
1124 2107 1173 2159 Bis
1189 2107 1270 2160 iuxta

114 2174 236 2246 ponitur
258 2192 293 2229 ne
308 2204 322 2219 ·
341 2176 449 2243 quidem
483 2176 518 2233 de
549 2174 603 2229 011.
628 2177 651 2229 1.
679 2179 728 2233 tt:
761 2176 873 2246 gloriae
898 2176 1038 2230 iacturam
1063 2193 1101 2229 ne
1123 2177 1270 2231 minimam

115 2243 258 2315 ratam
275 2248 370 2313 tacere
389 2247 499 2313 vellent,
517 2264 558 2300 ne
575 2264 608 2301 re
623 2247 738 2316 pastina
754 2248 899 2317 quidem
912 2248 1080 2315 postulante.
1118 2249 1180 2301 Mr.

189 2314 237 2382 Ut,
255 2332 336 2384 qttttm
353 2317 479 2371 uidemus
498 2317 565 2382 etc]
602 2319 800 2394 „Longomb
822 2318 968 2388 perbcton.
1005 2319 1079 2370 Nam
1098 2316 1270 2370 descenden-

147 2405 185 2470 Ιιιι
203 2395 247 2440 est
265 2388 408 2470 usquead
426 2390 512 2442 illum
530 2388 628 2442 locum
646 2389 679 2456 (ξ.
701 2391 772 2456 to.):
837 2387 984 2454 erigitur
1007 2393 1034 2440 et
1052 2385 1113 2439 alia
1131 2387 1269 2470 mortalia

114 2457 1270 2600 133ξωῖιῖἲῖἒέ.ἱῖ’ῗέἲέἔῗ”.ῗὶ1’ἔῗῖξ.ἒ.ῗὲξ.ζῖῗ’ΐεέῑίἲῖἕώ.ῗ“.“”ῗ.ἕ..ῗ

114 2617 236 2671 porusn,
272 2610 300 2655 et
324 2603 593 2655 motus-stellarum
619 2601 859 2655 ordinatissimos:
897 2598 1103 2671 proculdubio
1125 2599 1269 2653 credimus

114 2670 223 2725 mundo
241 2689 369 2741 praeesse
388 2674 516 2742 aliquem
535 2672 759 2727 moderatorem:
780 2672 822 2724 sic
840 2671 967 2724 animum
978 2679 1117 2735 nostrum,
1137 2671 1268 2741 quamvis

115 2759 181 2796 emn
200 2758 259 2795 non
276 2743 416 2807 videmus,
440 2753 536 2796 tamen
564 2743 751 2813 exoperibus
775 2743 836 2796 eius
862 2743 1040 2817 agnoscimus
1058 2741 1190 2795 divinum
1209 2759 1268 2796 esse

115 2822 144 2868 ct
163 2814 368 2879 immortalem,
389 2823 417 2867 et
436 2815 516 2883 quasi
536 2814 677 2883 quendam
696 2813 812 2866 deum.“
839 2814 1005 2867 Beroaldus.
1043 2813 1266 2884 „Hyporbatom

114 2884 221 2939 Pendet
240 2885 317 2939 enim
336 2886 487 2949 sententia,
507 2903 598 2955 usque
616 2884 685 2937 dum
701 2885 862 2960 subiungit:
890 2885 968 2939 Haec
988 2884 1083 2952 igitar
1100 2890 1126 2936 et
1144 2886 1205 2938 alia
1222 2886 1268 2937 in·

114 2955 301 3011 manemus
319 2957 385 3009 dam
402 2955 540 3010 cernimus
559 2965 613 3008 ete.
633 2955 676 3009 sic
692 2962 811 3010 mentem
827 2953 949 3009 dominis
967 2956 1044 3010 etc.“
1063 2954 1090 3007 J.
1109 2956 1265 3024 Pugninss.

114 3026 316 3081 Anacoluthon
335 3037 391 3081 est:
417 3027 534 3080 debebat
561 3028 639 3081 enim
657 3027 679 3093 i.
699 3031 741 3083 tt).
762 3028 803 3080 ita
819 3045 957 3100 pergere:
985 3025 1114 3079 dubitare
1132 3043 1185 3079 non
1199 3042 1267 3094 pas·

115 3114 217 3163 meurs,
238 3101 303 3164 quin
324 3131 355 3141 -
376 3126 409 3136 -
427 3099 533 3166 praesit
552 3098 680 3163 (mundo)
698 3099 862 3151 moderator
880 3108 950 3162 ete:
970 3097 1013 3149 sic
1031 3105 1086 3149 etc.
1124 3098 1185 3150 Mr.

184 3169 305 3237 speciem
322 3203 356 3213 -
376 3171 576 3238 candoremque
603 3168 688 3236 caeli]
731 3169 839 3235 „Quod
868 3169 910 3220 cit
936 3167 1036 3219 videre
1063 3183 1115 3219 nos
1140 3167 1266 3236 speciem

113 3239 323 3310 candoremque
343 3241 425 3305 caeli,
444 3242 530 3310 plane
547 3241 622 3294 dixit
641 3257 699 3295 non
716 3241 809 3293 solum
828 3239 985 3313 eleganter,
1003 3237 1054 3289 sed
1071 3238 1158 3289 etiem
1173 3246 1265 3289 ceute.

112 3312 231 3386 Negant
248 3313 325 3365 enim
343 3313 534 3376 Aristotelici‚
561 3312 642 3382 qussi
660 3314 750 3366 tincta
779 3327 837 3366 esse
856 3309 989 3364 caelestis
1007 3324 1128 3379 corpora
1145 3307 1268 3377 qualita-

113 3381 189 3435 tibus
208 3381 387 3452 quibusdem:
407 3401 502 3453 neque
521 3401 579 3436 esse
598 3382 722 3438 aetheris
742 3381 870 3436 colorem
886 3381 983 3433 ullum
999 3396 1092 3444 suurn,
1112 3379 1160 3431 sed
1170 3379 1268 3449 splen-

114 3450 213 3506 dorem
233 3462 344 3506 tantum
363 3464 392 3509 et
412 3455 553 3524 quandam
576 3453 656 3523 quasi
684 3453 875 3507 renidentium
892 3449 997 3504 lucis.“
1022 3450 1212 3504 Camerarius.
1232 3479 1266 3494 -ι

112 3522 176 3577 lluo
195 3522 281 3578 Codd.
301 3528 371 3579 On.
390 3524 496 3578 babent
515 3526 679 3588 carrdorem3
698 3543 771 3576 unus
789 3523 987 3592 caloremque..
1001 3523 1078 3576 lllud
1095 3521 1267 3576 vocabulum

114 3594 147 3649 de
166 3595 222 3648 hac
240 3614 272 3649 rc
290 3597 457 3667 proprium:
479 3596 520 3648 its
538 3596 572 3648 de
591 3595 670 3648 caelo
689 3595 856 3648 tritissimus
874 3594 927 3647 illc
945 3611 1044 3648 versus
1062 3594 1096 3649 dc
1113 3595 1151 3647 N.
1171 3594 1205 3647 D.
1225 3594 1265 3648 11.

114 3667 139 3723 2·
159 3669 192 3722 l:
214 3667 330 3735 adspice
348 3665 399 3721 loc
416 3668 532 3720 sublime
550 3667 703 3720 candens
722 3674 776 3719 etc.
797 3666 834 3719 ci.
855 3665 891 3717 ib.
913 3665 951 3718 11.
972 3669 1013 3722 15.
1034 3668 1081 3722 ld:
1110 3664 1181 3719 solis
1201 3680 1266 3718 can·

114 3737 175 3791 dor.
215 3736 325 3809 Scripsi
344 3740 374 3791 in
392 3740 530 3810 proximis
550 3737 615 3792 dein
632 3754 685 3808 pro
703 3735 804 3792 deinde
822 3755 858 3790 ex
871 3736 955 3790 Codd
969 3737 1085 3807 optimis
1104 3736 1181 3800 (curn
1194 3736 1263 3790 Der.

114 3816 143 3863 et
160 3809 267 3874 Bentl.)
287 3813 357 3884 Reg.
377 3809 451 3862 Gud.
474 3815 497 3866 1.
517 3812 543 3865 2.
563 3812 637 3862 Mon.
658 3811 683 3863 2.
704 3816 737 3859 ut
761 3816 804 3861 est
829 3809 900 3861 item
926 3816 992 3861 ente
1017 3806 1124 3878 capud
1142 3807 1201 3861 Cic.
1230 3805 1265 3858 de

113 3877 178 3932 niv.
199 3880 222 3934 1.
250 3884 293 3936 2⁷.
314 3885 362 3938 57:
388 3880 468 3934 dein
490 3897 552 3934 canu
576 3896 606 3932 se
631 3879 806 3948 collegisset:
835 3878 884 3930 ubi
906 3878 1081 3948 paucissimi,
1108 3885 1142 3928 ut
1168 3885 1266 3933 nostro

113 3950 177 4005 loco
195 3951 317 4021 plurimi
336 3952 416 4016 libri,
434 3951 541 4005 habent
559 3952 666 4007 deinde.
703 3951 812 4004 Eodem
830 3949 913 4004 modo
931 3968 961 4003 se
978 3949 1065 4005 hebet
1091 3946 1180 4000 lectio
1199 3947 1265 4001 dein

113 4030 179 4076 sate
199 4040 233 4092 qu
257 4024 288 4075 in
312 4023 388 4076 libro
406 4025 444 4076 11.
470 4023 504 4076 de
524 4025 560 4075 N.
580 4023 613 4074 D.
641 4039 666 4074 c.
686 4023 730 4075 tt.
780 4023 866 4076 eto.
891 4021 944 4073 Ed.
965 4018 1012 4075 Cr.
1042 4027 1070 4073 et
1088 4026 1177 4071 nostr.
1197 4019 1264 4084 mai.

113 4092 194 4147 Unus
222 4094 272 4147 Ox.
299 4092 405 4149 debinc.
447 4095 546 4169 Pergit
573 4093 659 4147 Codd.
684 4091 772 4144 Reh.
800 4094 875 4144 Ilion.
895 4094 921 4147 1.
949 4089 1137 4145 οοηυενιὲοηίε
1159 4096 1267 4144 tantam

112 4164 295 4218 celeritatem.
316 4165 428 4227 Coun
471 4205 477 4218 .
497 4164 716 4220 conversiones:
735 4162 790 4216 duo
809 4163 878 4215 011.
898 4161 1085 4225 celeritatis;
1103 4160 1175 4214 alius
1189 4161 1264 4215 hano

112 4253 215 4289 rocem
241 4237 361 4290 omittit.
397 4236 471 4291 Gn.
500 4254 575 4291 conv.
601 4242 652 4289 cet.
678 4231 877 4289 uidetlaec
900 4238 1150 4301 tantaquanta
1188 4232 1264 4283 Tum

112 4304 180 4361 eod.
201 4304 274 4383 Aug.
295 4326 350 4361 non
368 4309 504 4376 cogitare.
532 4309 585 4361 Ed.
606 4308 640 4361 A.
656 4305 808 4376 passimus.
846 4306 945 4379 Pergit
972 4305 1007 4357 G.
1036 4310 1068 4357 et
1091 4300 1265 4357 uicissitudi-

112 4395 193 4433 nem.
230 4380 284 4432 Pro
310 4396 348 4433 ac
370 4381 491 4434 nostiam
513 4379 648 4449 plerique
676 4382 779 4445 atque
810 4374 937 4428 noctium.
981 4373 1036 4428 Sed
1063 4372 1138 4427 illud
1159 4371 1266 4423 babent

112 4447 197 4503 Codd.
217 4450 287 4525 Reg.
308 4451 383 4504 Gud.
405 4455 428 4507 1.
449 4453 475 4507 1.
501 4450 615 4521 Gry-pb.
643 4447 732 4504 lilarb.
761 4443 835 4503 Gud.
862 4442 952 4501 Rebd.
970 4443 1069 4499 Dnisb.
1096 4443 1172 4501 lton
1194 4442 1264 4497 1.1.

133 4579 214 4622 cicero
230 4579 296 4624 rese.
311 4580 379 4635 Disp.
394 4582 429 4625 ed.
445 4581 529 4624 Moser.
551 4579 575 4622 T.
590 4580 612 4623 1.
978 4552 1020 4618 1⁵
