2828 5070
197 302 240 370 68
395 300 624 368 CICERONIS
645 302 895 372 TUSCULAN.
916 307 1151 374 DISPUTA'I'.

156 469 309 549 mirum,
330 469 485 550 animam,
505 470 629 557 ignem,
650 471 772 559 vulgo:
793 471 924 555 reliqua
945 475 1018 536 fere
1039 475 1175 559 singuli.
1198 474 1245 539 Ut
1258 477 1360 540 multi

198 562 437 632 anteverteras,
460 555 611 636 proxime
632 563 744 618 antem
765 555 995 634 Aristoxenus,
1029 561 1174 620 musicus
1202 555 1360 644 idemque

197 739 246 794 cui
269 740 433 811 praeiverat
458 741 611 808 Manutius,
637 757 691 795 nee
715 740 748 793 ab
781 740 846 793 aliis
876 743 976 796 debuit
1003 743 1133 796 omitti.“
1175 747 1360 818 Receperunt

196 812 368 879 sanguineis,
388 831 560 883 quamquam
578 813 610 864 in
629 813 711 865 nullo
730 812 835 866 Codice
853 824 1012 884 repertum,
1038 825 1103 885 post
1121 817 1190 870 Dav.
1217 827 1247 873 et
1271 821 1359 890 1111..

195 883 331 937 Bouhier.
350 885 447 939 Wolf.
467 885 585 939 Schiitz.
606 885 696 938 Orell.
734 887 836 954 Neque
854 901 905 938 nos
919 903 981 938 esm
998 903 1100 938 vocem
1119 890 1271 958 eiecimus;
1290 910 1360 947 cum

193 957 306 1010 (trellis
325 973 395 1008 vero
415 974 477 1009 eam
496 974 531 1009 ex
550 956 731 1021 Coniectura,
760 966 789 1008 et
813 964 880 1027 apta
898 957 1024 1026 quidem,
1054 958 1085 1009 in
1104 959 1239 1015 (indicem
1257 965 1359 1018 Manu.

197 1028 309 1081 timum
334 1028 444 1080 illatam
472 1045 530 1081 esse
558 1028 700 1080 existimo.
738 1028 839 1096 ltaque
864 1045 930 1079 cum
956 1046 1050 1099 neque
1077 1045 1131 1104 ego
1157 1031 1189 1083 in
1215 1034 1359 1104 omnibus,

197 1100 248 1169 qui
268 1100 302 1151 ad
319 1117 435 1150 inanum
454 1108 530 1162 sunt,
549 1097 633 1151 libris
651 1098 808 1172 vestigium
828 1097 888 1151 eius
907 1100 1089 1170 reperissem,
1112 1104 1229 1157 uncinis
1252 1107 1359 1162 additis

197 1169 227 1222 id
250 1179 329 1223 certe
354 1169 528 1245 significavi,
556 1186 617 1222 eam
649 1170 820 1222 anctoritate
848 1168 966 1222 destitui
993 1171 1132 1225 Codicum
1157 1176 1236 1230 MSS.
1282 1180 1360 1232 Nam

197 1242 275 1310 quod
293 1251 335 1294 est
354 1243 384 1292 in
404 1259 494 1316 inerg.
515 1241 612 1294 Lamb.
633 1242 658 1295 2·
679 1248 709 1294 et
728 1240 827 1303 Goth„
846 1239 917 1293 aiios
936 1242 1038 1295 addere
1057 1245 1241 1312 sanguinem:
1266 1247 1298 1303 id
1322 1252 1359 1306 de

196 1312 324 1366 Manutio
343 1312 568 1383 intelligendum
586 1326 644 1365 esse
663 1320 776 1364 certum
795 1318 845 1365 est.
865 1312 974 1364 Laudat
981 1314 1101 1367 Billerb.
1116 1316 1256 1388 Etymolo
1279 1321 1357 1376 'cum

196 1386 233 1436 M.
253 1404 281 1437 r.
307 1379 377 1451 αἷμα
404 1383 501 1437 Senot.
528 1385 615 1452 Cruq.
641 1381 676 1436 ad
701 1384 799 1436 Horat.
829 1383 864 1436 de
887 1383 921 1435 A.
947 1386 976 1436 Ρ.
996 1386 1057 1441 465.
1095 1387 1170 1441 Plin.
1191 1391 1227 1443 Η.
1277 1431 1284 1444 .
1305 1394 1356 1449 11.

195 1457 239 1512 37.
276 1455 336 1508 Mr.
884 1508 889 1516 .

269 1527 400 1591 enirm,
425 1524 524 1592 ignem,
558 1523 654 1591 vulgo]
699 1524 765 1578 Cod.
793 1525 878 1579 Vind.
901 1530 925 1581 1.
953 1525 1039 1580 hebet
1066 1529 1150 1596 wlgo
1174 1529 1357 1590 dicuntur.

196 1597 328 1664 Rathius,
348 1614 414 1649 cum
432 1597 621 1661 existimaret,
640 1594 675 1647 ad
692 1596 777 1664 vulgo
794 1596 1019 1651 subandiendum
1038 1609 1117 1654 certe
1136 1618 1196 1656 esse
1214 1603 1358 1676 emisse,

199 1668 235 1721 ad
253 1668 366 1739 sinnii
383 1676 479 1720 autem
497 1668 609 1721 dicunt:
628 1665 684 1719 hnc
704 1667 745 1718 ita
764 1666 977 1722 incommodum
996 1687 1054 1722 esee
1078 1673 1204 1740 putabat,
1234 1685 1267 1730 ut
1290 1695 1360 1732 cum

199 1741 286 1809 ouigo
305 1741 512 1825 interpretatus
530 1747 615 1792 essct:
635 1738 769 1824 vulgares
787 1747 853 1791 sunt
871 1738 925 1792 hae
944 1741 1103 1795 sententiae
1113 1761 1274 1817 parumque
1292 1767 1362 1804 acu.

199 1819 256 1878 tae,
280 1812 448 1886 vulgsribus
472 1809 603 1863 acutiora
629 1810 737 1880 placita
763 1811 931 1893 opponenda
955 1828 1013 1866 esse
1041 1824 1181 1881 censeret,
1207 1836 1262 1873 nee
1287 1839 1360 1876 vero

201 1882 373 1951 singulorum
392 1882 551 1953 opiniones,
571 1880 697 1950 indeque
716 1890 881 1954 corrigeret
899 1882 1006 1950 reliqua
1023 1901 1090 1938 vero
1107 1887 1297 1946 subtilius:
1316 1911 1361 1948 se-

201 1953 240 2006 tis
259 1957 316 2009 iam
334 1956 477 2008 refutatus
503 1968 655 2005 scensore
682 1951 796 2004 ienensi
824 1955 900 2008 1806.
920 1956 965 2009 49.
1012 1952 1055 2008 Ad
1082 1957 1165 2026 serigo
1190 1961 1270 2017 nihil
1294 1962 1361 2019 sub-

201 2026 375 2079 audiendum
395 2032 446 2087 est,
467 2029 708 2093 quartisianam,
735 2031 768 2072 ut
787 2027 869 2093 saepe
887 2032 998 2078 noster:
1025 2027 1108 2095 origo
1136 2029 1245 2101 dimne,
1272 2036 1360 2105 vulgo

203 2096 398 2166 mouebantur,
418 2095 505 2151 etiam
523 2097 603 2161 origo
621 2095 716 2147 colunt
735 2093 769 2145 de
787 2093 824 2145 N.
843 2093 877 2146 D.
897 2096 1016 2165 111.,17.
1036 2100 1080 2153 tt.
1117 2099 1298 2159 Camerarius
1324 2108 1361 2161 ad

202 2184 265 2222 eam
281 2185 384 2221 rocem
401 2165 485 2218 haec:
505 2166 665 2241 „vulgares
684 2164 801 2234 quidem
819 2181 878 2218 esse
896 2167 938 2219 ait
955 2165 1006 2218 hes
1024 2171 1179 2223 sententies
1196 2173 1232 2229 de
1250 2177 1359 2246 enimc,

201 2255 373 2310 corporeum
392 2237 479 2291 illum
497 2253 570 2289 esse:
598 2236 646 2289 sed
674 2235 877 2305 incorporeum
895 2237 995 2290 iecisse
1014 2240 1204 2296 nobilissimos
1230 2246 1362 2318 philoso-

202 2308 305 2382 phos.“
323 2308 513 2365 F'AWoltins:
534 2307 637 2374 ‚mulge
655 2306 674 2359 i.
696 2324 719 2359 e.
740 2306 870 2381 integrae
889 2307 1127 2381 philosophorum
1146 2314 1275 2372 scholae:
1301 2320 1362 2375 stn-

203 2381 277 2449 μὶἰ,
306 2382 326 2434 i.
347 2399 370 2434 e.
400 2379 538 2433 eiusmodi
564 2377 742 2476 philosophi,
779 2393 903 2447 quorum
927 2381 1086 2436 sententiae
1114 2400 1172 2436 non
1200 2391 1362 2460 probantur

202 2452 278 2518 aliis,
299 2462 328 2505 et
346 2452 441 2504 minus
460 2449 547 2502 etiam
564 2450 613 2502 vul
635 2450 673 2503 o.‘
719 2448 780 2501 Mr.

274 2524 394 2594 Reliqua
416 2522 478 2586 fere
504 2467 635 2587 rinnau?
659 2519 725 2574 cod.
753 2523 827 2587 Aug.
846 2517 957 2590 reliqua
980 2521 1093 2576 omnic
1118 2525 1220 2590 ferre
1237 2528 1359 2600 singuti.

203 2594 271 2649 cod.
299 2598 374 2647 Mon.
395 2596 420 2648 2.
446 2598 482 2644 et
507 2592 627 2661 reliquo.
653 2594 728 2645 Mon.
750 2594 774 2646 l.
798 2589 851 2643 Ed.
877 2592 906 2642 P.
932 2591 1043 2663 reliquo
1067 2597 1188 2650 omnia.
1225 2603 1279 2656 Pro
1296 2606 1359 2671 {ere

204 2672 248 2719 est
273 2681 340 2718 vero
366 2665 398 2716 in
425 2662 511 2716 codd.
536 2662 633 2714 Dutsb.
659 2663 743 2715 Vind.
766 2666 789 2715 1.
827 2662 862 2715 ln
880 2661 952 2714 Edd.
977 2662 1011 2714 A.
1030 2665 1061 2716 B.
1082 2665 1110 2719 S.
1129 2668 1165 2720 F..
1193 2672 1263 2725 Vsa.
1283 2676 1358 2729 Med,

203 2735 268 2788 Asc.
290 2739 314 2789 1.
335 2751 426 2802 marg.
447 2741 558 2785 nostrae
578 2733 642 2785 Asc.
661 2734 688 2787 Ἰ.
709 2732 776 2785 God-
798 2731 871 2784 Gud.
891 2735 917 2788 2.
937 2734 1094 2805 utrumque
1117 2738 1260 2816 iungitur,
1286 2748 1360 2800 mi.

203 2805 340 2875 biturque
367 2805 477 2874 reliqua
501 2820 585 2856 vero
610 2805 679 2870 fere.
717 2803 784 2856 Cod.
805 2803 878 2855 Gud.
897 2802 982 2857 habet
1002 2807 1212 2881 referreque
1237 2813 1358 2886 siagrii.

203 2876 256 2929 Ed.
276 2877 312 2928 H.
331 2884 395 2946 post
413 2874 521 2942 nunti
538 2874 663 2927 additam
679 2873 766 2927 habet
784 2873 906 2949 glossam
924 2875 1025 2933 dictust.
1061 2879 1121 2932 Mr.

276 2947 314 3002 Ut
332 2946 419 2999 multi
437 2951 500 2998 onte
517 2952 633 3012 veteres,
650 2961 785 3012 proxume
803 2943 905 3009 cutem]
942 2948 1036 3023 Vulgo
1054 2950 1168 3033 Plenam
1193 2963 1258 3025 post
1282 2964 1359 3014 oete.

204 3032 252 3070 ret
268 3026 382 3088 ponunt
400 3017 625 3070 distinctionem.
662 3018 823 3087 Perpernam,
842 3026 876 3068 ut
894 3016 937 3069 cl.
956 3018 1106 3074 Bentlems
1124 3026 1244 3079 monuit.
1282 3030 1319 3083 D.

279 3089 315 3144 Ut
333 3088 414 3143 multi
430 3093 495 3143 ante
511 3087 630 3155 ueteres]
666 3087 792 3140 Bentleii
810 3088 981 3141 sententiam
998 3091 1078 3144 vides
1097 3093 1129 3144 in
1147 3105 1242 3150 annot.
1281 3101 1358 3154 Eum

204 3168 318 3214 secutus
342 3168 385 3215 est
403 3160 613 3213 ballernannus.
649 3159 788 3211 Ernestus
804 3159 952 3242 vulgatam
977 3164 1102 3214 serravit
1126 3164 1357 3226 distinctionem:

206 3258 239 3269 -
258 3230 375 3300 singuli,
393 3237 425 3283 ut
443 3228 524 3283 multi
541 3236 605 3283 onte
621 3237 737 3283 ueteres.
774 3228 906 3282 homme
924 3262 966 3282 -.
1001 3233 1113 3286 Nissen.
1133 3235 1167 3289 ad
1184 3237 1217 3290 h:
1233 3242 1254 3292 l.
1275 3262 1304 3313 p.
1316 3247 1357 3299 ἰε

205 3302 346 3367 „Veteres
368 3300 526 3371 philosophi
550 3307 621 3366 sant,
655 3299 704 3370 qui
728 3305 790 3353 onte
813 3299 958 3353 Socratem
984 3303 1114 3358 vixmnt
1140 3325 1168 3358 v.
1197 3327 1222 3362 c.
1244 3316 1286 3368 17.
1314 3314 1356 3368 in,

205 3371 278 3437 Quos
296 3377 407 3426 litarem
426 3372 545 3426 omittit.
583 3375 685 3425 Putem
702 3379 797 3425 tamen
821 3372 974 3447 legendum
1000 3375 1098 3427 muita.
1136 3378 1211 3432 Nam
1229 3383 1359 3440 Bentleii

205 3445 349 3497 correctio
370 3444 468 3508 multo,
496 3451 529 3494 ut
553 3443 609 3496 hoc
633 3441 667 3494 ad
690 3442 783 3494 solnm
802 3443 949 3496 Platonem
970 3447 1123 3514 pertineat,
1151 3466 1209 3503 non
1237 3456 1355 3511 arridet.

205 3514 312 3565 Mirum
331 3524 383 3580 est,
403 3532 476 3578 eum,
497 3515 548 3612 qui
565 3513 736 3587 tautologias
754 3530 863 3566 summo
881 3507 1072 3583 persequatur
1088 3519 1162 3585 odio,
1181 3536 1282 3593 sponte
1296 3526 1357 3583 huc

204 3583 332 3654 aliquam
355 3586 503 3637 intrusisse
516 3583 533 3634 ⁴.
569 3583 698 3638 Wolfius
724 3585 803 3637 dedit
832 3584 927 3647 multu,
952 3586 984 3636 in
1009 3586 1115 3642 scholis
1137 3609 1209 3646 vero
1235 3597 1355 3666 addidit,

204 3654 577 3779 tettttttttttzz
593 3654 1357 3796 zittttdmsdttti’..ttst*diderit

204 3798 287 3852 stulto
305 3804 371 3851 aare
389 3804 495 3849 veteres
512 3795 623 3865 reliquo
641 3797 770 3862 sensim,
798 3798 1050 3868 coniecturamque
1068 3804 1174 3858 multu
1198 3815 1261 3863 unte
1288 3829 1356 3867 con.

204 3868 281 3924 sulto
307 3887 336 3922 se
365 3869 483 3921 mittere
501 3866 735 3949 pronuntiasset,
762 3885 851 3955 'stiam
883 3868 1079 3925 coniecturam
1109 3879 1219 3945 promit
1250 3901 1355 3954 parum

203 3938 662 4077 {stetinensium
677 3937 1355 4093 ...titiisdt¹i”1‚¹¹...⁸.⁰.⁰.¹¹{¹.¹t.⁹tni¹tt;

204 4080 260 4134 hoc
283 4091 326 4134 est
352 4080 477 4150 exempli
504 4097 586 4132 causa
608 4080 694 4132 multi
720 4088 833 4134 veteres
859 4089 935 4146 ante,
963 4099 1011 4153 seu
1038 4084 1145 4140 dudum
1170 4100 1237 4147 ante
1255 4107 1353 4151 nostre

205 4159 337 4223 tempora
363 4151 499 4205 dixerunt
520 4151 624 4203 multas
649 4151 773 4204 diversas
797 4151 831 4205 de
854 4161 950 4205 mente
975 4158 1138 4211 sententias.
1175 4163 1352 4235 Μηρώ..

204 4223 288 4276 chius
306 4223 341 4276 ad
358 4223 465 4276 Platon.
485 4221 624 4275 Phaedon.
644 4240 671 4292 p.
692 4225 744 4278 248
763 4223 899 4276 coniecit:
920 4229 954 4276 at
977 4227 1055 4280 turriti
1074 4236 1140 4283 unte
1156 4240 1264 4292 veteres
1288 4238 1350 4310 (qui

201 4295 338 4348 universe
356 4294 471 4347 adrem
488 4293 688 4360 conferendus)
707 4294 783 4364 quod
800 4293 901 4364 probat
919 4296 1081 4364 Kiihnerus,
1108 4312 1141 4355 ut
1168 4304 1240 4361 haec
1268 4320 1350 4365 exeat

199 4366 354 4421 sententia:
383 4374 433 4432 „at
451 4365 577 4440 singulus
594 4364 777 4439 singulorum
794 4364 1033 4436 philosophorum
1056 4372 1206 4440 opiniones
1224 4396 1350 4437 comme·

197 4455 310 4493 morare
331 4438 451 4514 longum
478 4445 537 4504 est;
556 4426 670 4508 'itaque
695 4435 874 4507 acquiescam
899 4437 932 4491 in
960 4443 1142 4498 menseudis
1170 4446 1337 4509 Aristoxeni
