2828 5070
199 305 262 373 dib
402 302 632 371 CICERONIS
653 303 897 370 TUSCULAN.
920 303 1150 368 DISPUTAT.

162 475 165 482 “
199 474 286 534 tecto
310 469 400 533 nulla
421 470 550 551 reliqua
571 489 664 548 cura,
685 470 777 533 nulla
798 467 990 532 sollicitudo
1012 471 1127 530 futura
1148 468 1208 530 sit!
1243 469 1352 534 Onam

197 573 253 616 me
274 552 413 617 delectat
434 552 676 617 Theramenes!
707 572 805 635 quam
827 553 912 615 elato
934 553 1043 613 animo
1066 555 1131 613 est!
1166 550 1239 613 Etsi
1260 554 1352 615 enim

200 758 262 796 eree
280 739 393 794 debet.“
411 739 604 795 camerarios.
640 738 736 806 „Quid
760 748 805 794 est
827 737 882 793 hae
899 740 1044 810 scriptura
1071 736 1172 810 [qaam
1194 740 1270 796 illud
1292 742 1353 797 iter

198 812 347 868 iteradum
364 826 424 866 eeee
441 813 542 878 debetJ,
569 827 641 881 quae
667 813 699 863 in
723 811 854 865 omnibns
881 811 964 864 libris
984 809 1040 867 MS.
1061 810 1183 888 legitur,
1214 813 1351 883 planius?

198 883 270 954 quid
297 881 396 938 eadem
421 882 593 958 elegantius,
623 882 750 936 maxime
777 883 888 935 sicum
907 881 1026 955 vulgata
1055 885 1238 937 conteratur?
1277 904 1352 956 quae

197 953 265 1008 talis
284 962 345 1008 est:
373 968 456 1024 paam
481 951 704 1021 optabiliter
727 952 786 1005 iter
808 953 881 1006 illud
898 952 1047 1006 iacendum
1068 970 1129 1008 esee
1147 955 1238 1009 debet.
1276 955 1351 1010 Nam

197 1027 331 1096 proiecto
349 1024 411 1078 olet
428 1040 544 1076 manum
562 1023 695 1075 audaeuli
714 1022 916 1089 emendatoris,
949 1040 1000 1076 seu
1023 1025 1133 1090 verius,
1158 1029 1350 1096 corruptoris,

198 1095 251 1166 qui
269 1095 305 1150 de
329 1109 380 1148 suo
406 1094 517 1147 addidit
539 1092 713 1161 optabiliter,
740 1108 807 1145 eum
831 1095 909 1148 forte
933 1109 987 1164 pro
1011 1094 1171 1160 ineundum,
1200 1095 1352 1151 ineundam

197 1164 329 1240 legisset,
349 1165 496 1218 autetiam
512 1181 547 1217 ex
559 1180 630 1217 voce
648 1162 794 1216 iucundam
811 1166 884 1217 iecit
902 1165 1058 1218 iurandum.
1079 1167 1120 1219 ita
1138 1174 1233 1219 totum
1252 1168 1350 1221 locum

198 1235 440 1290 contaminavit.“
457 1233 617 1288 Lambiaaa.
654 1234 716 1300 „Ut
733 1234 813 1289 dedit
831 1234 927 1290 lamb.
953 1243 1019 1305 post
1038 1237 1213 1303 Victoriam,
1239 1238 1351 1314 legitur

177 1307 230 1366 ,in
249 1305 378 1377 Gryphii
397 1305 568 1375 exemplari,
587 1303 825 1375 quemadmodum
837 1314 867 1359 et
884 1306 943 1376 ipsi
962 1305 1161 1359 excudendum
1172 1311 1348 1363 curavimus.

197 1376 314 1453 vulgati
338 1379 402 1431 iere
426 1390 541 1430 omnes:
572 1390 654 1498 guam
677 1375 895 1445 optabiliter
924 1376 982 1429 iter
1005 1376 1080 1429 illud
1109 1376 1260 1433 ineundam
1290 1396 1351 1433 eeee

197 1447 307 1503 debet.“
333 1448 450 1500 Brutus.
489 1446 570 1512 „Quo
614 1446 711 1502 humb.
737 1446 826 1512 dedit,
858 1455 902 1501 est
924 1445 1067 1501 librorum
1090 1456 1226 1502 veterum
1250 1450 1350 1513 lectio,

196 1519 280 1573 ouius
298 1516 363 1570 loco
381 1517 526 1570 Manutius
545 1515 650 1570 edidit:
679 1531 762 1586 quam
778 1516 1004 1586 optabiliter
1029 1518 1088 1570 iter
1111 1519 1185 1573 illud
1201 1519 1351 1574 iaciendum

197 1603 258 1643 esee
282 1588 371 1652 debet,
397 1587 473 1656 quod
499 1604 537 1640 ne
559 1586 672 1640 auctori
698 1588 814 1658 quidem
843 1604 893 1642 suo
916 1587 1089 1658 probatur.“
1115 1589 1164 1646 Fr.
1193 1591 1349 1645 Fabricius.

195 1658 260 1727 „Ut
285 1656 376 1714 edidit
398 1658 545 1711 Victorius
571 1657 695 1711 habetur
720 1657 757 1710 ad
779 1660 901 1712 verbum
928 1661 960 1711 in
978 1657 1049 1711 Pall.
1070 1675 1128 1713 see.
1148 1667 1214 1716 tert
1234 1672 1350 1732 quarto,

196 1728 272 1785 Pith.
309 1730 344 1784 ln
366 1729 464 1800 prim0
488 1745 522 1780 ao
540 1728 651 1799 squiuto
679 1729 759 1782 nobis
775 1728 932 1799 amplius.“
955 1728 1091 1783 Gebbard.
1128 1730 1263 1785 Reiskius
1282 1751 1350 1786 cum
1387 1756 1392 1767 ·

196 1801 229 1856 iu
252 1799 325 1855 Edd.
353 1808 424 1855 rett.
453 1814 523 1856 ase
547 1799 662 1852 collatis
685 1799 863 1875 reperisset:
900 1816 984 1869 quam
1005 1800 1170 1869 optabiliter
1195 1801 1252 1855 iter
1275 1803 1350 1857 illud

195 1870 522 1930 teneraetenerae:
551 1870 647 1946 [quod
671 1873 779 1929 habent
802 1870 890 1927 etiam
907 1879 1024 1926 nostrae
1042 1874 1113 1929 Ven.
1132 1872 1197 1926 Aac.
1216 1875 1245 1930 2.
1265 1874 1347 1928 Cam.

195 1941 391 1999 Balineum.
410 1945 501 2014 Alu.],
528 1945 628 2011 „haam
647 1945 698 2011 ait,
716 1945 806 2000 lectio
831 1951 928 2014 potest
953 1943 1080 2011 defendi,
1115 1951 1149 1996 ut
1174 1943 1252 1998 idem
1274 1944 1350 1999 velit

194 2015 694 2142 ibtt‘ttt„⁰¹‘¹bb‘t.?tb
715 2014 961 2140 ‘tibitibi
970 2015 1350 2140 'attimttbtt‘lbiz

192 2157 318 2224 >optabile
331 2107 394 2212 lter
411 2105 490 2212 t’ttlb
502 2157 654 2211 ineundum
672 2172 733 2210 eeee
751 2157 841 2224 debet,
867 2155 898 2209 id
917 2163 975 2210 est:
1011 2173 1097 2227 quam
1122 2127 1249 2227 optabile
1287 2157 1351 2211 ebet

195 2242 258 2280 esse
276 2228 334 2282 iter
352 2227 427 2281 illud
446 2236 519 2295 tum,
547 2243 638 2298 quum
661 2227 820 2281 ineundum
843 2224 928 2281 eett“
962 2224 1026 2280 lloc
1044 2242 1114 2282 vero
1134 2235 1178 2281 eet
1196 2225 1349 2283 hariolari.

194 2295 322 2352 Bentleii
340 2300 537 2353 coniecturam
556 2315 623 2352 sane
640 2297 830 2368 probabilem,
854 2295 903 2352 sed
921 2298 1119 2352 coniecturam
1137 2305 1245 2365 tamen,
1268 2299 1350 2354 rides

195 2366 228 2421 in
247 2369 308 2421 eius
327 2377 426 2425 annot.
462 2369 585 2424 Erravit
601 2375 699 2422 autem
716 2369 768 2425 l'r.
787 2368 873 2422 Febr.
893 2369 990 2434 iniis,
1013 2367 1139 2439 quaeda
1158 2371 1286 2423 Manutio
1304 2386 1351 2423 re·

193 2437 281 2503 tulit:
312 2441 353 2493 ita
372 2441 450 2494 euim
475 2439 542 2495 ille:
574 2436 771 2507 „optabiliter
790 2467 823 2476 -
841 2436 995 2493 ineundam
1013 2455 1073 2494 esee
1090 2441 1183 2493 debet:
1211 2438 1351 2511 quiahoc

193 2506 279 2562 modo
306 2509 458 2579 loquitur?
492 2511 569 2564 debet
591 2525 652 2562 esee
674 2508 826 2564 ineundam
849 2526 936 2564 nemo
955 2520 1035 2564 certe
1062 2510 1189 2565 dixerit:
1222 2520 1252 2564 et
1276 2510 1351 2562 illud

192 2577 344 2633 ineundum
366 2586 419 2645 eet,
447 2579 521 2633 iniri
544 2580 635 2646 debet,
662 2578 738 2633 inire
761 2597 812 2634 noe
840 2581 926 2647 decet,
957 2581 1062 2635 Latine
1080 2581 1199 2636 dixeris.
1236 2582 1351 2636 Monere

193 2648 335 2703 lectorem
354 2649 449 2712 volui,
468 2658 510 2716 ut,
529 2668 596 2704 cum
615 2651 648 2702 in
666 2651 791 2772 scriptos
809 2649 901 2704 libros
920 2651 1068 2717 inciderit,
1092 2650 1171 2704 huno
1189 2651 1288 2705 locum
1306 2652 1351 2705 di·

192 2715 322 2794 ligenter
340 2720 508 2842 inspiciatl‘
542 2720 603 2774 Nos
626 2735 698 2773 reto
736 2720 808 2773 ibris
832 2723 973 2791 inspectis
997 2741 1013 2776 a
1040 2722 1176 2788 Victorii,
1204 2722 1350 2788 Lambini,

98 2786 108 2811 ·’
192 2786 279 2842 Bruti
297 2797 327 2843 et
345 2789 386 2843 Fa
406 2790 475 2843 rieii
491 2791 625 2861 partibus
643 2789 777 2846 standum
797 2808 859 2845 esse
876 2791 1016 2857 vidimus,
1044 2792 1096 2863 qui
1115 2807 1212 2846 omnes
1231 2792 1349 2858 habeut,

192 2866 227 2912 ut
245 2875 298 2912 nos
317 2860 473 2913 edidimus:
507 2869 536 2915 et
560 2862 601 2914 ita
649 2868 745 2914 raeter
762 2861 839 2917 Viet.
857 2861 957 2914 lamb.
983 2861 1065 2914 Brut.
1092 2869 1121 2914 et
1139 2861 1223 2914 Febr.
1242 2862 1350 2917 habent

192 2927 261 2983 Rob.
283 2928 383 3000 steph·
402 2930 487 2982 Leod.
507 2930 586 2999 sylb.
634 2928 722 2985 Wolf
744 2929 806 2996 [hio
823 2939 920 2985 tamen
938 2932 969 2984 in
988 2928 1166 3001 parenthesi,
1226 2933 1262 2984 od
1281 2932 1350 2984 nul-

191 2998 239 3053 lus
257 3001 349 3054 alius:
376 3016 459 3069 quam
477 3000 637 3070 optabiliter
654 2999 713 3053 iter
737 2999 811 3054 illud
827 2999 975 3053 ineundum
992 2998 1119 3064 eeeetr]
1155 2998 1192 3051 So
1208 3020 1240 3052 us
1264 3001 1348 3053 Boul.

193 3085 278 3140 quam
295 3071 458 3139 optabiliter
476 3072 534 3126 iter
552 3071 627 3124 illud
644 3067 793 3123 ineundam
816 3076 878 3123 eat.
915 3066 1043 3123 Orellius
1066 3068 1223 3122 lectionem
1249 3071 1349 3124 ineun-

192 3141 259 3194 aaa
276 3156 336 3193 non
354 3143 482 3196 enotavit
500 3160 536 3197 ex
554 3143 614 3195 suis
631 3140 704 3193 Edd.
724 3148 813 3206 vett,
840 3140 891 3195 sed
915 3140 979 3193 siue
1005 3134 1092 3193 dubio
1119 3139 1298 3216 ita‘legitur
1316 3143 1349 3195 iu

192 3209 266 3267 bidd.
286 3211 315 3263 Ρ.
337 3214 370 3265 Α.
388 3212 420 3267 Β.
433 3210 462 3264 S.
473 3211 509 3267 Ε.
523 3211 555 3265 C.
576 3211 723 3265 scribitur
740 3217 838 3265 autem
848 3209 913 3278 ,iter
931 3208 1004 3269 illud
1023 3210 1055 3263 in
1072 3206 1148 3262 Edu
1166 3209 1233 3264 Car.
1247 3210 1348 3282 steph.

193 3280 279 3334 Grut.
299 3282 371 3336 Ero.
390 3282 464 3336 oliv.
485 3281 569 3336 Scha.
596 3281 740 3336 FAWoli.
765 3281 845 3336 Koel.
868 3281 960 3336 Nobb.
979 3278 1052 3336 Thn.
1088 3278 1212 3352 Reliqua
1229 3280 1346 3348 habent,

191 3359 226 3405 ut
243 3369 296 3407 nos
315 3369 382 3405 oum
401 3353 447 3405 Or.
468 3360 497 3406 et
514 3353 586 3405 Dav.
623 3351 692 3405 Sola
715 3350 769 3408 Ed.
789 3351 852 3406 Asc.
872 3357 898 3408 1.
931 3350 1050 3407 exhibet
1079 3367 1160 3421 paam
1183 3352 1349 3420 optabiliter

192 3421 264 3476 illud
282 3422 429 3476 iraeadem
447 3439 508 3475 eeee
526 3423 604 3476 debet
610 3443 619 3474 ι
644 3423 751 3476 omisso
768 3421 833 3476 iter.
871 3422 932 3479 Mr.

263 3509 344 3562 aella
362 3510 538 3576 sollicitudo]
563 3510 644 3564 Unus
663 3511 713 3565 Ox.
735 3509 848 3563 omittit
864 3509 950 3565 atella.
970 3512 1047 3564 bion.
1067 3514 1091 3565 l.
1111 3507 1198 3566 hahet
1215 3509 1344 3563 solitudo.

192 3576 247 3701 ff.
272 3580 353 3631 lunt.
378 3581 535 3636 aolieitudo.
573 3579 715 3665 Sequitur
739 3581 812 3635 Qua
835 3594 879 3633 me
904 3581 938 3632 in
963 3580 1126 3665 90:13Gud.
1148 3587 1171 3635 Ι.
1199 3581 1293 3633 hocne
1311 3581 1347 3635 de

193 3718 226 3772 ιι
241 3649 1247 3792 i‘ttsttitttittt.‘bittit'tibiali.ssl‘ittlttii
1263 3654 1348 3774 iiiii

193 3788 301 3875 librum
327 3792 473 3861 inspicere
498 3807 557 3876 non
582 3792 716 3872 contigit.
760 3790 867 3874 Credo·
886 3799 985 3847 tamen
1000 3790 1160 3877 brodeeum
1185 3792 1347 3874 correxisse

192 3877 327 3984 :itit
350 3861 756 4004 {tabilitate
774 3863 1108 3988 littittbt
1123 3864 1349 3988 bibiti:

192 3999 265 4052 Edd.
285 4010 358 4055 vett.
379 4020 449 4073 quas
468 4002 596 4057 contulit
611 4002 657 4056 Or.
679 4003 806 4072 itemque
822 4002 960 4058 Reiskius
978 4020 1093 4057 omnes:
1112 4012 1230 4058 nostrae
1248 4004 1347 4066 etiam,

192 4078 313 4140 excepta
330 4072 427 4137 head,
487 4091 549 4139 uae,
577 4081 611 4126 ut
634 4073 764 4144 reliquae
788 4075 855 4127 inde
877 4089 893 4124 a
920 4072 1017 4138 Grut,
1043 4073 1131 4128 habet
1148 4089 1240 4143 quam,
1271 4073 1348 4144 quod

191 4139 298 4194 iltutus
317 4143 405 4195 etiam
424 4144 456 4195 in
499 4144 544 4198 od·
564 4143 676 4215 Gryph.
697 4144 819 4215 reperit.
837 4144 901 4197 Duo
920 4141 990 4195 Oxx.
1011 4146 1084 4217 Mop.
1106 4149 1130 4200 l.
1157 4150 1187 4197 et
1205 4143 1279 4217 Aug.
1298 4141 1349 4197 ha·

192 4211 263 4266 bant
280 4227 451 4282 aerumpnam,
470 4232 506 4268 ex
523 4232 676 4286 perperam
696 4214 772 4268 leoto
792 4214 973 4283 compendio.
1010 4216 1118 4269 Vocem
1137 4213 1212 4268 elato
1236 4214 1349 4267 omittit

193 4281 262 4336 eod.
281 4281 373 4337 llehd.
409 4284 454 4338 Ad
471 4283 626 4340 historiam
644 4284 832 4338 Theramenis
851 4282 910 4336 rid.
922 4284 1131 4353 Wyttenbaeh.
1151 4284 1187 4338 ad
1198 4281 1346 4337 Plutarch.

192 4366 222 4425 p.
241 4356 302 4412 tto.
322 4354 376 4411 (lx.
394 4353 429 4408 Τ.
448 4356 487 4410 11.
506 4374 536 4427 p.
555 4359 599 4412 tt.
620 4356 664 4409 ed.
682 4355 760 4426 laips.
780 4361 811 4407 et
828 4353 864 4406 ad
882 4352 995 4408 Selenia
1009 4356 1083 4410 Hist.
1097 4357 1148 4411 Gr.
1164 4374 1193 4426 p.
1205 4357 1268 4410 406.
1286 4356 1347 4408 Mr.

262 4423 330 4480 etet
353 4424 429 4481 etaim
453 4425 567 4494 bemus]
609 4425 734 4502 Legitur
751 4423 862 4480 litanias
883 4424 912 4480 ei
928 4427 1024 4491 haeae
1047 4427 1080 4480 iu
1103 4442 1196 4501 marg.
1215 4423 1271 4480 MS.
1291 4424 1346 4479 Ed.
