2828 5070
490 314 772 396 monetes.
1167 310 1209 377 ss

48 487 220 572 putabam.
264 485 383 564 itaque
404 480 535 546 dierum
557 483 702 565 quinque
723 478 862 557 sedulos,
892 487 932 541 ut
953 478 1074 542 Graeci
1094 476 1206 562 appel·
1232 486 1250 541 8

50 576 131 646 iant,
154 572 193 630 in
215 566 355 628 totidem
376 565 482 626 libros
503 567 642 627 contuli.
686 563 800 629 tiebat
821 568 931 623 autem
952 565 1009 635 ite,
1030 573 1079 635 ut,
1108 582 1209 644 quum

52 656 90 730 is,
112 654 174 735 qui
196 648 314 711 audire
335 648 444 724 veiiet,
474 645 622 721 dixisset,
645 642 724 727 quid
745 645 808 706 sibi
830 643 1017 721 videretur,
1053 655 1124 707 tum
1146 664 1209 728 ego

53 744 173 797 contra
198 731 342 793 dicerem
398 729 490 790 Haec
512 736 562 789 est
583 728 683 804 enim,
706 733 746 788 ut
766 729 843 799 scis,
864 734 962 788 vetus
984 736 1018 787 et
1038 726 1209 789 Socratica

54 819 141 881 ratio
164 822 285 877 contra
306 814 443 873 alterius
465 812 657 890 opinionem
680 806 874 872 disserendi.
917 809 1002 870 Nam
1024 811 1072 869 ita
1093 810 1209 870 facilli-

54 921 116 975 sne,
138 895 220 981 quid
244 897 319 957 veri
339 894 541 955 similiimum
566 898 663 963 esset,
691 892 841 953 inveniri
862 911 959 969 posse
980 889 1134 952 Socrates
1155 911 1210 952 ar-

56 982 255 1045 bitrabatur.
306 975 371 1039 Sed
400 995 466 1057 quo
499 972 705 1036 commodius
734 972 978 1054 disputationes
999 982 1134 1035 nostrae
1156 993 1210 1033 ex-

56 1067 235 1146 plicentur,
255 1061 304 1120 sic
325 1079 380 1119 ess
402 1077 576 1140 exponam,
599 1057 692 1137 qussi
705 1063 826 1140 egetur
847 1076 913 1135 res,
935 1077 1001 1118 uon
1018 1057 1112 1139 qussi
1134 1074 1210 1115 nar·

57 1156 160 1211 retur.
205 1143 231 1202 E
316 1142 363 1201 ita
385 1149 541 1200 nascetur
567 1136 754 1202 exordium.

132 1230 175 1290 A.
199 1224 259 1285 nis
272 1244 327 1284 um
348 1222 432 1282 mihi
452 1220 590 1283 uidetur
611 1240 682 1284 esse
702 1238 805 1283 mors.
851 1217 899 1279 Μ.
920 1218 1019 1298 iisne,
1040 1221 1099 1303 qui
1119 1237 1210 1280 mor·
1231 1218 1253 1279 5

122 1396 224 1465 ltaque
244 1422 276 1433 -
296 1390 452 1461 appeliant]
480 1388 549 1443 eod.
567 1389 670 1441 Duisb.
694 1386 781 1441 habet
806 1387 924 1459 quinque
942 1388 1060 1443 dierum.
1090 1388 1165 1442 Mon.
1184 1391 1210 1445 2

61 1468 249 1537 appellasses:
276 1461 354 1535 quod
378 1471 423 1515 est
445 1458 629 1515 correctoris.
672 1458 708 1511 In
733 1477 812 1528 seqq.
837 1458 892 1515 Ed.
918 1458 953 1513 Η.
996 1460 1096 1513 Fs’edot
1120 1459 1210 1513 enim

61 1541 107 1593 s'ts.
142 1538 180 1590 ln
200 1534 269 1589 God.
288 1533 372 1586 visu
395 1538 418 1586 1.
439 1538 497 1585 est:
530 1529 633 1585 Fiebut
662 1535 754 1583 sutem
784 1528 845 1581 doc
868 1531 985 1583 modos
1020 1530 1069 1585 sed
1095 1530 1211 1602 punctis

62 1611 133 1663 inis-s
151 1604 287 1677 scriptis:
317 1605 349 1657 in
368 1620 459 1678 marg.
480 1608 539 1657 est:
567 1600 620 1655 siii
637 1597 741 1675 legunt
759 1600 810 1653 ita.
849 1599 929 1666 Quod
947 1603 1081 1670 sequitur
1097 1608 1138 1668 ut,
1163 1600 1211 1654 ab·

62 1688 103 1735 est
119 1698 135 1733 s
153 1678 224 1733 eod
242 1674 343 1729 Duisb.
372 1674 432 1727 ΜΓ.

126 1750 206 1803 dioec
223 1754 266 1800 est
283 1746 367 1808 enim,
385 1752 415 1797 st
434 1742 503 1808 seis,
521 1740 613 1807 uetus]
647 1736 684 1795 Ut
702 1739 761 1794 scis
779 1740 858 1794 abest
876 1761 892 1794 a
911 1740 980 1796 Cod.
1000 1741 1072 1795 Gud.
1093 1744 1118 1799 2.
1141 1741 1209 1797 cod.

145 1824 174 1878 3.
194 1818 256 1872 Hoc
271 1816 362 1871 Rehd.
398 1816 477 1868 Haec
495 1815 569 1866 mim
587 1817 638 1867 est.
676 1814 783 1866 Vocem
810 1811 882 1864 essm
908 1812 1021 1866 omittit
1045 1812 1113 1865 est.
1135 1812 1210 1867 Gud.

59 1893 118 1948 &ss
138 1893 201 1944 ’tur
216 1894 304 1953 setus,
320 1895 350 1940 st
367 1887 424 1939 seis
441 1885 473 1939 in
492 1884 562 1938 (iod.
581 1883 667 1936 Bern.
688 1882 757 1935 Edd.
779 1881 807 1935 S.
825 1881 860 1934 Ε.
880 1883 914 1935 in
933 1883 1018 1940 vind.
1039 1886 1064 1938 l.
1089 1883 1133 1937 Au
1175 1891 1209 1937 st.

60 1972 116 2019 ests
141 1960 212 2015 laec
235 1958 320 2026 esim,
352 1962 384 2011 st
407 1957 474 2022 scis,
509 1958 550 2008 est
575 1959 662 2007 vetus.
703 1955 810 2007 Vocem
838 1959 918 2007 retus
944 1970 1003 2007 non
1030 1952 1116 2009 hebet
1165 1953 1211 2013 od.

59 2033 169 2158 neg-nt
177 2030 324 2158 &Rgntien
347 2096 439 2167 ratio]
469 2095 646 2152 Socraticam
677 2094 932 2218 Academicsmlque
959 2096 1129 2152 methodum
1157 2114 1212 2184 pro

58 2193 113 2231 ms
137 2174 295 2243 utcmque
320 2169 454 2223 habuisse
479 2167 597 2223 videtur
619 2165 731 2221 cicero.
763 2168 795 2217 V.
816 2167 852 2221 de
899 2166 1004 2222 .1>.1.
1026 2171 1051 2224 5.
1080 2178 1108 2223 et
1130 2169 1211 2237 slsbi,

156 2245 218 2299 ism
244 2241 360 2297 monuit
382 2240 427 2295 W
449 2236 632 2294 ttenbschius
658 2239 690 2291 in
716 2237 815 2313 logie.
843 2255 871 2306 p.
893 2241 935 2293 7².
965 2239 1007 2292 ed.
1034 2242 1131 2295 ttasss.
1168 2241 1212 2295 De

143 2316 206 2369 ties
271 2310 424 2383 ilosophsu
446 2311 453 2325 '
480 2308 594 2363 ratione
627 2316 672 2361 sst
694 2307 785 2361 habeo
810 2308 995 2361 Meinersiurn
1023 2309 1153 2366 laudasse
1180 2312 1212 2364 in

58 2388 217 2443 utilissimo
250 2384 327 2440 'brot
360 2381 422 2435 All
455 2398 516 2435 em.
541 2379 628 2432 kris
650 2377 882 2432 Geschichts
906 2378 972 2431 der
997 2380 1120 2434 iiltern
1138 2381 1212 2434 und

58 2475 203 2515 uensrn
219 2454 353 2518 Ethik,
380 2452 423 2505 Vo
464 2451 486 2503 1.
507 2467 535 2523 p.
555 2451 715 2507 uos—tot.
741 2449 769 2500 J.
790 2448 822 2501 F.
843 2448 976 2571 Abegfii.
1003 2450 1035 2501 V.
1057 2448 1101 2504 ct.
1124 2453 1212 2506 Ver·

59 2526 146 2584 such
164 2526 218 2581 iii.
239 2523 301 2581 dss
319 2522 383 2579 All
416 2521 555 2578 emeine
580 2518 606 2573 d
627 2518 897 2574 Socratischen
939 2518 1083 2575 sehrsrt
1110 2522 1209 2601 Progr.

58 2598 176 2677 nffirg.
199 2600 276 2655 ΠΜ
296 2599 322 2653 d,
344 2594 372 2647 J.
408 2591 495 2648 utu.
517 2590 634 2645 Grseffe
652 2591 684 2642 in
702 2590 848 2645 Neuest.
869 2590 1054 2647 Katechet.
1078 2596 1209 2672 Megas.

60 2690 84 2723 ι,
109 2666 377 2740 Befdsderung
403 2665 430 2719 d.
461 2659 603 2716 katech.
639 2660 738 2715 stud.
768 2658 800 2711 Τ.
828 2661 865 2713 11.
895 2662 999 2715 Gottin
1022 2701 1028 2714 .
1056 2667 1134 2722 1791.
1162 2667 1211 2723 8.“

59 2738 170 2796 ωειλ.
209 2738 246 2792 ln
265 2755 315 2807 seq
337 2776 343 2787 .
369 2743 436 2805 post
459 2734 521 2787 lum
544 2733 587 2785 s'ta
612 2731 680 2786 cod.
700 2732 785 2784 Bern.
812 2733 844 2784 in
867 2750 930 2785 mar
952 2773 957 2784 .
978 2681 1106 2789 additum
1125 2737 1212 2793 habet

61 2828 139 2883 qens»
155 2816 226 2863 snte
250 2755 395 2874 recidisse.
439 2807 474 2859 in
500 2802 645 2874 proximis
671 2801 738 2856 cod.
759 2802 857 2855 Duisb.
879 2752 997 2857 eandem
1015 2804 1103 2860 hebet
1121 2809 1209 2863 inter-

60 2883 246 2954 μὴεοῃεω,
279 2896 366 2949 quam
394 2894 429 2930 ex
452 2872 509 2927 MS.
532 2873 632 2926 Colon.
658 2875 690 2925 in
716 2880 812 2924 annot.
840 2891 897 2944 seq.
918 2876 1046 2928 enotavit
1064 2878 1209 2944 Davisius,

61 2955 217 3007 nimirum:
237 2949 306 3020 qss'd
323 2964 420 3001 oerum
437 2948 509 3001 esset
526 2944 621 2997 ossius
638 2942 822 2997 simillimum.
843 2945 911 2999 Cod.
933 2943 1007 3001 Gud.
1028 2950 1053 3005 2.
1080 2966 1144 3005 non
1167 2953 1210 3005 aa

124 3039 204 3078 stam
221 3020 275 3073 s'ta.
304 3020 364 3072 Mr.

57 3041 107 3096 m
125 3093 203 3151 Ouid
220 3088 463 3144 verisimillimum
481 3082 566 3151 esset]
584 3083 640 3139 MS.
662 3084 762 3141 Goion.
782 3086 840 3154 dat,
867 3090 936 3159 quid
958 3108 1052 3143 rerum
1076 3101 1147 3145 esset
1166 3110 1210 3144 oe-

58 3165 114 3221 rs'ss
131 3163 319 3219 ss‘nss'Hs'mum.
357 3159 452 3212 Minus
478 3156 596 3228 quidem
621 3173 764 3234 congrue:
802 3177 868 3212 cum
886 3160 1019 3214 Socrates
1037 3162 1068 3213 s'n
1087 3163 1211 3215 omuibus

57 3238 115 3302 less
130 3233 310 3290 sermonibus
327 3233 370 3284 s'ta
389 3230 521 3298 disputet,
539 3235 570 3280 ut
588 3225 664 3280 ns'its'l
673 3231 794 3295 affirmet
814 3231 883 3298 s'pse,
903 3231 1014 3296 refellat
1030 3232 1120 3295 nls'os3
1138 3232 1212 3286 ns'ds'l

56 3325 86 3363 ss
101 3309 177 3361 scs're
197 3306 275 3359 dicct
294 3300 353 3355 ns'ss'
370 3301 404 3353 s'd
421 3300 526 3369 ipsum3
558 3315 642 3369 eoque
663 3307 811 3368 proestare
837 3301 949 3366 ceteris,
981 3304 1056 3372 quod
1077 3304 1123 3356 s'tls'
1142 3321 1210 3372 quoe

56 3379 183 3433 useiost
201 3375 277 3429 scire
295 3389 324 3426 se
339 3377 454 3440 μυίαις
473 3371 533 3438 s'pse
551 3386 580 3422 se
599 3369 672 3423 sitit
688 3373 769 3436 seire,
789 3371 822 3423 id
839 3387 922 3424 unum
940 3373 1022 3439 sciret,
1050 3384 1084 3427 ut
1101 3376 1141 3428 sit
1157 3392 1210 3429 no·

56 3458 116 3504 ster
132 3446 222 3504 scat.
242 3445 269 3508 l,
287 3448 313 3499 d.
350 3442 427 3495 Hinc
457 3457 590 3510 sequaces
614 3442 675 3494 eius
701 3442 868 3495 Academici
896 3443 989 3495 omniu
1013 3445 1043 3498 s'n
1061 3448 1142 3501 rebus
1160 3446 1210 3500 du·

53 3520 147 3577 mnis
166 3516 269 3581 dudio,
286 3515 403 3578 incerto,
421 3528 562 3580 suspenso,
582 3513 731 3582 magisque
749 3514 842 3566 omnia
866 3514 1093 3570 verisimilia
1112 3537 1208 3588 quom

52 3607 139 3647 uera
159 3594 334 3643 statuerunt„
371 3583 462 3637 Verba
487 3590 555 3636 sunt
577 3584 698 3636 Minucii
722 3583 829 3637 Felicis
853 3586 885 3638 in
905 3586 965 3641 Oct.
986 3605 1047 3658 cup.
1068 3592 1092 3645 5.
1132 3592 1209 3645 Haec

51 3661 192 3733 pluribus
219 3657 380 3719 ostendere,
411 3652 526 3707 nullum
551 3661 625 3706 esset
644 3654 811 3729 nogotium
846 3657 895 3710 sed
919 3659 950 3709 in
974 3675 1007 3711 re
1034 3660 1111 3715 clare
1130 3663 1207 3731 stylo

52 3727 285 3804 temperandum.
332 3726 387 3779 Adi
419 3733 517 3778 umen
548 3724 586 3775 sis
616 3725 813 3801 Augustiuum
846 3735 946 3781 contre
973 3728 1059 3782 Acsd.
1090 3732 1140 3785 lib.
1167 3735 1205 3785 11.

53 3821 133 3875 app.
153 3806 185 3867 6,
206 3801 312 3866 11,13.
333 3805 362 3851 et
381 3803 512 3849 nostrum
536 3796 615 3846 inira
634 3812 695 3865 cap.
716 3798 741 3850 9.
770 3795 805 3848 D.

121 3872 187 3929 Sed
204 3887 258 3942 quo
275 3867 445 3922 commodius
465 3893 497 3902 —
517 3864 703 3933 explicentur]
720 3868 829 3919 Vocem
846 3874 960 3922 nostroe
978 3871 1118 3933 omittunt
1132 3875 1205 3930 Edd.

53 3944 124 4000 ttsc
143 3942 215 3998 Ale
234 3939 285 3996 Ste
305 3938 335 3991 h.
356 3936 417 3990 Col.
438 3945 575 3989 monente
592 3934 713 3989 Reiskio
742 3935 858 4008 [steph.
884 3948 928 3993 est
947 3941 1010 3993 Cur.
1030 3940 1147 4015 steph]
1172 3949 1205 4002 A.

52 4016 82 4071 B.
100 4018 134 4071 la.
155 4014 225 4069 Asc.
247 4017 271 4066 1.
318 4027 362 4064 en.
382 4007 465 4061 Boul.
486 4005 597 4077 Gryph.
618 4006 714 4059 lumb.
735 4010 760 4061 2.
782 4008 869 4061 Goth.
895 4010 931 4062 ln
948 4009 1002 4064 Ed.
1023 4013 1100 4067 lunt.
1121 4021 1208 4072 omit.

53 4096 157 4143 matur
176 4082 267 4139 verbs
286 4079 369 4152 quuss'
387 4084 487 4146 agatur
513 4094 569 4143 res,
597 4095 667 4131 non.-
700 4078 846 4132 aberravit
869 4080 1010 4135 nimirum
1037 4089 1207 4158 typothetae

55 4160 152 4213 oculus
173 4175 191 4210 s
208 4156 310 4227 priore
328 4149 410 4221 quasi
426 4151 462 4204 sd
499 4149 631 4202 osterius.
668 4149 704 4200 In
720 4149 779 4202 fine
797 4151 900 4220 cupitis
920 4151 988 4208 God.
1009 4156 1079 4209 Ven.
1100 4162 1125 4215 2.
1155 4161 1206 4213 ha.

54 4228 98 4285 bet
114 4229 213 4301 igitur
251 4240 286 4278 ro
305 4238 390 4301 ergo..
415 4221 455 4302 ΙῙιι
474 4167 542 4272 dod.
562 4217 636 4301 dog.
657 4219 802 4288 sequitur:
825 4221 867 4275 M.
889 4223 969 4278 Tutis’
987 4225 1044 4284 Cic.
1067 4232 1206 4299 prologus

56 4301 178 4371 espis'cs't.
198 4244 272 4351 oder
289 4292 314 4349 1.
334 4293 440 4359 incrpst.
476 4289 557 4343 idem
575 4296 669 4359 stoque
685 4288 770 4343 habet
787 4306 841 4360 pro
860 4309 938 4360 ergo.
967 4295 1026 4348 Mr.

120 4372 155 4427 c,
175 4372 202 4428 5.
233 4367 270 4420 A.
290 4363 401 4418 Malum
417 4359 485 4414 sits·
503 4359 612 4413 videtur
630 4361 806 4427 rescissore]
834 4363 925 4430 „Quis
943 4364 993 4417 hic
1010 4379 1099 4437 ponat
1118 4387 1205 4439 quac·

56 4446 188 4509 mosem,
207 4436 372 4511 quseritur.
410 4432 473 4486 Alii
490 4432 634 4486 incertum
652 4448 712 4486 esse
730 4448 882 4502 personam
901 4436 1078 4501 existiment,
1098 4449 1127 4492 et
1145 4440 1204 4494 Au.

79 4550 156 4594 ciceso
172 4537 474 4597 resumpturum.
491 4534 515 4577 Y.
524 4535 545 4577 1.
959 4544 980 4605 3
