2828 5070
571 240 700 349 Lmen
721 283 765 360 11,
786 285 838 348 at.
1216 256 1287 348 'ooo
1310 345 1313 353 ,

121 464 208 532 tant‚‘
227 457 451 517 lamentantur
473 454 508 513 iu
529 451 665 515 morbo=
687 451 770 512 nihil
781 452 869 512 enim
885 454 995 532 potest
1012 467 1084 512 esse
1102 410 1296 532 aequabile,¹

120 537 209 619 quud
221 558 287 599 non
299 557 318 598 a
330 546 422 600 certa
435 537 567 597 ratione
579 535 821 617 proficiscatur.
864 530 930 595 Sed
953 551 1055 614 quum
1075 531 1189 595 videas
1200 530 1281 611 eos,
1298 535 1326 589 ct

120 623 177 703 qui
188 631 246 682 aut
257 619 369 682 studio
382 627 440 681 aut
451 620 608 700 opinione
620 616 799 693 ducantur,
821 617 856 676 iu
873 634 913 677 eo
934 614 1164 698 persequendo
1184 624 1284 698 atquc

121 701 348 784 adipiscendo,
371 703 488 763 dolore
509 721 576 762 nun
597 703 728 786 fraugi3
758 698 877 762 debeas
910 699 1101 760 existimare
1130 708 1190 761 aut
1215 712 1283 759 non

122 795 194 847 esse
215 787 349 864 melum,
372 783 541 862 dolorem3
570 790 642 861 aut,
663 783 764 845 otiam
785 784 825 860 ai,
847 779 1004 863 quicquid
1024 799 1180 862 asperum
1200 782 1283 843 alie·

122 911 353 919 ’.σῴα-υ,-
359 911 477 919 unm—nau·-

121 969 276 1023 excessuri.-
313 969 541 1024 lamentabantur
568 968 598 1023 in
626 969 732 1032 morbo,
761 966 844 1040 quasi
870 966 996 1036 turpiter
1023 973 1051 1021 et
1081 967 1284 1023 mirarabiliter

120 1040 258 1109 perituri.
303 1042 365 1094 Hoc
396 1041 473 1094 idem
496 1041 614 1093 Graecis
641 1056 755 1110 quoque
785 1038 934 1093 nonnullis
959 1039 1117 1092 videbatur.
1153 1039 1285 1092 Clemens

123 1113 228 1165 Strom.
250 1113 337 1182 lV.p
376 1115 462 1168 otu.
501 1112 536 1165 Οἱ
560 1113 672 1166 πολοιολ
696 1111 728 1164 δὲ
752 1113 807 1165 τῶν
829 1107 893 1181 παρ’
916 1110 1024 1176 Ἕλλησι
1046 1114 1102 1164 τῶν
1127 1107 1158 1164 ἐν
1175 1111 1286 1183 πολέμῳ

123 1181 324 1237 ἀποθανόντων
342 1205 355 1236 τ
376 1203 391 1234 ν
410 1187 532 1250 τελευτὴν
552 1179 723 1244 ἐπαινοῦσιν,
743 1180 775 1234 οὔ
794 1183 824 1233 τὸ
840 1188 937 1270 βιαίως
957 1179 1145 1249 ἀποθνήσκειν
1163 1188 1285 1249 conflev-
1313 1201 1317 1209 ¹

120 1257 255 1314 λούοντες,
274 1251 327 1306 ἀλλ’
348 1255 391 1309 ὅτι
410 1257 425 1307 ό
446 1256 517 1306 κατὰ.
531 1258 656 1322 πόλεμον
673 1255 812 1318 τελευτῶν,
832 1248 914 1320 edsio
931 1254 982 1306 τοῦ
1000 1249 1286 1320 oeramentum,

120 1325 293 1393 deceptricis
312 1331 359 1381 τοῦ
379 1327 516 1393 σώματος,
541 1329 587 1379 καλ
606 1323 638 1377 οὐ
664 1326 819 1394 προταμὼν
841 1329 873 1396 τῇ
897 1328 987 1394 ψυχῇ,
1013 1321 1078 1377 otdl
1103 1329 1286 1399 amcpoelcxef

123 1401 208 1459 σθελς,
234 1388 279 1449 οἷα
304 1400 367 1468 περὶ
392 1399 440 1456 τὰς
463 1401 564 1457 νόσους
590 1399 750 1464 πάσχουσιν
768 1396 797 1448 ολ
814 1389 975 1465 ἄνθρωποι·
1001 1393 1215 1449 ἀπαλλάττονται
1233 1397 1287 1468 γὰρ

123 1470 337 1535 θηλοκευόμενοι
355 1469 400 1520 καλ
420 1468 592 1538 λμενρόμτνοι
610 1475 660 1523 τοῦ
680 1469 739 1540 ζῇν.
776 1467 853 1518 Hinc
871 1466 1037 1519 Heraclitus
1064 1466 1140 1537 apud
1157 1466 1288 1522 Theodo-

125 1549 220 1592 retum
238 1538 363 1608 Therap.
383 1539 462 1592 vm.
483 1557 547 1616 pag.
570 1543 630 1594 117;
667 1539 851 1611 Ἀρηῖφάτοος
869 1537 899 1591 ολ
916 1540 977 1593 θεολ
996 1543 1094 1606 τιμῶσι
1112 1542 1159 1591 καλ
1176 1531 1287 1608 ἔνθουν·

124 1615 181 1664 ’ποτ
219 1610 290 1662 Vide
314 1610 437 1662 Platonis
463 1613 611 1663 Menexen.
638 1628 701 1694 pag.
728 1612 790 1666 403.
815 1625 887 1678 quae
913 1608 1009 1662 laudat
1034 1609 1122 1662 etiam
1150 1609 1286 1664 Stcbaeus

125 1683 215 1736 Serm.
241 1681 367 1734 XLVIII.
397 1698 461 1757 pag.
486 1684 547 1737 353.
586 1683 720 1735 Tacitum
747 1681 820 1733 llist.
845 1681 879 1746 V,
904 1681 930 1735 l.
962 1680 1055 1732 llinm.
1081 1682 1286 1734 Marcellinum

125 1753 228 1817 xxm,
247 1755 272 1807 6.
293 1754 393 1816 xm,
412 1755 438 1807 2.
460 1761 489 1804 et
508 1753 707 1824 Lampridium
726 1752 757 1804 in
775 1753 857 1804 Alex.
879 1750 986 1804 Severo
1005 1767 1036 1803 ca
1059 1751 1174 1806 .1.x11.
1210 1752 1248 1806 l).
1279 1758 1282 1763 '

125 1895 179 1946 ο..
194 1822 587 1947 ''tt’l‘llt‘ltl'tll
600 1823 771 1948 ”luta
793 1821 962 1946 mlta
987 1769 1129 1962 iliam..
1143 1821 1287 1947 haiil

124 1965 177 2018 Ed.
197 1967 223 2021 2.
245 1913 335 2016 eiiidit
354 1981 418 2035 quo
436 1972 484 2018 cut
501 1965 610 2019 eludior
630 1967 690 2018 sine
709 1965 804 2031 libris,
823 1972 857 2016 ut
875 1963 999 2016 videtur.
1036 1910 1117 2018 Uniis
1136 1964 1186 2017 Ox.
1207 1965 1286 2020 vide·

125 2037 164 2089 tie
181 2053 234 2106 pro
252 2035 359 2088 uideat.
378 2038 453 2089 lllon.
476 2041 498 2092 1.
519 2037 589 2108 quia
608 2043 637 2090 ul
654 2051 709 2108 pro
728 2035 777 2106 qui
795 2039 852 2102 cut,
869 2048 1022 2118 perperam
1040 2035 1140 2089 divisis
1158 2037 1285 2090 vocibus.

125 2109 167 2159 De
186 2125 243 2177 quc
262 2124 396 2161 errorum
414 2110 494 2161 fonte
516 2108 663 2162 uberrimo
691 2107 749 2161 vid.
769 2106 938 2177 Sciopprum
961 2105 995 2159 de
1014 2104 1086 2160 Arte
1104 2106 1177 2161 crit.
1201 2125 1230 2179 p.
1249 2108 1286 2167 83

125 2197 167 2249 sq.
189 2179 231 2232 ed.
252 2178 342 2231 Amst.
365 2181 442 2236 1662.
481 2179 543 2232 Μν.
1248 2182 1250 2187 ’

197 2250 266 2304 Cum
284 2250 383 2303 uideas
401 2265 447 2304 νοτ
466 2251 517 2322 qui
536 2259 587 2305 cut
605 2250 700 2304 clodio
724 2253 773 2303 cul
791 2249 923 2320 opinione
948 2249 1096 2318 ducantur]
1131 2251 1286 2306 Reticenda

125 2338 184 2373 non
202 2322 319 2373 videtur
335 2321 468 2374 Vaticani
487 2321 599 2375 Codicis
618 2322 770 2392 scripture,
799 2322 850 2391 qui
874 2319 1079 2392 repraesetitat‚
1103 2339 1166 2378 cum
1188 2321 1287 2377 videat

125 2408 183 2461 quo
202 2393 265 2460 quis
284 2399 333 2444 eut
350 2393 443 2446 studio
462 2397 511 2443 cut
529 2393 658 2463 opinione
676 2392 806 2445 ducatur.
844 2394 884 2446 Ut
903 2393 1016 2464 opinor,
1034 2393 1111 2447 haud
1129 2394 1214 2447 male.
1246 2394 1284 2448 D.

197 2495 251 2544 eoa,
277 2479 325 2547 qui
348 2488 395 2533 eut
417 2480 512 2535 studio
535 2489 584 2536 aet
610 2480 741 2551 opinione
772 2481 928 2550 ducentum]
975 2481 1127 2537 Gebhardo
1154 2483 1286 2554 placebat

127 2550 214 2603 lectio
234 2550 339 2603 codicis
357 2552 418 2603 vat.
439 2552 578 2606 Ernestus
595 2551 681 2606 haec:
712 2552 861 2617 „Videtur
879 2553 910 2605 in
928 2554 1075 2638 principio
1104 2553 1217 2625 aliquid
1238 2554 1286 2609 de·

125 2639 200 2674 osse:
230 2630 309 2674 corte
328 2623 471 2674 nonsatis
490 2622 682 2676 defluitehoc
701 2624 811 2676 dictum
829 2624 963 2677 videatur
989 2642 1034 2693 qut
1058 2634 1108 2679 aut
1134 2627 1208 2679 clud.
1237 2633 1286 2681 cut

125 2709 170 2761 op.
191 2693 338 2756 ducentur,
359 2710 416 2745 non
434 2693 528 2746 addita
548 2713 588 2748 re.
601 2725 634 2736 -
653 2694 753 2746 malim
771 2711 834 2747 cum
852 2695 951 2749 videat
969 2712 1029 2760 eoa,
1048 2695 1098 2767 qui
1117 2711 1171 2768 quo
1189 2695 1287 2751 eludia

126 2766 173 2817 vel
199 2765 246 2834 qui
268 2764 364 2816 studio
393 2778 447 2833 quo
472 2765 548 2817 etc.“
585 2765 651 2830 „Eo
675 2781 732 2817 non
757 2783 826 2831 csse,
854 2783 909 2837 quo
934 2768 1087 2834 referatur,
1111 2768 1184 2821 bene
1209 2769 1286 2823 vidit

125 2837 196 2887 Ern.
234 2835 290 2888 Sed
309 2852 323 2887 e
341 2836 435 2888 studio
454 2845 483 2888 et
502 2835 631 2904 opinione
649 2834 780 2910 intelligi
798 2845 901 2908 potest,
930 2838 978 2890 cui
996 2839 1137 2905 studeant,
1163 2847 1192 2892 et
1211 2841 1287 2911 quod

126 2908 231 2958 bonum
250 2907 436 2976 opinentur.“
456 2906 567 2960 Nissen.
586 2906 733 2961 FAWolt‘.
755 2924 789 2960 ex
806 2909 869 2960 Vat.
889 2926 967 2960 suam
981 2909 1174 2980 concinnavit
1186 2911 1287 2966 lectio-

125 2996 191 3031 nem
210 2977 350 3030 scribens:
370 2978 466 3031 uidene
486 2995 543 3044 eoa,
563 2980 611 3048 qui
629 2994 682 3048 quc
700 2985 748 3032 cul
765 2985 803 3032 et.
822 3008 835 3021 -
853 3007 867 3020 -
885 2979 1039 3046 ducentum
1059 2998 1111 3050 quo
1130 2981 1161 3033 in
1180 2981 1286 3036 scholis

125 3051 226 3113 vertit,
256 3049 388 3103 wohin.
426 3049 483 3102 Sed
507 3047 616 3102 sufficit
641 3049 768 3102 Nissenii
799 3049 926 3104 defensio
955 3050 1097 3126 vulgatae.
1140 3051 1286 3107 Wolflum

126 3131 237 3173 secutus
256 3130 298 3173 est
317 3121 401 3174 Schz.
430 3121 519 3191 Libri
531 3120 623 3173 nostri
641 3137 699 3173 uon
717 3119 844 3186 variant3
865 3140 937 3174 uuus
957 3123 1006 3176 Ox.
1031 3122 1118 3177 habet
1136 3123 1284 3178 ducuntur.

125 3192 194 3243 Bill.
216 3191 326 3262 recepit
346 3191 536 3260 scriptionem
555 3191 666 3246 Codicis
691 3193 753 3243 Vat.
791 3192 852 3245 Mr.

197 3261 333 3315 Debent
356 3262 532 3329 existimare]
570 3262 659 3316 netes
687 3261 764 3316 dedit
787 3263 855 3315 Dav.
882 3264 913 3315 in
937 3263 989 3317 Ed.
1015 3267 1040 3329 2.
1075 3274 1104 3318 et
1128 3266 1170 3318 ita
1194 3268 1286 3321 estin

126 3332 218 3384 tribus
237 3332 321 3385 Codd.
341 3333 439 3386 Leidd.
460 3334 549 3387 llehd.
570 3336 644 3385 lllon.
665 3336 690 3389 2.
712 3332 769 3387 MS.
794 3335 826 3385 in
851 3353 913 3387 mar
935 3375 941 3386 .
960 3333 1024 3389 Asc.
1045 3338 1070 3392 2.
1100 3336 1172 3390 Edd.
1191 3337 1226 3390 E.
1246 3341 1283 3392 Μ.

126 3405 158 3456 1..
186 3403 272 3457 Goth.
299 3405 361 3457 Car.
388 3403 486 3474 steph.
514 3406 549 3457 11.
571 3403 669 3475 steph.
696 3403 780 3458 Leod.
807 3405 887 3458 Boul.
911 3352 991 3458 firut.
1018 3406 1082 3459 Ald.
1112 3406 1192 3479 sylb.
1230 3408 1286 3464 Sed

127 3475 231 3544 optimi
251 3475 320 3527 libri
338 3490 396 3526 uon
415 3477 588 3529 assentiunt:
609 3493 782 3545 quamquam
801 3477 888 3529 etiam
902 3475 1080 3531 FAwolnus
1099 3478 1285 3534 Coniunctivi

126 3564 239 3599 causam
258 3545 426 3616 requisivit:
455 3564 551 3616 quem,
579 3547 604 3599 ai
622 3562 680 3600 non
699 3548 901 3615 necessarium,
921 3548 1112 3603 excusabilem
1136 3560 1217 3606 certe
1242 3551 1285 3605 di·

127 3617 212 3670 xeris.
249 3617 303 3670 Pro
322 3617 406 3670 etiem
422 3616 458 3683 ον’,
478 3617 611 3687 quicquid
628 3636 701 3670 unus
720 3618 771 3671 Ox.
793 3618 879 3673 habet
900 3618 984 3672 eliam
1002 3619 1100 3689 siquid
1118 3620 1196 3693 quid,
1224 3632 1284 3677 tres

126 3687 210 3742 et'lam
227 3689 330 3759 siquid,
350 3707 422 3741 unus
441 3695 467 3742 el
485 3689 513 3742 ον’
530 3688 676 3760 quidquid.
714 3688 775 3743 Mr.
1052 3684 1055 3696 ’

198 3776 380 3847 Aiimumque
402 3796 419 3831 a
445 3784 551 3832 autera
577 3777 628 3845 ct't]
664 3777 714 3832 Sic
736 3777 851 3833 Balliol.
878 3788 907 3831 et
934 3787 1046 3834 veteres
1071 3781 1167 3835 editu
1190 3783 1285 3857 Vulgo

127 3848 206 3900 deest
224 3849 409 3918 praepositio.
446 3850 483 3903 D.

197 3917 372 3988 alienumque
399 3927 501 3972 natura
527 3918 577 3985 eil]
612 3921 655 3972 lta
681 3919 767 3973 Ccdd.
792 3921 863 4006 Reg.
889 3920 963 3976 Gud.
987 3928 1010 3979 1.
1029 3924 1055 3978 2.
1081 3924 1167 3977 Marb.
1194 3926 1283 3980 Rehd.

127 3989 201 4043 Gud.
223 3992 296 4042 Mon.
319 3995 343 4045 1.
363 3990 447 4042 Vind.
468 3993 493 4047 2.
513 3991 568 4044 duo
587 3991 656 4043 Oxx.
676 3999 733 4043 vet.
753 3991 814 4045 cod.
843 4010 874 4045 tn
901 4010 991 4068 marg.
1012 3994 1127 4048 hambb.
1147 4004 1176 4050 et
1195 3997 1282 4051 Goth.

125 4062 197 4117 Edd.
219 4059 309 4114 Gebh.
330 4061 413 4114 Verb.
433 4062 504 4114 Ern.
524 4079 602 4131 seqq.
624 4061 690 4114 Cod.
710 4063 877 4134 nescioqui
896 4064 927 4114 in
946 4082 1035 4138 marg.
1049 4065 1133 4119 Verb.
1150 4068 1285 4122 attenuan-

126 4152 176 4202 que
194 4139 295 4186 nalum.
316 4131 358 4184 De
377 4135 588 4186 constructione
607 4142 703 4185 nostra
721 4133 779 4185 vid.
800 4151 872 4202 quae
890 4136 989 4187 monui
1008 4135 1043 4189 ad
1061 4136 1120 4191 Cic.
1141 4140 1248 4193 deDiv.
1260 4140 1283 4193 1.

126 4210 169 4261 ³8.
189 4209 232 4262 82.
252 4224 281 4275 p.
304 4207 362 4261 188.
392 4205 459 4256 coll.
485 4220 513 4274 p.
534 4206 594 4260 ⁷53.
621 4204 693 4257 Add.
717 4204 764 4257 Ti.
784 4204 906 4257 Gracch.
932 4224 976 4276 ap.
1003 4207 1081 4260 Geli.
1110 4211 1146 4262 N.
1167 4210 1199 4261 A.
1219 4211 1283 4264 vu.

129 4281 175 4332 19:
200 4278 321 4330 alienum
349 4275 491 4344 dignitate
519 4277 563 4330 rei
581 4276 717 4343 publicae.
754 4274 899 4329 Similiter
922 4277 1032 4330 dicitur
1058 4279 1100 4332 de‘
1118 4279 1171 4332 Off.
1191 4281 1213 4332 1.
1241 4284 1282 4337 lt.

126 4351 174 4404 4³:
195 4352 300 4401 tantem
319 4350 396 4402 coeat
415 4347 523 4414 officio:
550 4347 599 4399 nbi
625 4347 682 4398 vid.
707 4347 800 4399 Beier.
829 4365 857 4417 p.
880 4349 937 4402 1⁰7.
976 4351 1076 4426 Pergit
1094 4350 1161 4406 Gud.
1185 4350 1282 4404 Duieb.

127 4419 160 4472 id
176 4419 287 4487 placeat
306 4420 453 4488 appellari.
473 4419 556 4473 Vind.
580 4423 602 4475 1.
623 4417 656 4475 t'd
673 4417 815 4488 appellare·
833 4418 936 4476 licet.-
955 4420 1029 4477 Gud.
1049 4423 1075 4475 2.
1091 4420 1191 4490 placet.
1221 4424 1282 4479 Μν.
