2828 5070
415 273 842 355 ffntannrnne.
1029 314 1075 327 --
1226 275 1289 341 oar

132 455 202 521 tur,
223 442 306 506 deus
319 443 376 544 qni
391 442 526 520 dixerit,
550 443 662 544 adiice
673 442 812 506 tanati:
835 448 1041 523 praeatoeat,
1060 440 1118 585 pai
1134 441 1289 540 excipiat,

136 528 215 592 »val
237 527 423 610 delphmua‚
455 535 494 595 ut
516 526 677 588 Arionem
704 525 995 606 Methymnaeam,
1025 544 1068 589 ve
1116 544 1195 606 equa
1225 525 1289 588 Pe-

133 714 254 767 diaerit:
273 711 357 766 Eiice
375 720 401 766 te
418 713 495 779 navi]
517 712 575 765 Pal.
601 721 668 768 tert.
692 713 740 767 El.
766 720 837 766 tert.
861 721 891 766 et
914 715 1042 767 Petrena.
1065 711 1133 764 dant
1157 713 1289 782 deaeque

132 783 196 852 qaia
215 785 329 837 dixerit.
367 784 445 838 Illud
467 801 518 854 que
541 784 636 837 aliano
658 785 723 837 loco
740 785 867 853 positum
893 792 944 837 est.
981 784 1071 858 Lege:
1094 786 1122 838 ai
1147 784 1289 840 cainani·

130 859 220 924 guali,
241 872 319 924 quem
333 856 488 925 praedones
506 858 699 926 inaequantar,
718 856 786 911 deuo
804 858 868 925 quie
885 856 1005 911 dixerit:
1035 864 1069 908 ut
1085 855 1191 907 habant
1209 863 1289 910 veta-

131 944 177 983 res
197 927 299 981 editi.“
319 926 389 979 Dav.
411 928 442 980 in
459 928 513 979 Ed'.
532 930 558 983 2.
581 959 612 970 ·-
632 930 666 982 ln
683 927 736 982 Ed
755 931 781 984 3.
801 928 871 980 Dav.
895 928 976 980 nulla
996 927 1082 997 plana
1104 927 1288 981 annotatione

131 998 226 1051 addita
247 998 346 1063 edidit,
365 1007 398 1050 nt
418 1007 462 1052 est
480 999 511 1051 in
529 999 665 1053 lemmate
685 1017 750 1051 ann.
770 999 804 1051 ad
822 998 875 1051 Ed.
895 1001 922 1054 2.
942 997 1151 1067 Wopkensius,
1178 999 1203 1050 si
1221 1015 1288 1050 cnm

130 1069 202 1122 Edd.
222 1078 292 1120 vett,
316 1070 396 1144 legas
422 1086 517 1139 quent
536 1087 580 1137 pr.
601 1071 666 1136 ina,
692 1070 774 1123 ulcus
793 1086 942 1123 remanere
966 1068 1160 1122 existimabat:
1199 1085 1288 1138 qnare

130 1140 191 1215 logi
209 1141 335 1193 volebat:
355 1149 385 1194 nt
403 1145 484 1206 enim,
503 1142 532 1194 ai
549 1140 597 1195 cai
610 1143 764 1209 naviganti,
781 1143 937 1208 praedones
951 1140 1178 1208 eiinaequantar,
1196 1140 1288 1199 Denta·

131 1228 190 1280 que
208 1212 315 1266 dixerit
333 1212 412 1267 Eiiee
430 1220 456 1265 te
474 1215 548 1278 nani,
563 1220 676 1282 praesto
696 1220 736 1266 eet
755 1212 804 1281 qai
821 1222 876 1265 etc.
896 1229 1003 1265 amnem
1021 1214 1132 1266 amittat
1145 1214 1286 1267 timorem:

129 1283 171 1336 sie
189 1292 243 1336 etc.
280 1320 299 1349 „
309 1285 453 1353 illudque,
476 1284 563 1349 addit,
581 1283 726 1352 Deaeque
751 1293 810 1337 tres
834 1283 919 1336 Codd.
948 1283 1055 1337 diserte
1081 1292 1237 1354 praestant,
1261 1283 1287 1337 ei

129 1372 217 1406 verax
237 1363 279 1406 est
297 1355 366 1407 Dav.
404 1356 475 1408 Erat
494 1364 589 1408 autem
609 1355 724 1428 quidam
744 1371 779 1408 ex
797 1354 897 1407 enticis
916 1355 996 1420 meis,
1016 1355 1077 1423 qui,
1096 1355 1173 1424 quod
1191 1355 1287 1408 minua
1316 1355 1327 1373 ⁸

131 1425 187 1495 ipsi
206 1425 333 1495 placeret
353 1427 459 1496 duplex
478 1425 553 1478 illud
568 1425 607 1491 ai,
627 1425 749 1478 nnalebat
765 1426 922 1493 praedones
940 1441 1016 1479 cam
1034 1426 1285 1495 inaequanturete.

130 1507 159 1548 at
178 1506 380 1566 praeterquam
399 1496 475 1566 quod
494 1515 557 1549 mea
575 1496 698 1550 mutatio
717 1498 755 1549 sit
773 1498 860 1571 longe
879 1498 1005 1562 facilior,
1023 1498 1117 1550 simili
1135 1498 1218 1552 modo

130 1569 261 1620 minatur
279 1569 445 1621 coniunctio
464 1567 491 1620 ei
509 1568 613 1621 Acadd.
634 1569 657 1620 Ι.
677 1571 702 1623 2.
729 1568 891 1621 existimavi
913 1569 947 1622 ti
967 1568 1016 1636 peti
1039 1570 1075 1623 do
1097 1568 1207 1625 nontria
1225 1584 1287 1625 ανδ

130 1640 226 1692 etudia
246 1647 416 1705 tenerentur,
445 1639 479 1692 ei
506 1648 597 1693 errent
617 1637 736 1693 Graecia
754 1638 896 1693 doctrinis
913 1640 1031 1705 eruditi,
1059 1639 1168 1696 Graeca
1188 1641 1286 1710 portua

131 1728 214 1779 quam
238 1719 337 1764 nostra
363 1710 514 1765 lectaroa.“
541 1711 712 1763 Bouhieriua
737 1711 769 1762 in
794 1711 859 1764 Cod.
880 1712 950 1786 Reg.
975 1711 1036 1785 legi
1062 1711 1103 1763 ait
1128 1720 1161 1764 ut
1184 1721 1226 1766 ast
1253 1712 1285 1774 in

129 1783 200 1835 Edd.
221 1793 303 1847 vett,
324 1799 420 1851 quem
436 1799 481 1850 pr.
501 1782 555 1835 ina.
578 1781 788 1851 [quodfalsum
808 1799 867 1835 ease
897 1801 933 1835 ex
955 1792 1052 1838 nostra
1080 1782 1236 1836 collatione
1256 1791 1285 1838 et

129 1853 255 1906 lectione
275 1855 341 1906 Cod.
363 1853 437 1905 Gud.
460 1857 482 1907 1.
503 1853 633 1924 apparet]
653 1870 772 1922 eamque
790 1852 949 1907 lectionem
967 1851 1078 1907 servari
1093 1854 1159 1905 vult
1178 1855 1287 1908 reiecta

128 1925 354 1995 Wopkensiana.
375 1924 544 1976 lllenkenius
563 1924 637 1977 Obss.
657 1926 689 1975 L.
709 1926 741 1975 L.
763 1942 791 1993 p·
812 1925 873 1981 51³.
894 1924 1075 1994 epistiinabat
1092 1925 1202 1979 rariore
1220 1925 1249 1979 h.
1261 1925 1283 1978 l.

129 1997 344 2048 constructione
363 1995 477 2063 insequi
496 2012 561 2047 cum
578 1995 681 2050 Dativo
700 1995 849 2069 coniungi,
866 1996 1079 2070 legendumque
1097 2013 1174 2050 esse:
1199 1997 1227 2051 ei
1237 1995 1287 2052 atti

128 2066 276 2131 nauigauit
290 2067 444 2135 praedonee
461 2065 651 2137 inaequantur.
688 2066 829 2121 Ernaatue
845 2083 912 2120 cum
930 2067 1109 2138 Wopkeneii
1124 2068 1218 2123 amico
1235 2083 1286 2125 vo-

128 2139 203 2192 lebat
222 2154 318 2207 quum
333 2139 431 2207 praed.
451 2137 507 2190 ina.
544 2139 605 2192 Mr.

197 2217 228 2263 at
246 2203 329 2274 enin'n,
348 2211 375 2263 ei
391 2209 439 2263 cai
455 2208 611 2276 naviganti,
628 2211 784 2278 praedones
801 2208 837 2263 ai
853 2207 1045 2280 ineeqaantur,
1065 2208 1133 2264 deae
1158 2209 1286 2278 quidi-

128 2280 219 2334 aerii:
247 2281 330 2336 Eiice
354 2288 382 2334 te
415 2281 490 2347 navi]
526 2282 631 2351 Recepi
678 2283 787 2334 riorem
815 2282 1021 2334 emendationis
1049 2281 1286 2352 Wopkeusianaa
1331 2344 1333 2350 .

128 2362 247 2421 partem,
267 2371 352 2423 quam
371 2352 527 2423 probarunt
547 2353 635 2403 etiam
653 2301 699 2405 ὃν.
721 2361 750 2404 et
768 2351 870 2418 Hand,
890 2353 998 2405 reiecta
1015 2353 1101 2421 plana
1126 2352 1240 2404 inutili·
1256 2361 1287 2407 ot

127 2441 262 2492 perversa
287 2425 387 2488 altera,
416 2441 471 2492 qua
499 2422 634 2475 turbatur
659 2424 803 2476 sententia
830 2432 860 2477 et
885 2424 944 2477 loci
971 2431 1126 2477 structura.
1164 2424 1244 2475 luter
1269 2440 1286 2477 a

128 2503 222 2546 autem
247 2503 275 2546 et
294 2493 318 2546 i
333 2512 420 2563 quam
448 2493 534 2546 facile
563 2492 696 2547 excidere
714 2494 843 2564 potuerit
869 2496 896 2548 ai
914 2511 972 2547 non
991 2503 1034 2547 est
1057 2493 1133 2565 quod
1158 2493 1283 2547 doceam.

127 2566 294 2634 Repetitnm
321 2573 417 2618 autom
443 2566 469 2618 n·
493 2566 665 2617 monstravit
693 2566 750 2618 iam
775 2566 885 2635 Wopk.
913 2566 977 2619 loco
1002 2583 1038 2619 ex
1064 2563 1168 2618 Acadd.
1198 2565 1285 2621 allato

127 2636 275 2690 commode
294 2635 368 2688 ferri
386 2651 475 2705 posse.
506 2635 593 2688 Addit
612 2636 702 2689 Hand.
723 2637 782 2690 cic.
803 2638 839 2690 ad
857 2638 965 2691 Fanum.
986 2638 1009 2690 1.
1030 2640 1056 2692 9.
1075 2639 1125 2691 30:
1152 2634 1185 2688 ei
1203 2650 1285 2693 aaa*

126 2708 212 2761 tandi
230 2713 305 2772 eunt,
330 2705 366 2759 ai
385 2706 432 2774 qui
446 2706 659 2775 pertimuerant,
683 2709 777 2777 magia
804 2708 892 2762 etiam
915 2707 1137 2776 reprehendendi
1155 2714 1230 2774 aava,
1251 2722 1285 2763 -α
1389 2704 1392 2715 ’

126 2779 174 2845 qai
192 2796 222 2832 ae
240 2779 338 2832 timere
356 2778 533 2832 tinnularunt.
571 2778 660 2845 Quam
678 2790 809 2833 veterem
835 2781 983 2865 vulgatam
1001 2780 1076 2833 dixit
1095 2780 1206 2849 Wopk.
1234 2777 1284 2833 val

126 2851 274 2933 vulgatam
292 2849 469 2914 Gebhardus,
489 2867 550 2903 eam
570 2849 676 2903 habent
695 2852 782 2903 etiam
800 2869 817 2903 a
834 2852 915 2904 nobis
933 2851 1054 2904 collatae
1073 2849 1135 2905 edd.
1173 2851 1286 2905 Primus

125 2922 225 2975 omisit
253 2937 329 2989 quem
354 2921 444 2974 Gebh.
465 2921 568 2974 deinde
595 2921 678 2989 Verb.
700 2930 730 2975 et
751 2921 838 2988 Dan,
866 2933 898 2976 ut
917 2924 988 2988 dixi,
1018 2923 1048 2974 in
1066 2923 1137 2976 Edd.
1158 2924 1182 2979 2
1203 2931 1234 2976 at
1248 2924 1282 2987 ³2

126 3007 306 3062 aequavero
326 2993 392 3057 fuit,
413 2993 464 3063 qui
483 3009 530 3045 eoa
548 3001 728 3060 sequeretur,
748 3009 814 3045 oum
834 2994 945 3047 nemini
963 3002 1080 3063 praeter
1097 2993 1284 3049 Menkeniam

124 3065 296 3132 probaretur
313 3065 491 3117 constructio
508 3064 589 3117 verbi
609 3063 775 3134 inaequendi
793 3082 859 3117 cum
877 3065 991 3129 Datim,
1011 3080 1105 3133 neque
1125 3063 1283 3133 quidquam

124 3135 316 3202 proficeretur
344 3144 481 3187 commate
505 3143 569 3203 post
598 3134 743 3201 naviganti
768 3136 870 3205 posito,
898 3153 964 3188 cum
989 3135 1075 3205 plane
1102 3133 1144 3187 sic
1162 3135 1282 3206 abrupte

125 3212 224 3256 contra
231 3205 379 3257 Ciceronis
398 3222 509 3258 moram
527 3205 768 3259 interficerentur
785 3206 882 3271 verba,
899 3207 980 3275 quani
998 3206 1180 3276 anemonae,
1197 3222 1282 3276 prae·

73 3280 75 3284 ‘
125 3274 210 3327 donee
228 3275 416 3344 insequantur.
455 3275 592 3329 Codicum
609 3276 700 3330 lectio
718 3276 788 3329 haec
807 3286 862 3330 est:
890 3277 1010 3346 procui
1034 3296 1109 3330 unua
1126 3278 1177 3331 Ox.
1197 3278 1283 3333 habat

125 3363 214 3415 quem,
240 3347 337 3399 Duisb.
363 3347 391 3399 ai
416 3363 511 3416 qoem
535 3346 732 3415 nauigantem,
756 3347 845 3401 Rehd.
871 3350 899 3402 ai
917 3355 952 3402 te
976 3348 1179 3415 navigantem.
1217 3350 1283 3405 Post

125 3417 273 3485 enaviganti
299 3417 377 3470 abest
404 3435 481 3484 quem
507 3437 523 3471 a
547 3419 632 3471 Codd.
662 3420 790 3489 quinque
815 3420 885 3472 On.
910 3421 979 3493 Reg.
1009 3420 1083 3474 Gud.
1105 3424 1130 3476 l.
1150 3423 1176 3474 2.
1206 3420 1231 3472 A
1273 3454 1279 3473 .

123 3490 211 3541 lilarb.
240 3489 330 3544 Rehd.
360 3491 433 3542 Mon.
457 3494 480 3545 l.
501 3492 526 3544 2.
551 3492 620 3542 Ven.
641 3492 666 3546 2.
704 3492 759 3543 Pro
787 3491 856 3544 deae
887 3499 930 3543 est
954 3491 1090 3558 deaeque
1116 3491 1147 3543 in
1173 3490 1228 3545 Ed
1273 3528 1280 3547 .

124 3561 253 3632 quinque
272 3560 357 3613 Coddz
379 3561 447 3614 Oxx.
467 3564 542 3613 ilion.
564 3566 588 3616 1.
608 3564 634 3616 2·
654 3561 740 3614 narb.
761 3562 852 3626 Gud.,
881 3561 930 3632 qai
968 3578 999 3616 ro
1019 3562 1084 3632 quie
1101 3561 1207 3616 babent
1226 3563 1282 3621 due

63 3648 67 3654 ·
123 3633 194 3685 Oxx.
220 3632 294 3685 Gud.
315 3637 340 3688 1.
361 3634 387 3688 2.
416 3631 502 3689 ltlarb.
531 3641 560 3684 ct
584 3632 646 3685 aine
672 3632 756 3685 dubio
785 3634 871 3686 etiam
898 3581 966 3686 Catii
985 3636 1054 3709 Reg.
1092 3633 1147 3688 Sed
1164 3642 1283 3705 praeter

122 3702 174 3754 Ed.
200 3703 268 3755 Dav.
290 3705 314 3758 2
341 3713 370 3756 et
387 3706 413 3757 3.
450 3704 560 3769 Editio,
588 3712 621 3755 ut
638 3702 755 3755 videtur
772 3704 861 3755 nulla.
899 3704 941 3757 Da
965 3706 1122 3775 scriptione
1148 3705 1196 3771 qui
1215 3706 1234 3757 i.
1254 3723 1280 3762 e·

124 3773 214 3843 aliqui
233 3775 306 3843 (post
325 3774 364 3840 ei)
389 3792 442 3844 pro
469 3774 542 3844 qaia,
565 3773 673 3843 aliquit
700 3775 758 3826 vid.
785 3776 909 3850 Herzog.
938 3775 973 3828 ad
996 3776 1106 3829 Caesar.
1133 3776 1168 3828 de
1192 3777 1221 3827 B.
1243 3777 1279 3831 G.

123 3845 171 3908 Vl,
192 3846 234 3898 13.
254 3863 281 3914 p.
301 3848 362 3901 319.
401 3845 545 3898 Scribitur
563 3846 650 3898 etiam
674 3846 769 3899 veteri
794 3862 873 3899 inore
897 3845 955 3900 eice
972 3862 1026 3916 pro
1044 3846 1115 3900 etiae
1143 3847 1176 3898 in
1193 3847 1278 3903 Codd.

123 3916 191 3989 lleg.
213 3916 287 3967 Gud.
308 3920 332 3970 1.
354 3919 380 3969 2.
400 3915 503 3980 otarb.;
522 3923 549 3969 te
569 3916 636 3969 navi
654 3932 707 3985 pro
725 3934 743 3966 v
797 3926 843 3969 ato
862 3923 890 3968 te
908 3917 949 3970 de
967 3916 1043 3981 naci,
1068 3916 1174 3970 habent
1193 3919 1278 3975 Codd.

122 3994 246 4056 quatuor
265 3986 334 4038 Oxx.
357 3988 431 4038 lllon.
453 3990 477 4041 1.
497 3990 522 4042 2.
542 3989 611 4063 ch.
640 3986 713 4039 Gud.
736 3992 759 4043 l.
800 4026 806 4038 .
834 3988 920 4039 Vind.
941 3991 966 4043 2.
993 3989 1067 4062 Aug.
1092 3988 1181 4042 Rehd.
1206 3991 1278 4049 Edd.

122 4060 151 4110 P.
172 4056 262 4111 Gebh.
287 4058 358 4120 Ern.
379 4057 462 4108 Verb.
491 4057 576 4111 Schz.
613 4059 648 4111 ln
673 4075 730 4111 uno
755 4059 804 4111 Ox.
832 4067 861 4110 et
880 4059 953 4112 Gud.
975 4068 1016 4112 est
1035 4066 1063 4113 te
1087 4074 1128 4112 ex
1146 4061 1219 4127 navi,
1248 4064 1280 4117 itt

121 4129 186 4183 Cod.
207 4119 241 4181 D.
267 4134 294 4181 te
313 4144 328 4179 e
345 4126 436 4180 naui(
452 4145 523 4198 quae
550 4129 722 4198 scriptiones
748 4137 918 4184 arcumento
951 4139 1017 4182 sunt
1039 4132 1281 4202 praepositionem

121 4202 271 4273 glossatori
290 4200 398 4253 aeteri.
427 4198 566 4269 Sequitur
584 4200 616 4252 n
635 4200 706 4253 aaa.
727 4199 755 4254 s.
776 4174 811 4254 i.
831 4200 952 4256 nwon.
971 4203 1016 4255 nn
1031 4209 1147 4271 praeno
1161 4208 1211 4267 en,
1231 4202 1281 4271 qne

122 4277 152 4322 te
171 4272 303 4340 excipiat.
341 4272 383 4324 De
401 4290 454 4324 usu
472 4272 554 4336 verbi
572 4270 678 4325 eiicere
695 4291 723 4324 v.
744 4272 880 4326 Garaton.
900 4274 933 4326 ad
952 4274 1010 4326 cte.
1031 4290 1084 4343 pro
1099 4274 1160 4326 Mil.
1180 4276 1278 4343 pm.

123 4340 164 4393 ed.
186 4342 273 4393 Orell.
311 4344 365 4396 Pro
384 4349 425 4396 eet
443 4343 528 4396 habet
547 4348 607 4395 eata
626 4361 700 4395 unua
719 4345 768 4396 Ox.
806 4344 897 4397 Μν.1

192 4409 357 4479 Delphinus,
376 4423 407 4469 ut
425 4415 563 4471 Arionem
581 4411 827 4503 Methymnaeam]
847 4417 922 4471 Nota
934 4416 1039 4483 tabuit,
1059 4431 1146 4486 quam
1163 4416 1281 4475 tradunt
