2828 5070
517 311 652 376 ‚nmen
672 309 719 392 11,
738 309 768 378 s.
917 333 919 341 ·
1163 308 1226 375 aas

65 474 219 554 rebatur,
241 495 342 558 quum
364 477 650 540 immortalitatem
672 479 744 559 ipsa
765 484 875 540 morte
902 476 1093 557 quaerebat.
1137 475 1225 538 Quas

63 524 242 619 hieracas
265 557 352 640 apud
373 558 569 641 Sophoclem
590 565 625 622 in
647 560 839 622 Trachiniis
862 557 948 622 edit!
982 562 1038 620 cui
1060 578 1136 620 cum
1158 557 1225 619 De·

64 643 173 705 ianira
201 643 362 728 sanguine
383 640 544 706 Centauri
572 645 711 708 tinctam
731 644 880 706 tunicam
908 640 1084 722 induisset,
1109 640 1224 703 inhae-

63 727 226 808 sissetque
247 745 287 787 ea
307 723 503 803 visceribus,
524 727 573 788 ait
592 728 663 790 ille:

232 807 262 871 O
281 806 380 869 milla
400 808 492 871 dictu
511 808 639 892 grinio,
660 828 815 893 perpessu
834 804 960 888 depera,

133 975 379 1031 lmmmtatnatem
398 975 459 1046 ipsa
477 975 577 1042 morte]
592 972 599 989 ¹
615 973 664 1028 Sic
680 975 780 1046 plures
800 975 930 1029 Codices.
969 974 1008 1028 At
1032 974 1153 1028 omnino
1176 992 1224 1028 rc·

62 1046 247 1100 scribendum
267 1046 370 1116 ipsam,
388 1055 421 1100 nt
439 1048 474 1101 ad
491 1046 731 1100 immortalilatem
749 1049 912 1104 reseratur:
931 1063 966 1099 ac
983 1047 1024 1099 ita
1042 1045 1151 1100 diserte
1169 1047 1221 1102 lle.

62 1118 195 1171 Cantabr.
234 1118 271 1170 D.
492 1164 503 1185 ,

133 1189 378 1245 Immortalitatem
397 1189 482 1262 ipsa
499 1186 600 1252 morte]
636 1188 764 1244 Restitui
782 1189 855 1258 ipsa,
882 1205 940 1260 quo
961 1206 1048 1264 aegre
1065 1195 1146 1243 caret
1164 1203 1222 1242 vox

62 1268 161 1326 morte,
182 1278 296 1334 quoque
316 1263 424 1330 demto,
452 1262 548 1316 iudice
566 1260 680 1317 Wollio
699 1263 730 1315 iu
756 1259 874 1326 scholis,
898 1259 986 1331 plane
1010 1261 1045 1314 nt
1072 1259 1221 1337 laugnida,

63 1349 99 1383 ex
118 1333 236 1402 optimis
254 1332 451 1406 plurimisque
470 1334 559 1388 Codd.
597 1331 671 1385 Cum
689 1331 845 1386 Davisiauo
872 1333 986 1385 iaciunt
1004 1332 1124 1385 nonnisi
1152 1349 1222 1402 qua·

61 1409 131 1453 tuor
149 1403 232 1468 Ona,
261 1421 385 1474 qnorum
414 1406 470 1459 dno
496 1411 566 1459 sunt
590 1403 731 1477 pessimae
756 1411 851 1467 notae,
872 1403 904 1454 in
922 1402 995 1457 Gud.
1014 1419 1070 1474 pro
1089 1403 1158 1469 lpsa
1176 1408 1223 1457 est

61 1474 141 1527 odeo.
162 1473 243 1527 Unus
256 1474 319 1540 Ox,
337 1485 371 1528 ut
388 1474 460 1530 huic
477 1477 545 1530 voci
562 1475 784 1548 praecedentem
804 1472 1012 1540 accommodet,
1031 1472 1151 1528 exhibet
1168 1473 1222 1526 ine·

60 1545 242 1600 mortalitate.
264 1546 352 1611 Gud,
371 1555 405 1599 nt
419 1565 540 1620 sequens
558 1546 594 1602 ad
612 1546 702 1616 ipsam
722 1545 871 1618 respiciat,
890 1544 971 1599 dedit
989 1552 1116 1606 mortens.
1137 1544 1220 1598 idem

60 1631 129 1670 mox
131 1633 216 1739 puae
235 1616 249 1669 i
254 1633 277 1669 s.
316 1618 397 1671 Unus
417 1618 468 1676 01.
488 1624 567 1672 notes
584 1633 638 1689 pro
656 1632 745 1672 voees.
783 1616 842 1668 Mr.

158 1687 217 1756 pud
234 1686 396 1756 Sophoclem
414 1690 447 1743 in
469 1687 644 1754 Yracliniis]
679 1689 761 1741 Vers-
782 1689 852 1742 1063
871 1703 900 1740 se
943 1726 949 1738 .
987 1686 1023 1742 D.

130 1758 213 1829 Apud
230 1758 390 1830 Sophoclem
417 1763 449 1816 in
469 1759 646 1826 Trachiniis]
682 1759 775 1814 Locus
804 1757 903 1811 estin
958 1757 984 1812 d.
1003 1757 1166 1812 Hermanni
1190 1773 1219 1811 r.

60 1831 131 1886 11135
150 1847 211 1899 sqq.
239 1833 290 1902 qui
315 1841 382 1901 post
401 1831 538 1887 linthium
558 1831 690 1903 primum
709 1846 828 1882 versum
855 1829 1002 1882 correxit:
1037 1825 1061 1883 ol
1080 1831 1167 1882 aalide
1183 1829 1221 1897 dr}

59 1903 105 1951 καὶ
128 1904 219 1971 θερμὰ
247 1900 307 1955 κού
330 1905 402 1970 λόγῳ
426 1907 496 1958 κακά
521 1904 587 1974 (pro
606 1904 682 1966 sat),
712 1906 852 1970 recteque
877 1900 1028 1969 vituperat
1056 1899 1220 1966 Clarkium,

60 1971 110 2040 qui
130 1989 166 2024 ex
185 1970 325 2029 Cicerone
343 1974 465 2053 corrigi,
484 1974 533 2029 val
552 1972 703 2044 corrumpi
720 1970 830 2044 potius,
858 1970 975 2024 volebat
992 1989 1121 2036 versum,
1147 1971 1221 2024 scri·

60 2042 166 2096 hendo:
190 2033 213 2097 ai
231 2047 317 2100 nolli
337 2044 414 2113 δῆτ’
439 2049 527 2116 ἔργῳ
546 2063 582 2099 ca
599 2045 663 2097 nal
686 2044 759 2112 λόγῳ
776 2043 851 2094 κακά.
889 2042 926 2094 ln
944 2041 1034 2096 Codd.
1053 2042 1125 2128 lieg.
1145 2041 1219 2097 Gud.

61 2119 84 2169 1.
105 2115 130 2168 2
158 2116 245 2169 blarb.
275 2125 305 2170 et
331 2116 441 2171 duobus
460 2121 486 2174 2.
519 2115 591 2169 Oxx.
617 2114 757 2171 scribitur
776 2109 936 2179 Trachinia,
961 2131 1038 2168 unus
1056 2123 1123 2179 eret,
1143 2113 1217 2193 Aug.

59 2184 149 2237 edidit
166 2204 221 2258 pro
241 2187 309 2242 edit.
348 2187 393 2241 Ad
419 2189 519 2245 locum
541 2185 622 2242 huuc
640 2187 730 2240 lanus
749 2185 893 2262 Paguinus
920 2183 1009 2240 haece
1045 2183 1220 2264 „Sanguine

58 2258 150 2311 tincta
168 2261 227 2311 luit
245 2259 345 2314 tunica
363 2256 451 2315 Nessi
470 2260 612 2324 centauri,
631 2276 719 2330 quem
734 2257 854 2326 abrepta
864 2257 1002 2310 Deianira
1021 2256 1136 2318 iisdem,
1154 2257 1221 2327 qui·

57 2328 110 2379 bus
128 2338 229 2399 postea
247 2330 442 2385 Philoctetam
461 2332 581 2385 donavit
599 2348 627 2384 sa
650 2330 713 2382 ittis
723 2327 865 2381 Hercules
884 2329 1058 2381 coniecerat.
1079 2328 1220 2382 Fabulam

58 2399 124 2473 loge
143 2401 218 2469 apud
237 2400 370 2453 Ovidium
390 2411 420 2455 et
437 2400 613 2472 Sophoclem
640 2420 673 2453 ru
690 2396 867 2465 Trachiniis,
892 2399 974 2451 cuius
999 2398 1097 2451 locum
1123 2406 1220 2454 totum

59 2469 210 2545 eleganter
237 2469 288 2524 bic
313 2471 438 2525 latinum
466 2471 593 2527 reddidit
619 2471 739 2535 Cicero,
769 2468 1011 2538 quemadmodum
1037 2486 1105 2523 mox
1130 2471 1219 2524 etiam

59 2539 198 2609 Aeschyli
222 2541 318 2595 locum
342 2560 379 2596 ex
400 2542 571 2597 Prometheo
597 2543 733 2612 λυομένῳ,
762 2558 835 2613 qnae
858 2537 1009 2616 tragoedia
1038 2557 1097 2594 non
1124 2547 1220 2596 exstat

59 2610 177 2665 hodic.“
213 2614 310 2666 Ovidii
333 2613 415 2668 locus
441 2621 484 2667 est
507 2611 697 2685 Metamorpb.
723 2610 772 2668 lx.
799 2615 851 2668 119
869 2630 932 2736 sqp.
969 2610 1095 2666 Fabulae
1120 2613 1218 2668 tontes

58 2683 126 2736 vide
151 2684 201 2752 qui
225 2685 381 2738 laudantur
404 2684 437 2736 ab
461 2684 673 2756 interpretibus
697 2682 813 2758 Hygini
841 2683 877 2736 ad
930 2681 972 2736 ab.
990 2687 1033 2738 31.
1059 2702 1089 2755 p.
1115 2685 1159 2739 91.
1188 2689 1219 2738 et

57 2751 125 2806 Feb·
150 2758 193 2811 ³⁴.
219 2773 249 2825 p.
268 2759 302 2814 st
322 2774 363 2826 sq.
390 2754 433 2810 ed.
460 2753 608 2809 staveren.
645 2755 701 2808 Pro
727 2754 866 2807 Centauri
889 2754 959 2809 Cod.
989 2756 1076 2809 hiarb.
1110 2753 1215 2808 tltaurs’.

57 2824 134 2878 Mon.
156 2831 178 2883 l.
201 2826 313 2879 aunttit
332 2825 465 2892 tunicam,
484 2827 519 2880 ad
538 2843 623 2896 qnam
642 2840 742 2878 rocem
761 2825 917 2879 heroaldus
935 2824 1021 2880 baec:
1041 2827 1147 2893 „Hinc
1161 2827 1219 2881 sci·

57 2904 120 2947 tum
141 2903 185 2950 cst
203 2895 280 2951 illud
298 2897 432 2952 Valeriae
452 2898 482 2951 in
503 2895 626 2969 epistola
644 2894 679 2948 ad
696 2895 862 2957 Ruffinum:
895 2897 1037 2951 Deianira
1063 2914 1142 2969 quem
1169 2899 1219 2951 de·

55 2965 118 3018 linit
142 2969 246 3021 vestire
272 2968 408 3033 interula,
433 2969 548 3023 oestioil
576 2966 728 3021 interilu.“
771 2969 910 3022 Voculam
941 2985 976 3023 ea
1006 2971 1118 3024 omittit
1145 2966 1215 3022 cot.

56 3041 132 3090 lton.
155 3045 189 3103 1.‚
216 3041 248 3095 in
272 3041 360 3094 Marb.
388 3047 432 3094 est
458 3041 652 3110 laesissetpae.
694 3038 858 3110 Respondet
880 3039 952 3093 haec
980 3039 1091 3095 locutio
1118 3039 1217 3094 verbis

55 3109 226 3179 Sophocleis
250 3110 356 3167 Trach
383 3114 434 3167 764
459 3130 500 3182 sq.
528 3111 572 3167 ed.
599 3111 699 3164 Herm.
724 3114 927 3178 arpocrationem
954 3108 1123 3181 πλευραῖσιν.
1161 3109 1217 3165 Pro

56 3179 100 3230 ait
118 3179 173 3233 duo
192 3180 261 3233 (lxx.
288 3191 317 3236 et
342 3181 416 3235 Gud.
439 3189 462 3238 1.
490 3181 632 3236 exhibent
656 3188 696 3233 at.
735 3181 790 3246 Qui
816 3187 979 3253 sequuntur
1002 3199 1103 3236 versus
1131 3179 1218 3234 eSo·

55 3248 161 3321 phocle
189 3254 322 3305 conversi
347 3253 428 3305 Attio
451 3254 624 3307 tribuuntur
646 3270 661 3304 a
686 3251 848 3308 unwano
880 3250 1059 3316 in'Scholis‚
1088 3253 1218 3323 itemque

55 3338 72 3371 a
91 3319 167 3372 Scal‘
192 3338 240 3375 ero
260 3323 293 3374 ad
312 3324 473 3376 Varronem
492 3323 525 3377 Τ.
545 3324 583 3376 11.
603 3341 631 3395 p.
651 3326 713 3379 28⁰.
733 3325 796 3394 Bip.
818 3330 847 3377 et
864 3320 941 3392 Spen
964 3324 1022 3376 elio
1042 3324 1073 3376 in
1085 3322 1217 3377 Seebodii

54 3391 90 3446 N.
111 3392 169 3446 Arc
192 3395 230 3445 ir.
251 3394 304 3445 111.
325 3397 351 3450 8.
371 3411 398 3464 p.
420 3397 470 3460 963
498 3393 689 3464 iampridem
715 3396 803 3447 etiam
826 3394 861 3447 ab
878 3394 916 3445 ll.
957 3395 1083 3466 tephano
1101 3395 1217 3449 eosdem

55 3480 157 3519 vorsus
179 3464 257 3518 Attio
286 3463 410 3518 tributos
437 3467 479 3518 ait
503 3464 669 3532 Kiibnerus,
697 3465 780 3519 nullo
805 3471 903 3518 tamen
923 3469 986 3521 eius
1005 3466 1070 3520 loco
1089 3466 1215 3520 laudato.

54 3534 81 3586 E
103 3552 208 3589 overo
228 3537 259 3588 in
277 3533 417 3606 Stephani
436 3535 628 3590 Ciceroniana
646 3536 753 3590 hexico
771 3533 825 3589 hos
844 3554 946 3591 versus
967 3536 1103 3592 Ciceroni
1122 3537 1216 3591 tribui

55 3554 140 3659 video
159 3626 189 3677 p.
212 3611 273 3663 113.
294 3607 337 3660 ed.
358 3608 447 3664 Paris.
467 3606 642 3662 Bouhierius
668 3624 712 3679 ap.
733 3606 882 3661 Olivetnm
909 3616 1012 3662 contra
1038 3609 1121 3662 iilam
1148 3626 1215 3662 seu·

55 3678 176 3729 tentiam
195 3676 284 3732 haec:
305 3677 385 3744 „Qui
404 3676 457 3732 hos
475 3694 578 3732 versus
596 3678 679 3731 Accii
697 3694 769 3743 esse,
785 3685 848 3731 uon
868 3678 1030 3746 Ciceronis,
1054 3687 1159 3751 putant
1177 3679 1213 3732 ll.

55 3746 219 3817 Stephanus
238 3751 269 3802 in
288 3747 426 3802 Trachin.
448 3749 485 3804 So
507 3748 611 3815 hoelis,
632 3757 662 3803 et
680 3748 716 3802 G.
737 3748 764 3805 J.
784 3751 902 3803 Vossius
922 3753 954 3803 in
972 3753 1120 3827 Fragmm.
1140 3757 1213 3807 vett.

56 3826 98 3869 tra
123 3836 149 3892 g.
171 3818 209 3890 [p.
231 3824 280 3877 tlt
300 3839 341 3891 sq.
375 3819 486 3876 nihile
514 3827 610 3885 erunt,
639 3834 697 3892 quo
716 3818 827 3872 dietum
847 3821 1035 3885 confirment3
1061 3830 1090 3876 et
1113 3837 1146 3875 eo
1170 3839 1216 3876 re-
1323 3830 1332 3839 “

53 3836 210 3954 selhmtur,
237 3891 315 3961 qnod
358 3893 446 3958 icero,
473 3892 523 3946 ubi
542 3890 652 3946 alienos
671 3890 811 3947 describit
832 3909 948 3959 versus,
973 3910 1033 3947 nou
1058 3890 1132 3945 solet
1157 3894 1214 3947 nisi

52 3959 192 4033 pauculos
213 3968 241 4014 et
268 3963 320 4032 qui
338 3962 373 4014 ad
392 3981 454 4017 rem
472 3964 589 4016 faciant.
627 3963 736 4016 Locum
760 3960 840 4015 huuc
866 3969 960 4015 totum
986 3965 1128 4034 expressit
1147 3965 1215 4018 Ovi-

53 4034 118 4085 dius
137 4034 202 4084 bist.
224 4032 271 4084 tx.
292 4035 350 4089 165.
372 4041 400 4086 et
419 4035 503 4106 seq.“
538 4035 657 4087 1111.
678 4033 777 4086 Nicol.
795 4032 917 4086 boensis
941 4036 1122 4092 Miscellann.
1141 4037 1215 4106 Epi·

53 4103 181 4173 phyllid.
200 4104 281 4228 gli,
304 4109 327 4158 l.
347 4105 378 4157 iu
397 4106 519 4160 Crateri
538 4104 671 4176 lampad.
694 4105 770 4159 Crit.
788 4104 871 4158 Tum.
891 4107 924 4158 V.
943 4106 1093 4180 Supplem.
1112 4125 1141 4178 p.
1161 4110 1216 4164 ⁵⁷³

56 4207 87 4219 ·-
106 4180 167 4230 577.
243 4193 268 4231 r.

125 4246 257 4299 Omnlto
276 4246 353 4299 dicta
378 4245 483 4314 grania
504 4247 572 4314 ate]
610 4245 711 4312 „Sunt
734 4261 837 4300 versus
861 4266 877 4301 a
902 4247 1042 4304 Cicerone
1063 4247 1214 4300 luculente

54 4316 198 4381 translati,
219 4319 335 4372 omissis
354 4319 470 4388 quidem
490 4319 636 4388 aliquot.“
653 4319 844 4372 camemrim.
864 4319 1081 4398 Wesselingius
1098 4333 1215 4389 quoqne

53 4389 89 4438 sd
114 4387 249 4440 Herodot.
269 4390 307 4443 11.
334 4394 395 4446 1⁰6.
443 4394 530 4446 ¹332.
556 4391 599 4446 ed.
625 4386 764 4467 Schwgh.
788 4389 823 4444 Τ.
844 4393 876 4443 V.
896 4396 921 4447 1.
948 4391 1085 4445 Ciceroni
1108 4389 1215 4442 tribuit

54 4457 130 4510 hano
146 4459 323 4524 versionem,
341 4462 394 4531 qui
413 4462 424 4514 i
445 4461 521 4517 'deus
537 4465 627 4519 etiam
645 4462 793 4535 improbat
807 4462 921 4526 Davisii
945 4462 1145 4518 coniecturam
1166 4464 1215 4514 sat
