2828 5070
512 289 646 353 LIBER
665 288 708 365 11,
739 289 770 356 8.

225 454 294 521 Sed
312 455 450 539 feminea
471 459 534 534 vir,
554 455 692 538 sentiaco
713 446 878 520 interimo'r
897 461 998 520 mortu.

57 645 146 698 verba
165 645 358 708 referrentur,
378 643 496 713 eiusque
515 643 576 696 loca
595 644 675 696 aditu
693 643 865 721 periculosa,
889 651 924 696 nt
949 643 960 694 i
1002 643 1110 697 ivomos
1134 661 1216 698 mon·

57 727 111 783 tes,
137 716 235 786 rapida
252 716 381 778 flumina,
408 724 437 767 et
463 733 535 784 quae
560 724 626 767 sunt
649 716 707 767 alia
729 714 815 766 huius
842 714 990 790 generis.‘
1025 716 1215 772 Existimabat

55 788 148 842 Bouh.
170 788 339 840 Ciceronem
359 785 388 839 h.
408 786 430 837 l.
450 786 525 856 apud
543 785 715 858 Sophoclem
740 787 768 838 le
791 787 843 839 isse
870 787 1012 855 καθαιρῶν
1040 803 1094 857 pro
1118 793 1215 845 καθαι-

58 877 130 929 por:
150 859 225 910 hanc
244 867 339 909 tamen
358 857 546 928 scriptionem
565 859 704 927 praefert,
724 804 837 910 laudato
856 876 883 909 v.
905 861 981 914 1⁰34.
1003 856 1092 925 [1008.
1102 857 1215 928 Herm]

57 933 146 984 πολλὰ
163 931 216 1002 μὲν
235 928 265 983 ἐν
283 930 384 995 πόντῳ,
404 932 472 980 κατά
490 947 517 980 τε
535 927 600 999 dpto
618 934 708 980 πάντα
727 933 882 999 καθαίρων·
906 928 972 994 [Sed
991 928 1067 981 nihil
1093 930 1132 982 im
1156 931 1214 986 edit

59 1020 116 1072 quo
145 1004 249 1053 minus·
264 1001 433 1053 Ciceronem
457 999 543 1065 idem,
576 1000 651 1069 quod
681 1017 744 1065 nos,
772 1000 799 1051 le
825 1001 876 1053 isse
908 1000 1084 1066 statuamus}
1128 949 1215 1055 Keni-

59 1093 115 1144 que
144 1072 286 1143 improbat
311 1072 421 1122 Davisii
446 1071 603 1125 lectionem
628 1068 673 1124 tic
698 1088 751 1141 pro
774 1019 892 1147 vuilgato
917 1069 992 1138 ltine,
1019 1071 1213 1142 plurimorum

58 1145 137 1198 MSS.
152 1144 330 1196 auctoritate
350 1143 473 1195 firmato.
512 1142 567 1195 Sed
594 1141 638 1196 tic
656 1143 761 1196 habent
809 1151 905 1196 raeter
922 1143 1086 1196 Davisianos
1105 1161 1213 1212 omnes,

59 1217 145 1269 Codd.
166 1217 233 1290 neg.
255 1215 327 1267 Gud.
351 1218 374 1268 l.
395 1214 444 1277 (ie)
465 1216 489 1269 2.
508 1214 593 1266 Bern.
614 1214 710 1266 Duisb.
737 1162 807 1265 Edi).
829 1216 899 1275 Ven.
925 1223 1014 1267 nostr.
1040 1215 1072 1267 A.
1095 1215 1122 1268 S.
1143 1216 1211 1269 Dav.

59 1286 205 1341 FAWolf.
227 1288 273 1338 Or.
294 1285 374 1338 Koel.
395 1285 478 1337 Schz.
500 1283 571 1336 Tbn.
609 1287 643 1338 ln
663 1284 748 1336 lllarb.
771 1294 813 1338 est
832 1285 884 1350 εἰς,
904 1285 935 1336 in
954 1284 1028 1339 Gud.
1048 1282 1105 1350 hic,
1126 1289 1214 1342 etsie

60 1360 147 1411 etiam
166 1357 197 1408 in
215 1357 278 1408 Asc.
301 1362 323 1410 l.
363 1356 479 1426 Reliqui
497 1355 602 1410 habent
621 1353 695 1420 linc,
715 1355 799 1424 quod,
819 1357 875 1408 nisi
895 1356 1019 1410 obstaret
1038 1358 1215 1429 optimorum

59 1429 201 1481 librorum
220 1429 384 1492 auctoritas,
404 1445 461 1479 non
481 1437 553 1479 esset
578 1427 797 1498 reprobandum.
842 1427 927 1481 Certe
955 1426 1002 1481 ltt‘c
1036 1436 1077 1480 est
1104 1428 1215 1483 Adver-

58 1501 149 1565 bium,
179 1517 232 1551 nec
256 1517 335 1564 vero,
364 1500 439 1568 quod
465 1499 576 1553 Wolfio
600 1499 695 1549 visum
721 1506 762 1549 est
782 1499 813 1550 in
831 1498 947 1562 scholis,
973 1501 1141 1566 Pronomen,
1160 1517 1214 1570 pro

59 1589 112 1639 ego
131 1573 255 1642 positum
274 1571 322 1623 vel
341 1587 393 1640 pro
413 1567 467 1636 ἐγὼ
489 1573 609 1640 τοιρῦιος
627 1570 672 1623 ὤν.
710 1568 766 1622 Hic
786 1577 827 1621 est
847 1569 898 1634 t'bt',
924 1586 961 1622 sc.
983 1569 1021 1632 εἰς
1044 1567 1114 1638 ὅσην
1131 1576 1215 1640 γαῖαν

60 1645 169 1711 ἱκόμην.
207 1645 260 1694 Pro
281 1642 375 1709 expuo·
394 1651 435 1694 est
454 1639 562 1709 expulit
591 1641 621 1692 in
640 1639 724 1694 Codd.
746 1640 837 1692 tribus
862 1642 930 1695 Oxx.
951 1642 1019 1717 Beg.
1047 1642 1120 1695 Gud.
1142 1648 1165 1698 l.
1186 1645 1212 1698 2

58 1716 104 1768 Au
126 1756 132 1766 .
152 1714 249 1767 Duisb.
270 1715 356 1766 illarb.
395 1711 473 1777 Quod
492 1729 558 1764 cum
576 1711 692 1781 probari
710 1720 843 1781 nequeat,
870 1713 1000 1781 quamvis
1025 1712 1063 1766 sit
1082 1714 1113 1765 in
1131 1712 1214 1773 libris

58 1786 185 1857 optimis,
204 1785 333 1837 librariis
352 1782 537 1836 tribuendum
557 1791 609 1847 est,
637 1781 689 1851 qui
712 1779 757 1835 tic
775 1784 934 1835 Pronomen
958 1801 1017 1837 esse
1045 1792 1073 1837 et
1099 1785 1214 1839 nonnisi

58 1859 162 1910 tertiae
198 1873 335 1926 personae
373 1854 529 1907 convenire
566 1852 773 1906 existimarent.
820 1854 934 1907 Nissen.
973 1855 1098 1931 coniecit
1135 1853 1212 1910 lenc.

58 1930 141 1983 Male.
181 1929 240 1981 Mr.

131 1999 187 2053 Sed
205 1999 325 2064 sentiaco
350 1999 406 2063 vir,
434 1997 555 2064 feminea
580 1994 733 2050 interimor
756 1994 852 2063 mono]
888 1997 991 2071 Vulgo,
1017 1997 1075 2052 Sed
1092 1997 1214 2063 feminea

57 2071 99 2136 vi,
119 2073 239 2138 feminee
259 2080 313 2123 etc.
351 2069 398 2135 Ar,
418 2086 454 2120 ne
481 2077 593 2128 veteres
618 2068 708 2121 editos
732 2085 899 2136 memorem,
924 2069 993 2144 Reg.
1013 2069 1123 2123 Eliens.
1144 2079 1211 2124 tert.

60 2151 89 2195 et
108 2143 237 2196 Cantabr.
258 2150 383 2193 nostram
402 2141 518 2192 firmant
538 2138 702 2192 lectlonem.
740 2140 775 2192 D.

129 2215 179 2268 sed
205 2214 328 2279 sentiaco
352 2212 385 2264 vi
392 2229 425 2277 r,
453 2209 584 2276 feminea]
621 2210 807 2277 „Admodum
832 2208 945 2275 variant
964 2210 1048 2264 Codd.
1087 2213 1121 2265 lu
1148 2211 1213 2266 aliis

59 2294 100 2337 est
119 2287 171 2351 vis,
193 2286 223 2336 in
241 2285 307 2336 aliis
327 2282 365 2349 vi,
385 2283 416 2333 in
434 2283 532 2351 paucis
551 2281 605 2333 cir.
642 2281 773 2333 Davisius
792 2282 917 2334 mediam
941 2282 1130 2353 scriptionem
1154 2302 1214 2336 nm·

56 2357 160 2425 plexus
179 2365 221 2407 est
240 2357 271 2406 in
289 2356 341 2405 Ed.
364 2359 393 2417 ῖς
422 2354 453 2404 in
480 2354 570 2406 altera
595 2351 670 2426 legit
696 2351 753 2406 Sed
776 2351 934 2413 feminae
958 2352 1030 2417 νίν,
1057 2354 1213 2420 feminae

59 2427 261 2480 interimor
284 2442 367 2476 manu
392 2421 489 2492 [quam
512 2424 591 2476 vides
616 2439 675 2476 esse
700 2423 731 2474 in
759 2432 855 2475 annot.
881 2422 950 2475 huic
975 2423 1057 2494 operi
1075 2425 1213 2490 subiecti,

57 2498 185 2549 Bentleii
204 2496 431 2549 emendationem
449 2492 601 2559 alteramt]
627 2494 663 2545 ln
686 2495 775 2546 tertia
800 2494 924 2564 denique
943 2493 996 2546 Ed.
1017 2496 1144 2548 correxit
1162 2494 1214 2550 ted

58 2565 179 2635 {erronei
199 2566 252 2630 vir,
273 2563 396 2634 feminei
416 2573 470 2618 etc.
490 2566 529 2618 Et
547 2564 622 2615 hano
641 2583 656 2617 e
677 2581 694 2616 o
711 2567 843 2636 praefero
861 2565 1026 2619 lectionem.
1046 2566 1113 2619 Non
1133 2567 1213 2621 enim

58 2641 93 2691 de
111 2638 252 2692 violentia
269 2639 319 2690 hic
338 2653 431 2689 sermo
451 2644 493 2689 est
512 2645 540 2689 et
560 2635 594 2687 de
612 2636 643 2686 vi
657 2583 782 2688 lierculi
801 2655 817 2688 a
835 2636 972 2690 Deianira
991 2636 1083 2704 illata,
1110 2637 1159 2691 sed
1177 2637 1213 2693 do

22 2728 26 2734 ·
59 2711 168 2763 fraude.
207 2709 327 2761 Accedit
347 2707 422 2777 quod
441 2707 523 2760 modo
542 2705 631 2758 dixit:
660 2706 723 2760 Non
743 2707 833 2761 Greia
851 2709 911 2761 vie.
949 2707 1005 2762 Sed
1031 2708 1063 2761 in
1083 2709 1212 2778 Graecis,

59 2800 132 2851 quae
159 2780 311 2833 admodum
338 2780 385 2831 lan
407 2787 475 2830 trent
514 2775 592 2845 [roret
616 2775 655 2843 δέ,
680 2780 762 2844 θῆλυς
786 2778 868 2842 οὖσα,
897 2775 963 2832 κούκ
989 2776 1090 2852 ἀνδρὸς
1112 2781 1212 2851 φύσιν]

57 2854 231 2924 praesertim
249 2852 273 2904 si
293 2869 359 2903 cum
378 2797 536 2923 §geholiasta
566 2849 714 2925 intelligas
739 2850 844 2919 ἔχουσα
878 2849 966 2921 (quod
992 2851 1155 2906 Camerario
1182 2862 1212 2907 et

57 2926 92 2977 H.
114 2924 258 2995 Stephano
307 2921 427 2976 lacuisse
452 2920 596 2986 mireris),
634 2936 690 2991 quo
717 2922 792 2974 facto
818 2921 896 2974 nihil
920 2921 999 2975 aliud
1017 2923 1099 2990 dicit,
1126 2942 1213 2995 quam

56 2997 194 3050 feminam
213 3012 269 3048 non
286 2943 393 3049 Eabere
412 2993 471 3044 viri
491 3002 631 3074 naturam,
659 3010 833 3064 quamquam
849 2992 912 3064 ipse
931 2992 1088 3063 Sophocles
1111 2994 1213 3048 multis

55 3069 128 3122 locis
147 3069 266 3120 virilem
293 3068 355 3120 fere
374 3065 503 3118 animum
523 3065 550 3118 ei
570 3062 683 3131 tribuit,
710 3083 757 3116 vv.
779 3067 839 3121 tot.
860 3067 920 3120 ⁷³8.
942 3066 1001 3121 739.
1022 3068 1075 3122 9⁰3
1093 3083 1151 3136 sq.;
1179 3067 1212 3119 in

58 3140 186 3202 Graecis,
215 3139 244 3188 in
268 3157 343 3204 uam,
371 3138 398 3190 le
423 3136 526 3189 endum
554 3134 702 3188 existimo:
729 3133 794 3188 κούκ
819 3133 923 3206 ἀνδρὸς
972 3137 1037 3201 dote,
1064 3136 1212 3192 locutione

55 3209 178 3280 poetica,
197 3217 229 3260 ut
247 3156 358 3259 ilicitur
376 3154 476 3272 πῗτρου
496 3209 578 3276 φύσις
601 3222 655 3286 pro
671 3213 765 3276 petra,
790 3215 820 3259 et
847 3207 879 3259 in
897 3155 1004 3279 Oedipo
1022 3210 1083 3264 342.
1109 3206 1212 3281 ἀνδρὸς

82 3286 147 3340 ὑσις.
168 3277 220 3342 [De
238 3279 364 3331 lectione
383 3280 441 3330 loci
460 3276 617 3348 Sophocle1
638 3277 695 3330 iam
712 3279 772 3331 vid.
793 3278 994 3348 disputantem,
1016 3287 1046 3331 et
1063 3279 1212 3404 vulqtam

54 3301 255 3404 defendentem
281 3349 314 3401 G.
336 3350 555 3416 Hermannum.]
597 3345 661 3402 Hoc
688 3349 783 3425 igitur
805 3348 870 3402 vult
889 3349 1042 3403 Hercules:
1065 3368 1131 3405 acer
1150 3352 1213 3406 issi·

56 3440 136 3476 mum
155 3420 231 3473 illud
249 3419 324 3471 mihi
344 3421 460 3483 accidit,
487 3422 563 3490 quod
590 3436 670 3474 meae
696 3421 795 3475 uxoris
819 3419 885 3473 dolo
911 3434 1009 3491 pereo,
1038 3431 1067 3476 et
1084 3422 1211 3479 feminae

55 3514 151 3559 manu,
179 3509 236 3544 non
261 3491 329 3542 viri.
369 3491 460 3557 Quare
487 3508 540 3575 ego
569 3493 656 3545 etiam
684 3491 794 3563 aliquid
818 3491 928 3567 gratiae
953 3510 1132 3546 accessurum
1151 3495 1212 3548 exi·

55 3568 141 3620 stimo
159 3563 255 3617 verbis
275 3562 480 3626 Ciceronianis,
501 3581 525 3614 si
544 3564 572 3615 le
596 3572 707 3616 eretur:
745 3562 802 3617 Sed
823 3560 955 3630 feminei,
982 3566 1064 3618 oue!
1088 3562 1210 3632 temimd

54 3636 204 3692 interimor
232 3649 325 3690 manu.
351 3631 532 3687 Bouhieriur.
562 3582 645 3688 (ξῖῐ.
664 3636 779 3687 Vossius
797 3634 817 3685 l.
838 3652 862 3688 c.
890 3654 917 3705 p.
939 3636 999 3692 ltt.
1024 3635 1141 3690 exhibet
1164 3639 1210 3704 vt';

56 3711 88 3760 in
106 3727 196 3783 marg.
217 3707 333 3760 addens:
354 3706 390 3758 al.
412 3705 472 3758 eir:
502 3705 609 3776 inepte.
633 3706 813 3758 Gebhardust
851 3706 920 3770 „Vl
945 3708 990 3761 ele
1012 3717 1095 3761 anter
1112 3709 1210 3763 Victo-

56 3781 117 3833 rius
140 3798 184 3848 pr.
209 3787 276 3831 tert.
303 3778 396 3846 quint.
423 3775 492 3828 Pell.
530 3776 570 3829 At
599 3776 651 3827 vul
673 3793 688 3829 o
711 3776 766 3844 vir,
794 3795 810 3828 a
834 3778 966 3832 nasutulo
990 3779 1209 3850 interpolatum,

56 3850 123 3921 quia
143 3859 204 3901 erat
224 3850 254 3899 in
274 3849 350 3901 MSS.
372 3846 540 3919 quibusdam
559 3846 635 3900 oief‘
652 3794 870 3901 {allemannie
891 3886 910 3915 ‚,
922 3847 976 3903 Vt‘r
995 3867 1061 3902 cum
1070 3851 1209 3906 Lambino

54 3933 114 3976 tres
134 3938 148 3972 e
168 3919 257 3994 regiis
277 3920 361 3972 codd.
391 3921 511 3985 Quartus
530 3935 596 3971 cum
614 3919 740 3993 vulgatis
758 3916 818 3970 ct'.“
853 3921 916 3994 Ego
942 3937 1012 3977 vero
1038 3923 1137 3994 recepi
1163 3922 1210 3978 air

54 4012 122 4047 cum
140 3992 209 4044 Dav.
231 3989 375 4044 FAWolf.
397 3992 442 4043 Or.
464 3989 548 4042 Schz.
570 3989 640 4042 Tbn.
662 4006 697 4042 ex
715 3990 798 4043 libris
818 3990 935 4061 optimis
952 3992 1023 4069 Reg.
1036 3993 1121 4048 Bern.
1133 3994 1207 4051 Gud.

56 4073 79 4123 1.
101 4069 125 4122 2.
145 4063 243 4117 Duisb.
266 4070 389 4132 quatuor
407 4063 476 4114 Oxx.
497 4061 569 4113 Edd.
590 4062 626 4113 Μ.
648 4061 785 4115 1..1.eod.
811 4063 893 4116 Boul.
917 4063 998 4117 Brut.
1027 4062 1091 4118 Ald.
1118 4066 1207 4122 Goth.

54 4138 134 4207 sylb.
157 4136 219 4189 Car.
241 4132 341 4203 steph.
361 4133 434 4186 Lall.
464 4132 697 4185 intribusOxx.
719 4133 831 4197 estoit,
852 4133 1159 4204 inRehd.vtz,inA
1200 4180 1208 4194 .
1232 4180 1236 4188 .

53 4210 110 4263 Sed
140 4209 175 4262 vi
200 4205 360 4272 feminea
387 4203 537 4257 interimor
564 4217 654 4255 monn.
692 4203 784 4258 Habet
814 4205 900 4260 etiam
926 4205 957 4260 υἱ
985 4207 1108 4274 fernim
1139 4211 1207 4266 Co.

52 4281 137 4331 vind.
160 4285 200 4344 l.;
229 4278 303 4331 Gud.
327 4279 349 4330 1.
376 4284 404 4329 et
432 4276 501 4350 neg.
523 4273 683 4328 interemor.
721 4276 784 4329 Nec
801 4293 871 4330 vero
898 4293 965 4330 cum
982 4279 1073 4334 Bouh.
1094 4281 1210 4336 Cicero·

52 4368 120 4403 nem
139 4351 287 4424 corrigere
306 4347 425 4417 placuit,
445 4363 539 4416 neque
558 4363 623 4400 cum
637 4346 801 4403 FAWolfio
819 4349 853 4403 de
872 4365 904 4403 eo
922 4348 1112 4408 dubitandum
1128 4353 1210 4408 vide·

52 4432 112 4488 tur,
130 4429 231 4472 utrum
248 4420 350 4472 Latine
370 4426 519 4491 repetatur
536 4417 713 4489 adipctivum
730 4418 793 4475 sine
811 4421 995 4479 substantivo.
1033 4425 1092 4479 Μν.

76 4561 155 4604 Cicero
171 4559 236 4602 Ture.
251 4557 319 4614 Βίῳ.
334 4557 369 4600 ed.
384 4558 470 4602 Nom.
487 4556 515 4603 Τ.
530 4558 550 4601 Ι.
937 4528 980 4596 ω
