2828 5070
508 315 637 379 motu
658 314 685 396 1,
705 315 757 382 4⁷.
1151 318 1214 385 28⁵

58 479 250 561 reliqueris,
274 498 373 558 quam
394 498 526 560 semper
546 481 692 541 ornasti:
721 489 758 541 et
778 480 909 562 quidem
931 483 1022 545 inre:
1043 484 1102 545 ills
1123 485 1214 545 enim

57 571 103 638 to,
127 581 244 623 verum
267 565 295 621 si
317 563 408 643 loqui
430 565 594 639 volumus,
615 572 806 626 ornaverat.
841 562 907 624 Sed
928 567 1062 644 quinam
1084 574 1134 626 est
1150 568 1215 628 iste

60 642 228 727 epilogus?
262 664 344 706 aveo
380 647 468 706 enim
495 644 632 719 audire,
671 644 831 726 quicquid
865 655 924 710 est.
975 648 1023 709 Μ.
1060 649 1277 709 ὓοονιιωυθ.

60 727 302 786 immortalium
331 726 454 788 iudicia
481 728 591 788 solent
616 730 652 787 in
679 727 802 787 scholis
831 732 987 807 prolerre
1019 728 1060 789 ds
1087 738 1212 792 morte:

59 826 121 868 nec
142 827 225 868 vero
249 828 286 867 en
308 810 434 893 fingere
455 811 530 889 ipsi,
552 807 609 870 sed
632 807 806 870 Herodoto
822 820 961 871 auctore
978 810 1118 891 aliisque
1139 814 1214 894 plu·

59 890 164 953 ribus.
202 890 352 951 Primum
374 892 496 977 Argiae
518 889 713 969 sacerdotis,
736 890 869 973 Cleobis
889 901 922 954 et
932 892 1018 970 Bito,
1035 895 1097 954 filii
1118 913 1211 976 pree·

318 998 612 1008 ...Qu—...n—

59 1041 131 1094 iure.
169 1042 235 1094 Non
253 1043 372 1094 ridetur
389 1044 582 1095 necessarium
601 1041 677 1095 hune
695 1045 822 1097 refutare
842 1045 1048 1110 roniecturnm,
1067 1063 1133 1099 cnm
1148 1064 1215 1101 sen·

59 1115 217 1166 tentius-um
238 1129 326 1165 nexus
345 1130 406 1166 eam
425 1113 512 1183 plane
530 1114 672 1183 repudiet.
710 1113 922 1187 Requirebatur
939 1124 1028 1184 certe,
1054 1117 1108 1170 illa
1126 1134 1213 1187 quse·

61 1185 154 1237 stione
173 1186 347 1253 praemissa:
377 1191 406 1235 ut
425 1185 520 1236 nullo
541 1184 651 1252 quidem
670 1186 740 1241 iure.
777 1187 836 1239 Mr.
949 1195 955 1215 ⁸
1017 1204 1019 1213 ¹
1096 1198 1099 1205 ·
1153 1208 1156 1213 ’

132 1256 186 1307 llio
205 1257 276 1307 enim
295 1262 323 1306 te
342 1285 374 1296 --
394 1255 556 1319 ornaverat]
594 1257 700 1308 Vocem
720 1260 747 1307 te
764 1257 876 1309 omittit
894 1275 968 1310 unus
987 1258 1037 1311 Ox.
1058 1258 1133 1312 alins
1152 1261 1215 1313 eius

61 1323 126 1378 loco
145 1324 230 1379 habet
248 1332 346 1377 ceree.
369 1324 476 1376 Vocem
496 1332 523 1377 le
542 1325 650 1377 multae
668 1325 740 1378 Edu.
782 1334 827 1379 ost
844 1328 968 1381 volumus
986 1330 1134 1386 reiioiunt.
1158 1329 1215 1383 sed

61 1405 160 1449 nostro
175 1397 249 1448 ‘loeo
275 1395 383 1447 habent
408 1394 493 1448 Goon.
521 1408 630 1460 omues,
653 1396 725 1449 Edd.
770 1405 824 1450 rat.
849 1399 895 1457 (in
914 1401 1019 1522 ηανξ.)
1037 1400 1073 1450 Μ.
1093 1401 1126 1456 V.
1145 1400 1215 1454 Rob.

62 1466 162 1536 steph.
184 1468 268 1520 Leod.
289 1463 352 1518 old.
372 1466 451 1535 sylb.
480 1466 560 1517 Boul.
581 1466 662 1518 Brut.
678 1467 778 1527 ¹laumb.
801 1467 888 1529 Goth.
909 1469 971 1522 Geb
994 1508 1001 1521 .
1023 1487 1101 1554 seqq.
1139 1471 1217 1538 Quae

62 1536 308 1606 interponuntur.-
334 1553 429 1589 oerum
455 1535 483 1588 si
506 1537 584 1606 ioqui
603 1539 735 1602 volume,
760 1541 792 1590 in
810 1539 917 1592 multis
929 1539 1002 1594 Eoo.
1031 1542 1214 1594 scribunturs

62 1605 91 1659 si
115 1625 178 1659 uere
203 1609 280 1676 loqui
308 1609 440 1660 volumus.
488 1607 544 1661 Sed
567 1608 649 1660 illam
678 1611 869 1677 scriptionem
895 1608 1003 1664 habent
1026 1610 1114 1665 eodo.
1144 1612 1215 1666 011.

63 1693 163 1731 omnes
183 1678 251 1742 (nisi
270 1679 345 1746 quod
364 1697 436 1731 unus
454 1678 540 1732 habet
558 1679 707 1748 loquimus,
728 1682 833 1734 omisso
853 1683 986 1744 volumus)
1006 1699 1035 1734 se
1057 1691 1117 1736 tem
1137 1682 1215 1736 Geb-

62 1746 157 1813 hardi,
175 1757 258 1801 vetus
279 1750 342 1802 Cur.
361 1747 510 1819 Stephani,
529 1749 569 1802 Re
592 1789 597 1800 .
620 1749 695 1802 (tud.
718 1754 741 1803 1.
762 1752 786 1805 2·
808 1752 851 1802 Au
875 1789 881 1801 .
907 1750 1005 1805 Duisb.
1031 1698 1105 1804 ἔυᾶ.
1126 1753 1213 1806 lllnrb.

62 1819 137 1870 Mon.
159 1825 183 1872 l.
203 1824 228 1874 2.
249 1821 333 1872 vind.
357 1826 379 1873 1.
398 1824 424 1887 2.
446 1838 536 1893 marg.
584 1827 636 1875 rat.
656 1821 688 1872 V.
708 1819 777 1873 Rob.
797 1820 867 1890 Step
892 1859 896 1871 .
917 1821 1002 1875 heod.
1022 1821 1114 1874 Gebh.
1135 1840 1213 1893 seqq.

63 1887 149 1941 Solus
168 1889 257 1943 Rehd.
278 1892 311 1942 si
328 1905 448 1942 verum
467 1890 542 1958 loqui
557 1906 755 1959 possumus.
780 1890 982 1962 Cnd.·Gr-yph.
1008 1894 1215 1947 inornouerute

63 1959 140 2027 quod
160 1970 204 2012 est
221 1961 341 2014 verbum
360 1960 586 2013 Tertullianum.
625 1963 683 2013 Mr.

135 2030 191 2082 Sed
209 2032 353 2099 quinam
380 2038 421 2084 est
446 2031 688 2098 iste'epilogosi]
725 2033 807 2085 Unus
826 2033 876 2085 Ox.
904 2033 1016 2086 omittit
1033 2033 1096 2087 iste'.
1125 2033 1213 2088 eodo.

62 2098 136 2173 Aug.
159 2103 244 2154 illarb.
273 2121 345 2154 unus
366 2102 415 2156 Ox.
437 2101 490 2153 MS.
511 2119 601 2177 marg.
625 2102 686 2155 Asc.
706 2106 731 2157 2
752 2104 891 2172 quisnam3
917 2104 1214 2176 unus-01.Gud·².

63 2173 213 2237 quidnam:
238 2173 311 2224 alius
337 2173 386 2224 Ox.
412 2174 551 2240 quoniam.
589 2173 643 2225 Pro
662 2189 729 2226 aueo
748 2173 861 2227 solenni
888 2176 1102 2243 permutatione
1121 2183 1164 2229 est
1183 2177 1215 2228 in

61 2243 201 2309 plurimis
221 2242 308 2296 codd.
328 2250 356 2294 et
375 2240 447 2294 Edd.
468 2252 538 2296 vett.
559 2242 658 2296 iubeor
683 2262 738 2312 qus
757 2245 791 2296 de
809 2262 842 2297 re
861 2245 917 2296 iam
946 2262 1033 2313 supra
1050 2247 1216 2299 monuimus

62 2314 98 2365 ad
117 2331 177 2382 cap.
198 2317 230 2368 8:
262 2314 312 2366 ubi
333 2312 423 2366 Gebh.
448 2313 533 2367 laoeo
560 2315 591 2365 iu
617 2314 758 2366 orationis
783 2315 889 2366 seriem
914 2316 1036 2383 recepit,
1063 2315 1118 2368 hoo
1144 2332 1215 2368 vero

62 2381 127 2435 loeo
152 2400 209 2435 non
233 2385 346 2452 recepit
370 2383 496 2451 quidem,
522 2384 689 2453 sedi-enipi
715 2384 808 2435 iussit¹
854 2384 991 2436 Ceterum
1016 2383 1123 2438 habent
1150 2402 1216 2438 aueo

64 2462 130 2505 octo
148 2450 223 2510 Oxx.'
239 2456 352 2529 aliquot
372 2454 515 2506 Gebhardi
535 2455 607 2529 Aug.
632 2455 716 2506 vind.
736 2457 761 2508 2.
788 2453 860 2505 Edd.
882 2451 952 2508 Med.
972 2457 998 2508 1.
1026 2454 1111 2577 (apud
1129 2454 1217 2522 usk.)

63 2524 98 2574 11.
119 2523 153 2576 Ε.
175 2525 206 2576 (l.
227 2526 323 2577 llerw.
352 2532 380 2578 et
403 2533 517 2577 nostrae
542 2541 652 2586 omnes,
683 2530 801 2592 excepto
820 2527 890 2577 Veu.
910 2532 1000 2577 nostr.
1028 2541 1059 2578 so
1074 2543 1106 2577 us
1124 2525 1215 2580 Relid.

63 2611 119 2665 pro
138 2612 205 2648 aueo
223 2596 308 2648 habet
328 2597 429 2647 ordeo:
457 2597 588 2646 exuenti
607 2595 929 2670 correctorisingenin.
967 2595 1010 2649 Ad
1035 2612 1063 2647 v.
1085 2594 1219 2668 quiequid

65 2673 106 2719 esi
126 2669 182 2720 vid.
200 2669 291 2719 Beier.
307 2667 342 2718 ad
358 2666 417 2717 cic.
432 2665 508 2718 [nel.
522 2669 562 2719 16.
574 2667 615 2719 to.
631 2667 704 2734 pos
725 2665 774 2716 ubi
790 2682 943 2734 perperam
962 2664 1042 2719 locus
1061 2677 1160 2723 noster
1179 2682 1217 2723 ex

64 2755 125 2807 cap.
145 2743 186 2793 37.
208 2738 351 2789 laudatur.
390 2734 470 2802 Unus
495 2735 545 2787 Ox.
571 2735 656 2788 habet
684 2735 750 2802 quid
774 2736 902 2800 quidemi
925 2737 1030 2790 omisso
1056 2746 1111 2802 est,
1139 2740 1217 2810 quod

64 2806 151 2860 etiam
171 2811 202 2860 in
222 2810 280 2861 alio
299 2808 367 2860 Cod.
390 2807 439 2859 Ox.
461 2806 649 2860 desideratur.
669 2805 743 2880 Aug.
766 2804 854 2860 habet
872 2807 941 2878 quid
968 2815 1016 2860 est.
1046 2809 1217 2880 quicquid

63 2880 151 2931 enim
170 2881 294 2931 deorum.
331 2879 391 2931 Mr.

136 2952 258 3003 Deorum
279 2949 482 3002 nnmorealium
500 2947 619 3012 iudicia]
656 2946 708 3000 Ed.
734 2950 769 3001 H.
797 2949 886 3002 colens
908 2948 1028 3002 iudicia.
1066 2950 1110 3002 Ad
1128 2955 1217 3007 solerti

63 3020 150 3073 facile
170 3021 314 3096 intelligis
334 3020 465 3075 rhetores.
478 3020 527 3075 vel
544 3019 642 3072 simile
661 3020 748 3088 quid3
766 3037 856 3088 quere
875 3035 934 3071 non
947 3024 1143 3074 necessarium
1163 3031 1215 3089 est,

64 3106 103 3147 ex
120 3090 203 3144 vind.
226 3096 249 3145 1.
270 3095 403 3162 recipere
419 3091 563 3158 magistri,
583 3091 658 3158 quod
677 3090 719 3143 ibi
736 3098 802 3159 post
820 3095 905 3142 morie
924 3090 1068 3143 intrusum
1083 3101 1134 3145 est
1154 3094 1212 3146 Mr.

135 3163 192 3214 Nec
211 3178 275 3213 vero
295 3177 327 3214 eo
346 3166 451 3229 fingere
469 3162 538 3229 ipsi]
577 3162 619 3212 Eu
638 3161 747 3212 omittit
766 3160 832 3213 (lod.
852 3160 934 3212 Vind.
956 3167 979 3215 1.
1000 3178 1067 3212 oum
1086 3163 1159 3215 Gnd.
1180 3166 1215 3216 ln

63 3231 153 3284 Reno.
175 3240 217 3283 est
235 3233 341 3298 fingere
360 3248 401 3283 ea.
429 3232 482 3283 nd
500 3249 578 3299 seqq.
608 3248 643 3283 ex
661 3231 804 3283 Herodoto
830 3231 887 3282 vid.
909 3232 1063 3300 Wyttenb.
1090 3233 1123 3284 ad
1149 3234 1216 3285 Plu·

64 3301 157 3353 tarch.
183 3302 217 3352 T.
238 3303 275 3354 11.
303 3321 332 3372 p.
353 3305 395 3356 53.
424 3302 467 3353 etl
496 3303 572 3371 lips.
599 3311 627 3353 et
652 3316 721 3370 quos
747 3301 843 3353 laudnt
859 3301 960 3353 Baehr.
980 3302 1015 3354 nd
1033 3304 1169 3356 Herodot.
1190 3305 1214 3357 l.

64 3376 108 3428 31.
129 3392 156 3442 p.
178 3377 220 3427 71.
241 3371 295 3435 (ed.
315 3374 393 3441 Lips.
415 3373 507 3436 1830.)Ι
529 3405 562 3415 -
587 3369 653 3425 eod.
673 3372 761 3426 Rehd.
790 3373 876 3424 habet
891 3373 1026 3440 plurimis
1051 3390 1104 3443 pro
1120 3375 1214 3441 piuri-

64 3442 131 3507 bus;
151 3462 223 3496 unus
243 3444 292 3496 Ox.
313 3444 482 3507 Herodocl⁰;
502 3443 574 3495 Gud.
587 3435 612 3497 2.
633 3442 760 3496 auctori:
778 3444 834 3496 duo
853 3444 921 3496 Oxx.
943 3443 1013 3495 aliis
1031 3445 1131 3498 omisso
1187 3461 1213 3512 e,

65 3533 189 3584 quorum
207 3516 290 3584 prior
306 3515 392 3567 huius
410 3515 529 3567 voculae
548 3514 706 3567 locohabet
725 3531 817 3582 mom,
837 3522 866 3566 et
881 3513 1016 3581 piurimis
1035 3532 1101 3568 cum
1111 3461 1212 3583 Rem„

64 3587 208 3654 posterior
226 3586 311 3638 habet
335 3586 370 3652 in
398 3604 475 3655 seqq.
496 3585 624 3637 Primum
648 3601 745 3651 uero,
775 3586 825 3638 sed
844 3585 921 3637 ouo
948 3586 1058 3637 omittit
1077 3586 1210 3655 munim.

64 3658 198 3711 Formam
216 3657 356 3711 Graecum
367 3656 485 3723 ,Argiue
503 3669 556 3727 pro
574 3655 712 3722 Argiuae,
737 3673 908 3726 quamquem
927 3656 984 3708 hoc
1001 3665 1114 3709 tautum
1131 3667 1212 3712 certo

63 3728 128 3779 loco
147 3728 257 3780 obviam
275 3728 352 3797 opud
369 3728 547 3793 Ciceronem,
574 3728 655 3781 uolui
673 3737 784 3782 mutue
810 3745 876 3780 cum
894 3727 989 3779 bamb.
1011 3737 1040 3781 et
1058 3729 1106 3781 Fr.
1127 3729 1210 3781 Febr.

65 3797 97 3849 in
115 3798 251 3863 Argivae,
279 3816 425 3851 cumeum
452 3808 589 3852 tueantur
607 3799 686 3851 codd.
715 3799 830 3862 omnes,'
847 3806 876 3851 et
893 3798 1015 3852 habeant
1033 3801 1097 3850 fers
1114 3814 1213 3852 omnes

64 3867 203 3936 (exeeptis
222 3870 281 3932 sex)
309 3870 383 3938 apud
404 3870 463 3922 Cic.
491 3870 525 3922 de
553 3872 590 3922 N.
608 3870 650 3921 Ι).
663 3872 686 3923 1.
706 3873 755 3924 29:
783 3870 833 3921 ubi
858 3871 928 3921 item
953 3869 1059 3919 hubent
1085 3869 1153 3920 Dav.
1182 3877 1214 3922 et

62 3940 135 3992 Ern.
155 3939 254 4005 Argia
275 3969 305 3979 -
326 3939 407 4003 Juno,
432 3958 482 3993 nos
504 3941 612 4007 inEd.
640 3941 709 3993 min.
738 3958 805 3991 cum
823 3939 924 3992 Heind.
953 3947 983 3992 et
1001 3937 1097 4005 Setun,
1124 3940 1212 3993 nimis

62 4012 181 4063 fortasse
211 4010 323 4080 cupide,
355 4012 469 4076 Argiva
502 4012 672 4081 recepimus.
716 4011 898 4063 Praeferebat
921 4010 1060 4063 Graecum
1088 4012 1213 4063 formem

63 4082 150 4135 etiam
169 4081 347 4133 camerarius
366 4083 396 4133 in
415 4082 524 4135 Corum.
561 4083 622 4134 Mr.
861 4136 868 4147 ,

65 4194 68 4199 .
134 4153 245 4205 Cleobis
273 4158 298 4203 et
323 4152 403 4217 Bito]
439 4154 481 4206 De
505 4153 588 4206 hisce
612 4154 684 4205 viris
712 4169 774 4205 eam
799 4168 872 4222 qnae
898 4153 1033 4222 sequitur
1058 4151 1213 4207 historiam

61 4226 154 4276 refert
177 4223 340 4277 Herodotus
370 4224 420 4275 lib.
441 4225 464 4276 1.
494 4241 554 4293 cap.
575 4227 620 4279 sl.
652 4223 789 4277 Stobasus
818 4223 909 4278 serm.
939 4222 1033 4274 CXIX.
1058 4241 1123 4299 png.
1150 4227 1211 4279 603.

63 4292 110 4356 [T.
130 4293 183 4344 lll.
203 4312 230 4361 p.
249 4296 313 4352 46³.
334 4295 439 4360 Gniss.]
459 4300 568 4362 Κλεοβις
586 4299 632 4346 καὶ
650 4299 746 4357 Βίτων,
766 4293 909 4360 Κυδίππης
932 4295 978 4358 τῆς
1001 4295 1103 4363 μητρὸς
1122 4291 1213 4346 αὐτῶν

60 4361 298 4416 ΔΕΞΑΜΕΉΗΣ
316 4371 348 4431 τῇ
361 4366 433 4433 Ἥρᾳ
453 4366 519 4441 (leg.
540 4364 696 4432 εὐξαμένης,
719 4366 796 4434 quod
809 4383 828 4416 e
847 4383 893 4417 me
911 4365 994 4434 prius
1018 4360 1210 4428 observatum,

62 4432 118 4484 sibi
136 4450 250 4504 quoque
269 4438 443 4490 monendum
461 4439 577 4507 putarit
595 4436 639 4491 Gl.
658 4439 791 4491 Potterus
806 4434 1021 4491 siclorutntis
1039 4430 1145 4487 strom.
1156 4432 1213 4487 111..

81 4563 160 4606 cicero
176 4561 241 4607 Ture.
256 4564 325 4620 Disp.
340 4566 375 4612 sd.
389 4566 474 4611 idom.
496 4567 520 4611 Τ.
534 4568 557 4611 1.
920 4541 964 4606 ²5
