2828 5070
525 318 657 385 LIBER
676 317 722 400 11,
741 318 774 384 ἱ.
934 356 939 361 -
1165 321 1230 388 tet

67 502 153 547 mus.
194 483 291 551 duod
318 487 348 547 ai
380 486 461 549 lraec
487 487 598 551 studia
625 486 781 552 traducta
808 494 909 551 erunt
936 484 978 549 ad
1009 495 1153 566 nodros,
1182 498 1268 554 net

68 570 283 633 bibliothecis
304 568 439 647 quidem
461 569 597 634 Graecis
620 573 806 657 egebimuss
837 573 874 631 iu
895 571 1016 654 quibus
1044 571 1226 635 multitude

67 654 202 716 infinita
221 653 389 716 librorum
409 662 550 736 propter
571 673 688 718 eorum
710 663 761 717 est
781 652 1043 733 multitudinem,
1064 659 1124 738 qui
1139 657 1226 717 acri·

67 745 217 818 pserunt.
261 734 384 798 Eadem
406 739 495 799 enim
516 737 675 800 dicuutur
696 757 716 799 e
736 739 866 800 multisz
890 756 931 800 ex
953 755 1018 820 quo
1041 739 1140 800 libris
1158 757 1226 800 onn-
1300 793 1305 799 .

66 821 124 880 nia
152 823 370 884 referserunt
421 819 517 885 Quod
546 821 677 883 accidet
707 824 808 884 etiem
835 822 972 898 nostris,
1011 823 1041 883 si
1068 819 1111 882 ad
1144 820 1227 882 haee

66 900 179 964 studia
200 904 313 985 plures
336 906 571 971 confluxerint.
594 904 660 966 Sed
682 925 749 983 eos,
770 907 802 965 si
823 923 1010 986 possumus,
1032 905 1226 983 excitemus,

66 1064 127 1110 tam
145 1056 303 1112 tuebimur.
341 1056 514 1110 Plutarchus
532 1058 568 1113 de
593 1060 669 1128 prof.
688 1047 766 1111 Viri.
785 1064 858 1113 seut.
878 1055 962 1110 Toni.
982 1056 1022 1110 11.
1042 1073 1108 1134 pag.
1128 1059 1172 1114 80.
1191 1055 1225 1113 Β.

68 1130 108 1181 ro
125 1129 191 1195 μηδ’
211 1123 273 1182 olea
288 1127 533 1182 'uurerrzum
559 1125 722 1197 tityrum,
747 1130 764 1196 q
785 1129 1060 1181 xaauuArNuuv
1080 1126 1227 1198 clametu-

65 1219 121 1264 τας,
155 1200 256 1260 ἱκανῶς
286 1202 492 1271 προκόπτοντός
518 1199 585 1253 ἐστι.
622 1201 695 1254 Vide
723 1200 762 1254 sis
793 1201 949 1274 origenem
976 1208 1078 1255 eontra
1106 1198 1226 1255 Celsum

65 1269 117 1323 lib.
139 1271 162 1323 1.
181 1288 218 1341 pe
241 1310 247 1323 .
267 1276 311 1328 55.
333 1280 362 1325 et
379 1269 509 1325 Platonis
529 1272 670 1346 Gorgiam
690 1271 730 1342 [p.
751 1273 812 1329 458.
833 1273 890 1338 St]
909 1288 976 1354 pag.
996 1274 1056 1328 tet.
1075 1275 1112 1327 E·
1149 1270 1188 1325 D.

138 1343 212 1408 resel
222 1358 269 1395 ere
287 1343 349 1397 sine
363 1341 525 1411 pertinacia
543 1349 571 1396 et
588 1342 685 1407 refelli
701 1342 763 1396 sine
782 1342 946 1410 iracundie]
965 1343 1046 1397 Unus
1065 1344 1118 1397 ox.
1137 1342 1227 1396 unte

65 1414 105 1466 tit
123 1412 221 1466 omnia
239 1414 306 1469 inde
324 1433 340 1468 a
357 1414 489 1479 refellere
505 1430 596 1486 usque
614 1414 651 1467 ad
667 1427 770 1468 mmet.
809 1415 883 1469 cum
903 1414 1031 1468 Manutio
1049 1413 1137 1485 plane
1155 1408 1226 1466 nul·

18 1524 21 1527 .
65 1484 113 1537 lus
130 1486 213 1548 iacit,
232 1488 314 1539 cuius
334 1484 507 1552 emendatio,
526 1487 659 1572 quamvis
676 1487 774 1558 primo
791 1487 929 1558 adspectu
947 1486 1107 1554 probabilis
1124 1485 1225 1538 videu-

64 1563 124 1618 tur‚
144 1557 266 1610 minime
284 1564 382 1611 tamen
401 1574 561 1611 necessaris
581 1564 633 1623 est,
653 1564 683 1611 et
700 1559 785 1629 peior
802 1558 889 1613 etiam
908 1565 984 1611 esset
1001 1557 1131 1635 vulgati.
1161 1557 1225 1610 lloo

63 1625 143 1681 enim
163 1624 228 1681 vult
247 1627 365 1683 Cicero:
392 1629 452 1682 Nos
471 1630 590 1700 quidem
609 1627 775 1683 noadamtei
798 1645 857 1684 non
876 1629 917 1683 ita
935 1645 1032 1684 sumus
1058 1629 1225 1700 pertinaces

63 1701 97 1752 in
129 1700 301 1754 refellendis
329 1701 454 1754 aliorum
479 1703 642 1767 sententiis,
675 1709 791 1754 utnon
814 1700 898 1773 prius
925 1701 1067 1755 desistere
1084 1701 1223 1764 velimus,

63 1789 150 1841 quam
169 1773 262 1825 victas
284 1772 353 1826 dent
372 1790 474 1826 manus
493 1773 665 1835 adversarii,
692 1789 803 1841 nosque
829 1773 905 1826 solos
934 1770 1036 1825 ve'rum
1055 1770 1163 1825 vidisse
1179 1771 1225 1823 {u-

63 1851 196 1897 teantur:
226 1859 321 1914 neque
348 1845 393 1896 ira
416 1845 642 1909 exardescimus,
671 1842 792 1896 siterte
809 1841 844 1895 ab
862 1841 928 1895 eliis
946 1842 1132 1908 refellimur3
1156 1857 1224 1894 nain

63 1931 131 1967 cum
151 1912 303 1968 veritatem
323 1915 439 1985 plenam
458 1923 488 1968 et
506 1922 596 1967 totam
614 1932 629 2000 a
648 1912 888 1999 nobiseognqsci
906 1928 1055 1983 nunqumn
1076 1915 1160 1969 nobie
1177 1927 1225 1967 ar·

64 2002 217 2112 ”titt
232 2000 346 2110 titt
360 1983 766 2124 ttttsstttttttt'*
805 1985 1102 2128 diffiditur
1127 2055 1160 2120 e,
1187 2006 1224 2110 «ι’.

64 2142 120 2196 qua
139 2126 170 2180 in
189 2126 305 2182 Latium
324 2129 524 2182 transferenda
543 2136 573 2183 et
589 2127 738 2200 peculiare
757 2129 878 2199 scripsit
896 2144 968 2198 opos
993 2135 1022 2181 et
1049 2128 1081 2181 in
1099 2145 1117 2180 ι
1132 2128 1166 2181 ”s
1183 2126 1225 2180 li·

62 2197 123 2250 bris
141 2200 279 2271 plurimis
298 2199 371 2253 locis
390 2199 526 2270 disputat.
557 2229 589 2243 ·-
623 2200 659 2252 iu
677 2196 765 2254 Godd.
785 2201 861 2253 tlon.
883 2203 907 2254 1.
926 2203 952 2254 2.
974 2198 1117 2251 scribitur
1141 2201 1224 2252 mut

62 2272 205 2336 traducto,
231 2274 350 2324 inverso
375 2271 493 2325 ordine:
524 2289 598 2324 uuus
623 2269 673 2326 Ox.
698 2276 779 2323 eruut
802 2278 857 2342 pro
877 2275 970 2331 esum
994 2267 1069 2322 alius
1093 2282 1144 2322 nee
1167 2282 1223 2340 pro

61 2354 110 2404 ne,·
128 2343 203 2394 alins
223 2342 359 2394 bibliotis.
397 2343 432 2394 lu
453 2358 531 2412 seqq.
550 2342 672 2395 verbum
693 2348 735 2395 ert
754 2358 787 2396 eo
845 2340 955 2393 suimus
982 2336 1059 2403 loce,
1168 2352 1224 2410 pe-

62 2413 145 2463 nitur
163 2414 194 2464 in
214 2413 302 2464 Codd.
323 2413 396 2486 Reg.
417 2413 491 2465 Gud.
513 2420 538 2466 l.
557 2417 582 2468 2.
601 2409 687 2465 Vini.
708 2418 732 2467 l·
751 2415 777 2467 2.
846 2409 898 2463 iub.
919 2416 985 2463 octo
1003 2409 1074 2463 Oxx.
1139 2407 1167 2465 d.
1183 2411 1221 2462 bi.

61 2481 128 2534 Ald.
149 2482 238 2540 Goth.
257 2483 367 2540 Sturm.
386 2480 465 2553 tyto.
485 2483 571 2539 Leod.
592 2482 707 2540 hambb.
727 2482 809 2536 Boni.
830 2483 913 2535 Brut.
932 2481 998 2534 car.
1018 2477 1119 2551 steph.
1135 2483 1221 2535 Grut.

61 2555 154 2606 Gron.
175 2554 260 2607 Verb.
279 2554 350 2608 Dav.
371 2556 443 2607 Ern.
463 2552 608 2627 FAWolf.
627 2564 691 2676 sqq.
726 2554 814 2607 Plane
838 2554 920 2607 abest
943 2550 978 2604 ub
994 2565 1054 2604 une
1080 2548 1130 2606 Ox.
1151 2551 1223 2608 (lod.

62 2627 149 2679 lllarb.
188 2625 263 2678 Ante
280 2633 398 2694 propter
415 2625 538 2697 ponitur
555 2625 587 2677 in
606 2623 667 2678 cod
689 2668 693 2678 .
714 2628 790 2680 tlon.
812 2629 838 2680 i·
855 2628 883 2680 2.
902 2623 948 2676 Au
972 2660 977 2674 .
998 2619 1070 2678 Edd.
1091 2623 1121 2679 P.
1139 2623 1173 2676 A.
1189 2623 1220 2675 tt.

60 2695 89 2749 S.
110 2691 144 2746 E.
165 2696 196 2750 0.
226 2695 296 2750 Ven.
322 2704 413 2751 nostr.
444 2695 506 2748 Asc.
529 2701 554 2750 l.
571 2697 599 2750 2.
631 2694 680 2747 Fr.
701 2695 784 2748 Febr.
806 2698 887 2749 Junt.
906 2696 934 2746 ll
979 2695 1030 2748 oli.
1051 2694 1129 2748 otte.
1146 2694 1221 2751 bell.

62 2768 97 2820 iu
117 2766 185 2821 eod.
204 2766 289 2820 Vind.
311 2772 335 2824 l.
356 2767 506 2820 omittitur
523 2766 646 2832 infinite.
665 2768 697 2820 in
715 2770 791 2822 Mon.
812 2771 836 2822 1.
862 2767 1004 2820 scribitur
1021 2766 1149 2820 hemia
1187 2778 1222 2820 ru

61 2840 207 2891 librorum.
229 2840 263 2894 ln
284 2839 357 2894 Gud.
378 2838 518 2892 scribitur
535 2844 579 2891 eet
594 2843 712 2908 propter
728 2837 933 2891 multitudinem
952 2852 1055 2904 eorum,
1075 2840 1108 2890 in
1125 2837 1167 2891 Ile

57 2918 176 2979 propter
193 2927 287 2965 eorem
305 2911 512 2963 multitudinem
531 2916 580 2963 est.
609 2909 644 2963 ln
663 2909 733 2963 uos.
753 2911 841 2963 Marb·
861 2910 948 2964 verbe
967 2906 1075 2962 Eodem
1093 2907 1169 2961 enim
1187 2939 1221 2952 -

58 2983 235 3048 referserunt
263 2999 338 3055 quae
357 2997 416 3035 uno
435 2981 483 3035 01.
503 2981 622 3044 desunt,
640 2983 750 3036 reiecta
768 2989 838 3033 sunt
852 2987 927 3052 post·
937 2980 1132 3043 deuteresim.
1159 2977 1220 3035 Mr.

131 3072 165 3106 ex
185 3071 238 3124 quo
256 3055 341 3109 libris
359 3053 452 3108 omnio
470 3052 654 3119 refraenent}
689 3053 899 3118 „Relermnt
918 3059 963 3105 est
975 3066 1093 3123 quoque
1109 3052 1142 3104 iu
1160 3064 1222 3104 me·

59 3127 225 3194 nusrrip103
250 3142 304 3195 pro
332 3141 390 3195 quo
413 3126 558 3177 Manutius
585 3125 616 3176 iu
634 3122 792 3194 postremis
814 3122 991 3176 editionibus
1018 3123 1130 3186 referte
1156 3124 1222 3173 suae

59 3197 224 3264 reposuit.“
243 3194 291 3249 Fr.
311 3194 471 3249 Fabricius.
492 3195 586 3247 Verba
604 3195 654 3264 qui
671 3194 846 3264 scriptumst
863 3194 977 3248 omittit
995 3192 1072 3248 (iud.
1092 3195 1119 3248 2.
1138 3188 1221 3248 Idem

58 3265 146 3319 babet
165 3280 198 3316 ex
217 3268 313 3335 quiere
329 3267 423 3318 omnia
441 3267 623 3331 referserunt.
661 3264 721 3318 Me.

131 3337 177 3389 Ex
194 3352 246 3404 quo
265 3337 350 3390 libris
368 3337 464 3390 omniu
482 3334 677 3402 referserunt]
710 3332 823 3391 Elisus.
850 3350 909 3391 sec.
932 3337 1042 3402 referte
1063 3341 1139 3401 eum,
1166 3349 1221 3389 nec

58 3408 148 3462 aliter
175 3406 267 3461 edidit
290 3408 381 3461 Aldus
408 3423 506 3477 nepos.
544 3408 572 3461 A
591 3408 710 3485 vulgata
736 3409 883 3478 scriptura
908 3415 987 3461 etant
1013 3405 1132 3477 reliqui,
1164 3421 1221 3461 neo

58 3496 160 3535 eorum
178 3481 249 3533 tides
267 3487 313 3533 est
334 3478 501 3546 deserendr,
526 3479 769 3550 quemadmodum
824 3484 869 3531 tet
895 3495 930 3532 ex
948 3478 1090 3532 Prisciani
1115 3477 1165 3531 lib.
1184 3478 1220 3536 Χ.

57 3553 114 3605 col.
133 3555 195 3608 tos.
232 3552 348 3615 Cicero,
367 3552 399 3604 iu
440 3551 474 3614 it,
491 3551 717 3618 Grammaticus,
737 3551 767 3604 iu
836 3550 947 3608 maeel.
971 3550 1020 3603 Ex
1038 3550 1140 3620 quidue
1155 3564 1221 3603 oeu-

58 3623 105 3675 tis
130 3624 216 3676 etiem
239 3626 337 3676 emnia
362 3639 395 3677 re
411 3628 552 3676 erserunt.
595 3622 642 3675 lix
667 3630 767 3676 nostro
786 3621 930 3675 rescribas
953 3628 1080 3706 oportet,
1109 3634 1145 3676 es
1161 3636 1220 3692 quo

57 3694 144 3816 {ibris
168 3694 262 3747 omnio
287 3697 474 3763 referserunt
511 3694 547 3748 ad
570 3691 649 3747 hune
672 3695 753 3749 enim
777 3691 877 3746 lecum
899 3693 1032 3765 respicit,
1056 3700 1090 3746 ut
1107 3691 1220 3747 abunde

73 3766 164 3817 luet.
202 3767 238 3822 D.

85 3782 104 3836 q
130 3835 175 3887 Ee
194 3852 247 3906 quo
265 3835 347 3892 libris
366 3836 460 3892 omnio
478 3835 665 3904 referserunt}
700 3835 850 3890 Senbitur
869 3837 977 3902 reims
1001 3839 1068 3888 sunt
1095 3833 1128 3886 in
1147 3831 1219 3891 cod.

56 3906 649 3975 illon.1.‚suutrefertaiu00d.Vind.
671 3912 695 3963 l.
732 3905 788 3962 Sed
812 3906 1039 3983 bie.rnlgutam
1063 3907 1095 3958 in
1122 3920 1218 3982 marg.

55 3978 155 4034 habet.
195 3979 278 4033 Prius
304 3990 349 4034 est
372 3984 459 4035 etism
484 3983 516 4034 in
539 3997 632 4058 marg.
653 3976 708 4032 ut.
731 3977 780 4032 rr.
798 3977 885 4034 Febr.
923 3979 1048 4064 Legitur
1069 3977 1219 4045 referee-

56 4060 122 4105 nent
140 4054 171 4104 in
184 4051 251 4105 God.
270 4050 361 4107 Rebd.
399 4052 554 4125 Sequentia
573 4052 645 4117 meod
665 4083 697 4095 -
716 4050 901 4114 coutluoeeriut
918 4051 1031 4103 omittit
1048 4067 1124 4103 unus
1148 4048 1217 4115 01.;

56 4124 131 4176 alius
150 4124 237 4249 helpet
261 4125 382 4192 excidet,
407 4125 481 4202 Aug.
503 4124 623 4190 accida,-
651 4124 684 4176 iu
712 4123 814 4178 eodem
840 4123 983 4192 scriptum
1008 4128 1051 4175 est
1075 4123 1217 4190 referees·

55 4201 134 4247 aunl.
172 4199 233 4249 llr.

128 4267 323 4335 conduxerint]
358 4267 433 4322 God.
455 4273 479 4326 l.
500 4276 528 4324 et
545 4270 621 4325 bion.
642 4271 668 4325 1.
688 4267 887 4332 cortines-unt.
917 4263 1088 4320 Gebhardus
1109 4265 1140 4316 in
1158 4278 1217 4316 uuo

55 4334 114 4390 Pal.
135 4342 247 4406 reperit
273 4341 449 4404 conflixerint
471 4338 623 4413 additque:
654 4345 716 4405 „ut
741 4338 901 4416 intelligat,
986 4337 1004 4392 d
1028 4335 1129 4407 paullo
1149 4341 1217 4387 aute

57 4407 182 4474 dixerat,
211 4408 329 4485 pbiloso
350 4410 430 4467 biam
458 4429 495 4466 ex
517 4411 753 4469 contentionibus
775 4410 949 4467 dissensioni
968 4427 1002 4464 us
1045 4425 1061 4462 e
1088 4406 1217 4481 viguisse

56 4486 88 4533 et
104 4494 240 4556 magnam
259 4497 312 4536 eea
339 4499 392 4538 sse.
429 4483 486 4539 Sed
502 4484 581 4541 torte
599 4490 643 4541 est
660 4492 730 4541 notu
749 4496 851 4541 errore
867 4478 883 4537 i
898 4496 957 4556 pro
973 4496 1000 4535 u.
1058 4476 1148 4532 Prius
1169 4476 1216 4530 in·
