2828 5070
201 309 269 395 m.
442 309 584 373 rmsr.
607 309 725 375 unm.
747 311 853 376 nav.
877 311 996 377 runt.
1021 315 1112 382 uos.

200 478 332 538 incuria
352 476 600 557 Librariornm,
623 491 681 543 aut
712 482 816 544 nimia
836 481 1041 545 Criticorum
1068 478 1206 543 audacia
1228 480 1298 561 [Ed.
1316 487 1352 559 Ι3.

199 559 296 623 simul
315 580 355 622 nc
375 562 512 624 eudocia
533 566 632 627 nimia
655 565 859 645 Criticorum]
886 564 1083 628 Ciceronem
1105 564 1175 643 [Ed.
1198 569 1229 630 3.
1252 587 1357 629 macu-

201 642 322 722 taram]
344 647 567 726 inquinarent.
612 647 650 707 ln
672 648 811 728 reliquis
834 647 904 726 [ud.
930 653 961 714 3.
986 648 1263 728 adnotationibus]
1286 653 1356 712 uni-

199 727 473 790 modoersionibos
501 728 536 790 id
562 749 580 790 e
607 732 627 809 ',
658 741 697 792 ut
728 729 771 792 do
829 742 883 793 ata
915 733 1029 816 paullo
1061 732 1266 809 obscuriora,
1300 744 1358 794 aut

199 808 355 871 historias
377 833 443 872 non
464 815 512 874 ila
532 751 615 889 [Ed¹
615 817 646 878 3.
659 833 766 897 pervu
780 813 883 901 getas]
906 825 1000 879 notas
1014 816 1237 893 illustrarem,
1260 820 1357 878 tritas

201 894 289 954 enirn
312 904 345 956 et
366 895 480 956 obvias
507 916 573 957 uon
600 898 659 957 at⁸
726 895 804 957 udas
825 901 952 981 putavi.
1005 899 1141 960 Frustra
1171 901 1283 981 itaque
1315 898 1357 959 de

199 975 360 1037 Herculis
393 978 576 1055 laboribus,
609 978 649 1040 de
710 980 890 1042 lcmaeonis
922 991 955 1043 et
983 980 1111 1043 Orestis
1144 983 1281 1059 insania,
1315 980 1356 1043 de

198 1056 347 1121 Sardana
371 1060 416 1121 ali
428 1062 521 1138 luxu,
544 1082 582 1122 ac
604 1058 639 1122 id
650 1083 752 1148 genus
774 1064 861 1140 aliis,
883 1063 939 1125 hic
1007 1075 1163 1127 aerentur
1185 1085 1351 1126 commen·

199 1144 288 1204 terii.
344 1080 474 1225 &bique
502 1153 653 1227 prostant
672 1145 808 1222 Lexica,
841 1167 881 1206 ex
913 1085 1032 1228 quilius
1064 1150 1190 1210 affatim
1222 1143 1354 1208 hauriri

199 1235 308 1308 potest
330 1226 447 1287 talium
468 1230 662 1288 naeniarum
684 1232 840 1315 cognitio.

281 1307 460 1390 Plerosque
482 1307 688 1372 Graecorum
714 1314 781 1372 scri
807 1322 918 1374 torum
939 1313 1042 1391 locos,
1066 1333 1147 1395 quos
1171 1314 1276 1377 vertit
1297 1311 1353 1374 Ci-

199 1411 289 1466 cero,
311 1389 505 1453 iamdudum
526 1392 714 1456 indicarent
744 1335 813 1471 [Ei.
838 1397 868 1459 3.
894 1394 1026 1474 -runt]
1056 1395 1142 1457 Petr.
1166 1395 1355 1471 Victorius,

198 1473 313 1537 Joach.
335 1473 557 1551 Camerarius,
581 1477 764 1538 etHenric.
777 1476 971 1561 Stephanus.
1003 1477 1042 1540 ln
1063 1479 1234 1539 nonnullis
1256 1481 1356 1539 etiam

199 1559 397 1618 testimoniis
418 1556 460 1618 ad
480 1558 668 1620 Historiam
688 1560 911 1643 spectantibus
936 1563 1081 1644 praeivit
1102 1562 1155 1621 Fr.
1170 1561 1355 1622 Fabricius:

199 1638 257 1700 sed
277 1659 316 1700 ea
336 1660 502 1724 perpauca
524 1651 611 1719 sunt,
642 1653 675 1704 et
695 1662 714 1703 a
736 1663 788 1704 me
811 1641 881 1722 [Ed.
905 1643 935 1704 3.
963 1663 1031 1704 non
1052 1643 1151 1705 habet
1172 1666 1192 1706 a
1212 1643 1269 1722 me]
1298 1646 1357 1705 vix

198 1743 345 1804 unquam
366 1726 437 1786 sine
459 1727 609 1785 auctario
636 1725 777 1809 prolata.
828 1726 922 1786 Haec
943 1728 1075 1789 fuerant
1103 1724 1173 1804 [Ed.
1197 1730 1227 1791 3.
1252 1725 1356 1807 fuere]

199 1804 423 1885 memoranda,
446 1809 602 1888 quoniam
629 1806 782 1869 candoris
800 1818 861 1885 est,
882 1828 944 1892 per
965 1830 1046 1891 quos
1068 1811 1283 1893 profecerim,
1306 1811 1357 1869 in-

240 1908 306 1950 nue
329 1890 490 1951 conliteri.
536 1890 659 1951 Forsan
681 1892 781 1953 etiam
802 1890 902 1953 utiles
932 1893 1071 1954 fuissent
1091 1890 1140 1953 M.
1164 1890 1202 1952 Λ.
1226 1890 1357 1953 Mureti

199 1908 309 2034 &otae
341 1974 375 2032 in
408 1975 552 2054 primam
580 1972 822 2051 Tusculanam
864 1972 922 2034 sed
955 1994 1024 2052 eas,
1058 1977 1207 2056 quamvis
1239 1972 1356 2036 sedulo

199 2056 373 2137 quaesitas,
396 2053 511 2116 videre
534 2052 604 2133 [Ed.
628 2058 658 2120 3.
681 2053 845 2140 reperire]
868 2075 935 2116 non
957 2059 1097 2143 contigit
1118 2057 1160 2133 *).

279 2137 379 2198 Licet
411 2139 445 2197 in
477 2138 764 2200 observationibus
797 2140 980 2220 unicuique
1009 2160 1051 2223 pa
1074 2141 1148 2199 inae
1180 2140 1355 2200 substratis

198 2221 309 2284 varias
330 2220 490 2282 lectiones
511 2224 666 2299 notarim,
700 2241 741 2283 ex
763 2221 881 2304 quibus
910 2221 1012 2283 verba
1041 2160 1212 2283 diceronis
1243 2242 1354 2283 emen-

199 2299 273 2364 dari
293 2322 388 2387 posse
411 2301 595 2381 credebam,
628 2314 754 2365 ceteras
775 2314 885 2366 tamen
906 2304 991 2365 calci
1011 2303 1192 2366 voluminis
1213 2303 1355 2365 adnexas

198 2384 309 2464 habes,
332 2407 373 2448 ne
394 2396 465 2465 tuo,
487 2386 622 2464 Lector,
655 2389 789 2529 inplenio
818 2385 943 2450 deesset
971 2389 1125 2449 materia:
1158 2389 1232 2447 fieri
1265 2390 1354 2449 enim

198 2479 318 2554 potest,
352 2479 390 2530 ut
411 2490 452 2530 ex
473 2471 527 2546 iis,
551 2488 633 2551 quae
648 2473 695 2530 mi
719 2473 732 2530 i
754 2480 911 2553 corrupta
927 2468 1137 2548 videbantur,
1161 2473 1231 2554 ipsa
1244 2471 1354 2531 Tullii

199 2572 315 2614 manus
337 2563 484 2614 eruatur.
529 2553 594 2614 Eae
616 2572 656 2614 ex
677 2552 753 2613 Jani
775 2550 944 2615 Gebhardi
965 2562 1022 2615 aut
1044 2555 1125 2612 meis
1157 2553 1254 2613 libris
1287 2555 1356 2613 lere

198 2644 276 2698 sunt
297 2636 467 2697 collectae.

278 2717 445 2780 Ultimum
471 2717 582 2779 locum
609 2728 721 2781 tenent
743 2718 1009 2796 Emendationes,
1037 2739 1117 2802 quas
1138 2738 1213 2781 mco
1235 2727 1356 2804 rogatu

197 2801 345 2862 scribere
366 2800 520 2886 diguatus
541 2812 590 2863 est
611 2802 705 2864 Rich.
728 2802 907 2866 Bentleius.
952 2802 1009 2862 llli
1030 2813 1209 2887 propterea
1231 2805 1355 2888 gratias

197 2904 295 2965 quam
317 2886 475 2944 maximas
495 2882 602 2946 habeo
623 2896 721 2967 atque
742 2905 819 2971 ago,
842 2904 903 2946 nec
924 2882 1049 2969 dispari
1071 2887 1182 2945 animo
1205 2894 1304 2944 erunt
1315 2885 1353 2960 ii,

196 2969 256 3049 qui
277 2986 336 3028 suo
359 2986 507 3049 quaeque
528 2969 637 3051 pretio
664 2967 774 3029 solent
798 2970 983 3029 aestimare.
1039 2965 1250 3050 Quantopere
1271 2985 1354 3028 vero

196 3048 281 3110 mihi
302 3049 465 3135 placeant,
498 3051 617 3111 melius
638 3050 791 3113 indicare
813 3069 951 3132 nequeo,
985 3051 1133 3132 quamsi
1156 3058 1268 3125 tester,
1303 3068 1357 3109 eas

196 3130 344 3196 Auctore
366 3153 426 3195 suo
449 3131 564 3218 dignas
595 3131 721 3194 videri:
753 3133 865 3194 Huius
894 3135 983 3193 euim
1005 3153 1167 3193 summam
1190 3130 1354 3193 eruditio-

196 3235 272 3277 nem
305 3236 343 3278 ac
365 3220 489 3278 mirum
517 3236 655 3277 acumen
686 3216 921 3277 exosculantur
954 3235 1078 3294 omnes,
1111 3217 1169 3298 qui
1192 3236 1258 3276 non
1280 3225 1357 3275 sunt

195 3309 254 3361 aut
273 3297 381 3362 invidi
402 3309 460 3361 aut
480 3299 521 3360 ab
542 3298 633 3360 hisce
655 3299 777 3361 litteris
798 3299 901 3362 alieni
922 3296 983 3375 **).

266 3432 291 3499 *)
310 3433 366 3487 Hic
384 3436 560 3487 tenninatnr
575 3435 716 3505 praefatio
733 3434 788 3487 Ed.
808 3443 876 3488 tert.
914 3436 949 3488 In
967 3432 1089 3487 secunda
1106 3440 1202 3485 autem
1220 3432 1291 3483 haec
1311 3431 1358 3483 ad-

178 3503 318 3557 ·duntur:
338 3506 446 3568 „Fieri
463 3514 568 3577 potest,
586 3514 620 3557 ut
637 3505 764 3571 mireris,
785 3506 861 3575 quod
879 3505 910 3556 in
927 3504 1008 3556 hisce
1027 3504 1101 3556 notis
1119 3504 1224 3573 passim
1242 3502 1357 3554 dicatur

194 3575 263 3640 „sic
281 3576 367 3642 vulgo
384 3577 412 3629 le
434 3577 454 3640 i,
468 3595 541 3639 ,cum
559 3584 656 3629 tamen
674 3575 755 3629 nulla
772 3575 940 3628 mutationis
962 3574 1075 3626 reddita
1100 3575 1138 3626 sit
1163 3574 1246 3625 ratio.
1283 3573 1356 3625 Rem

195 3647 316 3721 „igitur
342 3648 383 3698 sic
450 3646 494 3699 be.
536 3648 606 3699 Meis
633 3647 709 3700 notis
736 3647 866 3699 omnibus
883 3645 983 3716 praelo
1006 3645 1123 3715 paratis,
1157 3644 1355 3696 recensionem

194 3720 309 3784 „susim
329 3736 413 3786 φιαιη
431 3718 605 3788 plerumque
624 3733 737 3787 sequor,
757 3716 831 3768 mihi
849 3717 880 3767 in
899 3733 998 3768 manus
1016 3715 1138 3768 tradidit
1148 3715 1354 3768 celeberrimus

194 3788 304 3854 „llicit
328 3789 493 3854 Bentleius3
519 3806 674 3858 secumque
692 3787 793 3839 statuit
817 3788 850 3837 in
872 3787 1164 3840 animadversionibus
1191 3786 1261 3838 huic
1279 3786 1355 3838 libro

193 3860 409 3935 „adiungendis
428 3859 586 3923 ostendere,
606 3858 708 3929 quibus
727 3857 920 3912 fundamentis
947 3859 1031 3910 nixae
1059 3859 1117 3910 sint
1143 3857 1356 3911 emendationes

194 3949 295 3996 „suae
334 3931 388 3984 Sed
407 3947 474 3983 cum
492 3930 703 3983 eruditissimus
728 3929 781 3983 ille
807 3929 855 3982 vir
873 3929 975 3983 multis
993 3930 1119 4005 negotiis
1145 3928 1214 3983 adeo
1243 3929 1280 3980 sit
1306 3929 1360 3978 im-

195 4002 344 4085 ‚,peditus,
375 4010 409 4053 ut
428 4001 574 4071 promissis
593 4009 667 4054 stare
687 4016 744 4053 non
764 4001 873 4125 possit,
897 4001 952 4054 isto
971 4001 1105 4054 thesauro
1129 4018 1224 4055 careas
1243 4006 1358 4068 oportet

195 4072 500 4142 „impraesentiarum
538 4073 583 4124 Ne
606 4080 703 4124 tamen
726 4072 764 4124 du
784 4073 847 4139 ites,
881 4073 951 4142 quin
979 4073 1066 4125 fidem
1092 4072 1185 4124 datam
1210 4070 1356 4122 cumulate

195 4144 258 4208 „sit
277 4143 463 4208 liberaturus3
482 4151 635 4214 postquam
653 4143 762 4197 labores
780 4143 916 4209 literarii,
936 4145 1039 4214 quibus
1057 4143 1222 4205 distinetur,
1242 4141 1269 4192 ei
1288 4157 1357 4193 con-

195 4224 342 4268 cessemus
361 4213 483 4267 otium.“

264 4284 304 4351 ⁶⁸)
323 4286 532 4340 Praelationem
551 4287 625 4342 Edit.
646 4293 710 4341 tert.
732 4287 882 4358 excipiunt
900 4286 1064 4341 testimonia
1087 4283 1122 4338 de
1140 4287 1211 4337 lllsto
1230 4283 1329 4356 Regio.

649 4441 899 4452 o--u--v--a--n
