2828 5070
558 297 687 364 LIBER
707 297 750 374 11,
776 298 828 365 22·
1208 295 1274 370 tto

119 469 245 530 luntatc
266 463 365 529 vivus
386 464 576 527 combustus
598 473 657 528 est.
701 463 784 543 Nos,
805 464 834 526 si
853 480 910 545 pas
927 462 1109 543 condoluit,
1132 462 1271 546 sidens,

120 580 163 597 -—
191 547 248 610 scd
276 551 328 610 fac
363 557 472 609 totum
503 545 617 609 dolare
647 566 782 630 corpus,
803 579 845 593 —
871 548 961 610 ferra
988 566 1055 608 nou
1086 566 1270 630 possumus.
1311 550 1320 557 “

121 734 275 786 necessitas
293 749 353 785 uon
373 738 500 802 apparat.
538 730 621 784 Infra
644 733 689 794 tt,
708 731 756 786 65:
785 730 901 783 tartari
926 730 1037 799 puidam
1061 737 1087 783 ct
1104 728 1273 784 immanes.“

121 803 268 857 Sos-ibitur
291 805 429 856 cottanae
453 807 484 857 in
507 820 565 856 uno
584 804 633 855 Ox.
654 803 742 856 Marb.
767 802 853 854 Bern.
880 800 907 863 (a
925 805 949 857 2.
971 801 1038 865 m.);
1067 800 1223 855 collaudas
1241 803 1272 856 in

121 875 207 928 Vind.
227 877 259 939 23
279 875 411 937 eatenus,
431 892 584 944 operarum
605 891 713 939 errore,
733 875 764 925 in
782 871 834 925 Ed
854 872 924 924 Eru
943 870 1032 925 llchd.
1054 873 1165 923 omittit
1175 874 1273 937 tusus,

123 944 198 1002 Gud.
217 949 242 1001 t.
262 945 350 998 verba
368 947 494 998 indoctus
518 963 551 998 ac
569 947 711 1012 barbarus.
739 945 823 999 Viud.
844 948 867 999 l.
896 944 982 997 hahet
1003 943 1122 996 Caucasi
1145 946 1275 998 montis

122 1026 212 1072 satus.
251 1016 295 1069 Ad
318 1032 423 1069 nomen
441 1019 558 1070 Caucasi
584 1027 664 1072 recta
687 1025 785 1071 monet
807 1016 875 1068 Bill.
901 1014 1045 1068 latissimo
1073 1014 1103 1065 id
1121 1031 1207 1068 sensu
1223 1012 1275 1068 his

122 1089 268 1157 usurpari.
302 1088 400 1161 Pergit
419 1105 493 1140 unus
513 1089 564 1140 Ox.
584 1105 635 1141 sua
653 1093 839 1157 voluptate
857 1103 910 1158 pro
930 1103 952 1138 a.
973 1088 1145 1138 voluntate:
1166 1085 1201 1138 dc
1220 1103 1276 1155 qua

124 1160 298 1212 confusions
317 1159 418 1210 monui
437 1160 471 1212 ad
491 1158 550 1212 Cic.
571 1159 606 1214 dc
624 1160 693 1231 Περ.
713 1161 735 1213 1.
756 1163 781 1215 2
802 1177 831 1228 p.
853 1162 893 1213 13.
919 1158 982 1211 add.
1002 1155 1138 1209 Ochsncr.
1159 1157 1194 1209 ad
1213 1156 1274 1213 Cic.

123 1230 248 1306 Eclogg.
268 1248 296 1298 p.
316 1231 378 1283 244-
400 1229 442 1282 cd.
462 1234 488 1285 3.
527 1231 607 1284 Idam
627 1230 723 1284 Codax
743 1231 793 1284 Ox.
818 1228 907 1282 habet
934 1229 1024 1282 doluit
1049 1242 1103 1297 pro
1127 1229 1276 1292 condoluit,

124 1297 1277 1426 utut⁰um‘53tut1uuuultu?„existuittat

125 1446 200 1497 tatus
219 1446 245 1496 es'
265 1443 368 1494 dicenti
386 1444 579 1497 condoluisse
598 1476 630 1486 -
650 1446 842 1498 asedieoamus:
869 1460 961 1511 ncquc
979 1458 1078 1511 passus
1097 1448 1172 1494 assat
1190 1439 1276 1492 Masi·

124 1514 230 1566 nissam
259 1513 488 1580 collacrimare,
521 1515 598 1586 quod
620 1514 726 1568 iccissa
757 1520 894 1566 narratur
924 1513 956 1564 in
982 1511 1129 1582 principio
1163 1509 1277 1564 Somnii

125 1584 279 1655 Scipionis.
318 1584 378 1637 Mr.
604 1600 607 1606 ·

199 1674 285 1727 Vicus
303 1675 468 1727 combustus
488 1671 545 1738 est]
572 1671 683 1726 Elisus.
703 1689 760 1726 soc.
779 1671 859 1725 mous
882 1670 1011 1742 sepultus
1029 1679 1086 1735 est;
1141 1687 1193 1724 uss
1211 1669 1278 1740 qui·

125 1745 191 1799 dem
210 1746 358 1814 scriptura
377 1744 499 1800 reiicula
519 1751 561 1796 est
578 1742 717 1807 habenda,
747 1760 813 1794 cum
832 1742 867 1795 dc
888 1741 1100 1796 vivicomburio
1120 1688 1278 1817 {ermanus

126 1817 165 1869 sit
190 1814 348 1867 ductorum
379 1819 543 1869 consentus.
581 1813 652 1865 Vide
675 1812 862 1867 Plutarchum
886 1814 918 1866 in
944 1812 1026 1867 Alex.
1054 1811 1135 1865 Tum.
1156 1809 1179 1864 1.
1209 1830 1244 1881 pa
1269 1848 1276 1862 .

126 1889 186 1941 703.
211 1885 365 1939 Aelianum
395 1889 428 1937 V.
456 1886 491 1939 H.
520 1884 569 1936 lib.
594 1885 627 1933 V.
662 1879 724 1954 cap.
744 1887 769 1939 d.
807 1884 967 1937 Lucianum
993 1882 1069 1949 Parc⁴
1085 1899 1110 1933 r.
1136 1881 1218 1934 Tom.
1270 1918 1276 1933 .

126 1974 191 2031 pag.
212 1957 273 2010 576.
294 1956 463 2010 Strabonem
481 1955 533 2008 lib.
553 1954 611 2006 XV.
630 1973 658 2025 p.
680 1958 756 2010 1045.
776 1955 904 2024 aliosque
922 1954 994 2008 banc
1012 1900 1132 2006 inuitos.
1168 1953 1204 2006 D.

197 2027 247 2078 sed
273 2028 321 2092 fac
345 2035 430 2080 totum
457 2027 552 2080 dolere
577 2025 695 2094 corpus]
727 2026 885 2091 „Enormis
905 2033 948 2078 ast
972 2025 1125 2077 diversitas
1145 2039 1198 2076 sac.
1218 2020 1277 2075 Pal.

127 2094 155 2221 g
167 2102 280 2220 lwtdedm
304 2099 401 2153 dolore
424 2114 533 2167 corpus.
582 2096 674 2149 Vatic.
701 2098 751 2150 sed
775 2099 821 2163 fac
846 2104 932 2151 totum
950 2110 1056 2166 corpus
1085 2090 1281 2170 elegantius.“

153 2184 167 2218 e
221 2184 236 2217 r
258 2204 265 2219 .

200 2238 235 2290 Si
259 2245 360 2292 tactum
387 2241 484 2293 dolore
507 2237 627 2308 corpus]
664 2237 771 2314 Vulgo,
804 2239 854 2290 sed
876 2238 923 2305 tac
949 2242 1033 2289 totum
1057 2235 1150 2290 dolere
1168 2249 1277 2304 corpus.

128 2305 275 2362 Pithosan.
296 2312 347 2363 sed
368 2312 505 2376 factorum
526 2310 622 2364 dolore
640 2325 746 2378 corpus.
783 2307 821 2362 At
840 2308 897 2365 Pal.
919 2322 975 2363 sec.
1002 2306 1167 2372 lectionem,
1194 2321 1281 2375 quam

128 2379 238 2437 damus,
263 2379 389 2434 exhibet.
427 2381 463 2432 D.
1265 2416 1277 2437 .

200 2448 235 2502 st
254 2456 354 2502 tactum
373 2452 470 2504 dolore
489 2450 610 2518 corpas]
644 2448 693 2503 Sic
712 2467 726 2503 a
744 2447 821 2504 MSS.
843 2447 1011 2517 quibusdam
1031 2445 1078 2514 [ex
1095 2463 1163 2513 uno,
1183 2445 1281 2500 dicen·

129 2517 198 2570 dum
222 2519 291 2583 fuit]
318 2520 409 2574 edidit
435 2520 507 2574 Dav.
532 2522 614 2578 bana.
659 2519 809 2574 consentit
831 2520 888 2575 MS.
925 2518 1022 2573 Guelf.
1048 2519 1208 2595 Vulgatum
1235 2519 1282 2586 fat

129 2594 217 2641 totum
238 2590 335 2643 dolore
354 2589 421 2655 [scr.
442 2592 547 2658 dolere]
567 2608 676 2660 corpus,
701 2609 759 2644 non
778 2600 876 2662 aptum
896 2591 1127 2651 cumulantius,
1156 2605 1228 2660 quaa
1246 2587 1282 2643 ad

129 2657 225 2721 lovem
245 2661 375 2714 dolosam
393 2665 531 2732 pertinet.
550 2666 619 2717 Em.
656 2659 765 2714 Eadem
784 2663 869 2732 plane
888 2663 945 2715 fuit
965 2661 1107 2715 sententia
1121 2657 1281 2714 Bouhicrii.

129 2724 259 2783 Wolfius
280 2748 391 2802 quoquc
411 2735 442 2785 iu
461 2733 568 2789 scholis
588 2737 717 2803 inoptam
738 2733 811 2786 dicit
830 2730 989 2808 vulgatam:
1016 2729 1119 2804 probat
1138 2734 1208 2785 item
1226 2726 1283 2784 Da·

129 2799 199 2882 visii
224 2800 379 2856 lectionem
407 2804 570 2862 Kiihnaros.
615 2804 680 2878 Ego
707 2821 786 2870 vero,
816 2821 848 2856 rs
873 2804 1034 2858 accuratius
1053 2802 1222 2872 ponderata,
1247 2798 1284 2857 ad

131 2877 310 2937 optimorum
339 2890 496 2945 eorumque
522 2876 787 2930 vetustissimorum
813 2874 956 2930 librorum
980 2873 1137 2929 lectionem
1160 2870 1283 2929 rodonn-

131 2939 199 2991 dum
228 2943 337 3024 censui,
368 2945 405 2996 iis
430 2947 613 3015 potissimum
644 2946 804 3001 rationibus
831 2955 991 3017 permotus,
1022 2965 1091 3017 quas
1115 2946 1151 3002 ad
1170 2943 1283 3003 scholas

129 3009 235 3064 Wolfis
255 3013 294 3064 ita
315 3017 449 3082 exposuit
463 3015 598 3077 Orellins,
617 3017 665 3068 vir
683 3017 765 3071 nobis
784 3019 992 3072 amicissimus:
1012 3016 1099 3081 „Non
1119 3019 1182 3072 sins
1200 3032 1284 3077 causa

131 3080 263 3134 defendit
286 3083 421 3138 Rciskius
446 3087 521 3140 hanc
547 3087 635 3159 Qodd.
664 3088 735 3162 fleg.
760 3088 858 3142 Duisb.
890 3090 964 3145 Gud.
991 3087 1070 3153 [adsi.
1092 3089 1165 3143 Oxx.
1194 3088 1282 3143 Μηνὶ).

131 3150 204 3202 Gud.
226 3156 251 3205 1.
273 3155 457 3222 (quamquam
485 3158 516 3210 in
539 3157 596 3210 hoc
623 3159 734 3233 legitur·
752 3161 802 3214 sed
818 3160 895 3223 sacto
914 3167 973 3213 tum
990 3160 1088 3213 dolore
1105 3160 1142 3224 c.)
1162 3158 1235 3214 Gud.
1255 3161 1283 3218 Ἰ.

130 3222 206 3272 Mon.
234 3226 257 3275 l.
283 3225 307 3278 2.
333 3224 416 3276 Viud.
442 3228 486 3292 2]
514 3228 680 3283 lectionem.
723 3229 872 3284 Sententia
899 3238 955 3284 ests
992 3248 1096 3284 wsnn
1123 3249 1190 3285 uns
1222 3229 1284 3291 ain

132 3289 234 3353 Fusa,
254 3309 315 3344 eun
336 3294 436 3347 Zahn
455 3296 657 3362 schmcrzt,
676 3315 714 3351 so
736 3299 881 3354 kb'nncn
899 3299 968 3353 wir
986 3319 1021 3354 ss
1040 3288 1152 3354 nicht
1170 3309 1284 3355 artua·
1344 3304 1346 3314 '

132 3362 1285 3499 uelutillut⁰lustru?usualusumsftt:

132 3501 323 3574 languerent:
353 3505 383 3556 in
411 3456 580 3561 Paregnthesi
606 3510 714 3582 vigenti
756 3512 887 3564 Partibus
915 3513 1045 3582 corporis
1072 3458 1284 3582 opponiIdsbst

131 3577 226 3655 totum
248 3589 361 3657 corpus,
379 3583 412 3627 ut
431 3577 482 3630 111.
503 3577 525 3643 d.
545 3581 598 3634 82:
627 3587 657 3632 at
674 3579 777 3634 medici
801 3589 857 3636 toto
875 3598 989 3649 corpore
1007 3582 1284 3637 curandomtm‘mtte

133 3649 216 3694 ettam
231 3649 487 3710 parts-medentur.
527 3648 599 3714 Quid
626 3658 721 3704 autem
749 3651 868 3706 differre
894 3652 1022 3706 dicamus
1040 3653 1162 3708 verbum
1182 3653 1284 3708 condo·

133 3711 189 3792 tuit
214 3722 242 3765 st
267 3720 368 3769 tactum
393 3719 506 3772 dolore?
541 3722 642 3791 Neque
674 3727 766 3775 tactus
794 3723 969 3794 simpliciter
998 3724 1110 3777 dictum
1138 3724 1284 3800 significat

134 3781 232 3864 leuster
263 3792 360 3838 tactus.
408 3789 555 3860 despicias
582 3793 667 3845 modo
698 3793 856 3847 scrinulum
885 3793 1002 3859 fulnsiue
1030 3800 1131 3847 tuctus.
1178 3794 1283 3849 Omnes

132 3849 220 3936 husus
238 3853 296 3907 loci
315 3860 526 3928 corruptiones,
546 3863 636 3914 mima
655 3865 781 3932 quidem,
809 3870 887 3917 ortas
905 3865 1043 3916 videntur
1070 3882 1106 3918 ox
1124 3865 1284 3936 scriptione

132 3928 249 4005 antiqua
274 3931 316 3977 set
335 3944 389 3995 pro
408 3931 472 3982 sed:
507 3939 541 3983 ut
569 3940 611 3985 ast
636 3934 666 3985 iu
685 3933 759 3987 Gud.
787 3942 816 3988 et
838 3934 936 3987 Duisb.
974 3933 1058 3986 vind.
1079 3940 1104 3991 1.
1129 3932 1228 3989 habat:
1255 3934 1285 3991 ti

133 3993 202 4044 dens
221 4009 247 4045 ss
266 3996 344 4059 tour,
365 4013 398 4049 ac
416 4001 444 4053 εἰ
460 4009 561 4053 tactum
580 4019 682 4070 corpus
700 4006 803 4069 dolore,
823 4005 912 4059 Rchd.
933 4005 961 4058 εἰ
977 4012 1078 4058 tactum
1098 4005 1203 4061 doleret
1221 4001 1284 4060 cosn-

130 4080 199 4132 put:
226 4064 308 4128 [Vsu.
328 4066 386 4119 Alt.
407 4071 436 4122 in
455 4090 546 4148 marg.
568 4073 596 4125 si
612 4075 732 4137 fractum
751 4085 835 4132 totum
859 4078 954 4129 dolore
973 4092 1086 4143 corpas:
1113 4075 1189 4130 s'olus
1207 4075 1252 4130 nu
1274 4118 1283 4134 .

131 4150 198 4186 cum
217 4137 275 4189 Pal.
297 4139 421 4194 secundo
439 4144 510 4196 tacit
529 4151 558 4195 ct
576 4161 641 4197 cum
661 4148 758 4201 Guelf.
780 4155 904 4218 suntque
922 4146 954 4200 hi
973 4148 1181 4203 recentissimi:
1207 4094 1281 4202 Eud.
1337 4151 1339 4155 ’

133 4212 200 4258 ante
218 4207 287 4291 liar.
315 4225 425 4275 omnes,
454 4221 483 4267 ct
510 4222 576 4283 post
611 4234 677 4272 cum
703 4218 777 4278 Lali.
811 4219 884 4273 oliv.
908 4219 993 4273 Verb.
1019 4219 1079 4273 Alt.
1107 4219 1139 4272 in
1163 4218 1216 4273 vul
1237 4224 1284 4272 ata

133 4278 465 4416 tttzttdimlttt
489 4286 864 4425 liffidtlttttt
883 4289 1286 4427 iiiitiii³¹³5¹⁰⁰imsluii

133 4411 222 4467 Codd.
241 4418 303 4472 fars
331 4438 439 4490 omncs,
467 4396 677 4501 sxtsasqusm
703 4432 792 4488 ulmis
817 4433 881 4488 tara
903 4378 1231 4505 psrsptsiffiixssis,
1255 4427 1284 4484 tt
