2828 5070
199 275 264 341 κισ
400 270 629 340 ctcuuoms
650 239 896 342 rosunum.
918 276 1149 344 nuruum.

122 456 125 462 “
199 441 266 506 (liis
286 448 420 526 raptum
438 439 487 504 ait
507 443 649 524 proptor
667 443 820 519 formam,
839 452 879 505 ut
893 441 968 504 iovi
986 442 1103 505 bibere
1123 445 1358 511 ministrarets

197 545 268 588 non
287 527 376 597 insta
396 543 505 604 causa,
527 543 588 585 cur
607 522 830 589 Laomedonti
856 533 950 587 tanta
975 526 1073 589 fieret
1091 528 1228 594 iniuria
1273 531 1357 591 Fin-

196 720 271 787 loco,
289 719 380 773 addit:
411 716 590 789 „Xenophon
613 717 645 768 in
669 716 810 770 Convivio
837 715 925 782 [vul.
944 717 1002 784 att]
1027 718 1069 769 ait
1096 716 1297 785 Ganymedem
1317 716 1352 770 ia

198 793 264 845 deos
282 808 332 845 rec
367 799 432 842 tum
457 806 516 842 uon
538 789 676 858 corporis,
709 787 758 840 sed
775 788 865 839 animi
882 789 987 860 gratis:
1018 788 1105 856 idque
1123 788 1248 840 nominis
1266 797 1352 841 nota·

197 864 277 916 tione
301 879 355 934 pro
389 870 411 926 t,
436 859 511 929 quod
534 859 696 925 Γανυμήδης
726 857 840 910 dicatur
862 860 938 926 nupsi
966 859 1016 911 τοῦ
1038 858 1174 924 γάνυσθαι
1196 857 1352 925 nn'dsuss.“

196 934 261 986 Post
278 933 334 987 boc
353 930 528 1001 Ganymedis
545 946 651 982 nomen
669 930 808 981 scribitur
824 929 859 980 ub
877 929 923 981 ds's
947 929 978 980 in
996 929 1081 981 Codd.
1102 929 1175 981 Gud.
1196 933 1220 982 l.
1245 928 1347 981 Duiab.

197 1011 227 1058 et
245 1005 286 1057 sic
305 1003 383 1056 dedit
401 1002 469 1054 Dav.
490 1001 551 1052 sine
569 999 654 1051 dubio
679 1017 714 1050 ex
738 999 804 1052 Cod
823 1001 864 1052 lle
887 1036 905 1063 .,
924 1001 958 1051 ab
976 999 1036 1051 diis
1063 1001 1092 1050 in
1112 998 1197 1052 Codd.
1223 999 1297 1051 Gud.
1317 1001 1346 1054 2

195 1076 271 1128 Mon
291 1077 318 1131 2.
336 1072 425 1127 Rebd.
445 1070 515 1125 Edd.
537 1070 565 1123 S.
585 1071 619 1122 E.
657 1071 697 1121 Et
715 1069 761 1121 his
786 1086 840 1142 ego
899 1070 955 1133 dd,
983 1088 1048 1121 cum
1066 1071 1123 1121 sint
1141 1069 1346 1138 antiquissimi,

195 1144 344 1199 obsecutus
369 1160 440 1194 sum.
487 1141 529 1194 De
560 1141 718 1210 scriptione
745 1141 780 1192 ab
808 1148 873 1192 ante
900 1141 999 1193 literas
1028 1156 1162 1192 consonas
1198 1140 1256 1191 iam
1283 1141 1344 1194 rid.

195 1216 301 1268 Hmdii
319 1211 517 1266 Tursellinum
535 1213 557 1264 1.
576 1230 604 1282 p.
625 1214 641 1266 ὅ
660 1230 701 1281 sq.
730 1209 791 1276 [ubi
829 1229 959 1281 erperam
976 1211 1110 1263 laudatur
1127 1210 1273 1262 Guntheri
1291 1212 1347 1264 La·

195 1288 275 1340 tinit.
294 1285 394 1339 uestit.
414 1287 443 1337 P.
463 1285 486 1339 1.
506 1299 572 1335 cum
590 1283 627 1334 sit
646 1283 674 1334 P.
695 1281 752 1347 lL]
779 1229 851 1333 add.
878 1298 980 1334 novam
1002 1281 1056 1336 Ed.
1083 1281 1244 1333 Porcellini
1271 1281 1347 1334 Ger·

195 1358 338 1409 manicam
362 1373 391 1406 v.
411 1354 448 1407 Α.
467 1354 635 1408 Ciceronem
658 1361 754 1405 autem
781 1354 868 1404 etiam
890 1354 926 1405 ab
949 1353 1008 1404 dis's
1025 1352 1140 1413 dixisse,
1167 1352 1250 1404 docet
1269 1351 1347 1405 Goe-

194 1445 274 1482 renz.
294 1427 329 1478 sd
347 1425 405 1478 Cic.
425 1425 459 1477 de
479 1424 563 1475 Pinn.
582 1424 615 1473 V.
638 1426 662 1476 l.
683 1426 707 1477 l.
737 1424 783 1475 Ex
801 1423 884 1474 Livio
902 1424 1015 1493 profert
1034 1421 1345 1492 exemplaGuntberus

193 1498 214 1548 1.
235 1514 259 1548 c.
279 1515 306 1566 p.
326 1499 352 1550 4.
389 1495 424 1548 Iu
443 1494 509 1547 Cod
528 1491 612 1544 Vind.
633 1496 658 1546 l.
683 1494 824 1564 scriptum
849 1502 904 1548 est:
938 1500 1048 1562 raptum
1074 1492 1119 1545 ait
1146 1507 1165 1544 a
1188 1492 1247 1545 diis
1269 1508 1343 1547 esse.

193 1564 274 1622 Unus
292 1568 342 1621 Ox.
363 1565 473 1618 omittit
496 1563 548 1617 as't.
586 1563 646 1616 Mr.

266 1636 304 1692 Ut
321 1635 384 1690 Iovi
400 1635 498 1688 bibere
520 1633 717 1701 ministraret]
749 1633 785 1687 lu
802 1632 993 1686 anterioribus
1015 1631 1099 1685 editis
1117 1631 1268 1707 legebatur
1289 1649 1360 1701 pov

193 1708 259 1763 cula
275 1708 472 1761 ministraret:
491 1705 611 1759 alteram
629 1721 699 1757 vero
716 1706 890 1774 scripturam
910 1703 1169 1756 lanusGebbardus
1187 1720 1223 1757 ex
1241 1704 1345 1758 decem

192 1779 343 1835 codicibus
360 1779 480 1849 recepit,
548 1776 610 1828 ibus
633 1776 772 1828 accedunt
797 1784 863 1826 octo
888 1773 989 1826 nostri.
1025 1775 1064 1826 Et
1088 1775 1194 1827 merito
1211 1775 1342 1843 quidem.

192 1851 310 1907 Servius
328 1851 361 1902 in
378 1850 448 1903 Aen.
467 1848 493 1914 1,
528 1849 555 1901 1.
591 1845 709 1907 Remota
731 1845 806 1898 Hebe
830 1844 892 1910 fitia
918 1844 1043 1907 Iunonis,
1067 1845 1220 1912 praetori
1242 1845 1343 1900 bibere

191 1921 379 1978 ministrabat.
416 1920 488 1972 Vide
513 1919 655 1971 Donatum
679 1916 714 1970 sd
740 1916 874 1969 Terentii
900 1914 990 1967 Andr.
1017 1914 1081 1966 Act.
1108 1917 1160 1967 111.
1187 1915 1233 1969 Sc.
1254 1916 1293 1980 11,
1313 1920 1341 1972 1.

190 1993 360 2063 Antiquitus
385 1989 440 2043 bac
465 1990 497 2040 iu
523 2005 556 2041 re
580 1987 661 2040 biber
683 1986 865 2056 usurpabant,
891 1994 925 2038 ut
952 1985 1077 2039 ostendit
1096 1985 1242 2039 Charisius
1267 1987 1342 2040 lust.

191 2065 291 2119 Gram.
311 2062 362 2113 lib.
381 2061 404 2114 1.
426 2058 482 2112 col.
501 2061 545 2114 99.
581 2058 618 2112 D.

260 2140 292 2187 sst
314 2132 376 2185 Iovi
398 2129 493 2182 bibere
518 2125 711 2192 ministraret]
747 2125 814 2180 Cod.
840 2127 917 2179 Mon.
946 2129 970 2181 l.
998 2129 1048 2179 ast
1074 2142 1128 2196 pro
1151 2134 1192 2180 nt.
1222 2127 1276 2180 Ed.
1303 2128 1338 2182 A.

191 2204 302 2260 omittit
320 2209 359 2256 nt.
379 2202 448 2254 Dav.
468 2201 499 2253 in
521 2199 574 2252 Ed.
596 2205 620 2254 1.
650 2197 797 2250 addiderat
820 2214 854 2250 ex
879 2197 988 2249 Lucilii
1015 2197 1072 2250 Sat.
1097 2198 1172 2250 libro
1196 2199 1244 2251 Vl.
1272 2200 1341 2253 date

190 2277 284 2332 bibere
301 2275 335 2328 ab
354 2287 458 2326 summo
478 2270 562 2337 [vera
582 2271 626 2324 10.
644 2286 673 2340 p.
695 2270 754 2323 198.
779 2267 833 2320 Ed.
852 2267 914 2337 Bip.
942 2268 978 2321 ad
1001 2267 1110 2319 calcem
1136 2270 1281 2322 iuvenalis
1309 2280 1341 2324 et

190 2347 312 2414 Persii.].
342 2344 420 2410 Quod
442 2358 513 2395 vero
538 2342 579 2394 ait
600 2340 670 2392 Dav.
695 2338 856 2408 antiquitus
873 2341 996 2390 formam
1019 2338 1097 2390 biber
1114 2340 1201 2393 fuisse
1218 2357 1341 2411 usurpa·

189 2426 259 2484 tam,
286 2417 420 2470 admonet
446 2415 555 2472 tonnae
579 2418 625 2464 sta
651 2410 749 2463 berder
774 2425 828 2479 pro
851 2408 962 2473 feruere
989 2408 1021 2459 in
1045 2411 1172 2463 carmine
1197 2411 1339 2464 Pratmm

189 2488 341 2544 Arvalium
366 2483 440 2539 aud
458 2483 600 2538 Orellium
625 2481 656 2533 in
680 2480 829 2550 Inscriptt.
847 2480 985 2536 Romanu.
1004 2479 1038 2532 Τ.
1059 2480 1081 2532 1.
1109 2499 1137 2550 p.
1158 2485 1218 2537 391.
1256 2481 1339 2546 Quod

188 2576 259 2614 voro
281 2566 345 2629 post
399 2554 463 2608 ebh.
496 2561 669 2624 receperunt
694 2551 797 2615 bibere,
830 2565 884 2620 pro
918 2549 1011 2625 glossa
1043 2551 1152 2617 pocula,
1184 2562 1338 2620 sequentes

189 2645 295 2692 omncs,
322 2626 428 2679 habent
447 2624 543 2688 Codd.,
571 2631 687 2693 praeter
713 2621 798 2673 Vind.
819 2625 854 2684 1.‚
882 2636 989 2685 omnes,
1014 2620 1184 2676 Oxonienses
1210 2638 1337 2692 quoque,

189 2699 323 2767 idemque
341 2713 400 2749 esse
425 2694 458 2747 in
476 2694 650 2764 Gryphiano
671 2693 728 2744 iam
745 2693 859 2744 Brutus·
873 2691 1036 2744 adnotavit:
1065 2709 1117 2746 nec
1141 2702 1237 2745 tamen
1256 2695 1339 2762 quis·

246 2787 274 2820 m
293 2768 424 2837 recipere
441 2782 523 2816 ausus
546 2772 588 2817 est
613 2771 678 2815 ante
698 2763 864 2816 Gruterum.
902 2762 985 2814 Locis
1008 2780 1092 2831 supra
1119 2762 1240 2816 laudatis
1262 2765 1336 2820 adde

215 2838 376 2892 cratisnum
394 2835 471 2887 illud
488 2836 541 2904 Ep.
562 2835 584 2887 1.
606 2838 647 2890 16.
667 2837 714 2888 6οε
733 2830 849 2899 pulchra
867 2829 994 2886 Lauerna
1019 2832 1062 2885 da
1085 2831 1155 2886 nss'is‘
1177 2834 1335 2902 fallere,

187 2911 231 2964 da
249 2909 352 2961 iustum
369 2912 548 2975 sanctumque
566 2903 700 2957 videri.
732 2905 786 2956 Pro
804 2904 980 2957 ministraret
999 2905 1049 2973 qui
1069 2905 1220 2958 exhibeant
1238 2906 1336 2960 admi·

186 2982 322 3036 nistraret
345 2996 429 3049 supra
455 2977 515 3030 dixi
542 2975 577 3029 ad
602 2992 630 3027 v.
654 2974 868 3027 ministrantem
906 2975 986 3028 Unus
1005 2976 1054 3027 Ox.
1074 2974 1158 3028 habet
1181 2976 1332 3032 ministret.

186 3053 247 3108 Iam
266 3051 341 3105 cont.
362 3050 449 3103 etiam
467 3046 653 3101 Lindemann.
680 3045 715 3098 ad
731 3044 863 3097 Arusiau.
898 3047 1021 3098 Messum
1046 3045 1077 3097 in
1096 3045 1179 3115 Corp.
1201 3047 1331 3102 Graium.
1355 3081 1360 3090 -

184 3125 246 3178 Lat.
268 3123 290 3176 1.
319 3140 346 3192 p.
367 3123 427 3176 217.
455 3121 522 3172 Not.
542 3121 585 3174 36.
613 3115 662 3168 ubi
685 3114 818 3167 laudatur
843 3133 878 3168 ex
904 3115 970 3169 Cod.
995 3116 1068 3169 Gud.
1097 3122 1128 3168 st
1150 3117 1213 3169 loos'
1235 3118 1332 3172 bibere

182 3194 367 3248 ministraret.
395 3188 542 3244 Poertscln
567 3188 602 3241 sd
624 3187 717 3240 Vossii
741 3185 899 3239 Aristarch.
919 3188 943 3239 1.
970 3185 1015 3251 (de
1033 3187 1104 3239 Arte
1128 3187 1255 3241 Gramm.
1276 3191 1329 3242 111.

182 3266 240 3332 ²⁶³
253 3258 708 3393 edessanis-tet
724 3260 853 3393 tm·
879 3256 1329 3398 :m⁰·,f.sm.2:..tt...

181 3406 376 3461 scribendum:
397 3404 444 3456 sed
456 3402 512 3454 tuit
524 3399 670 3455 Ciceronis
687 3399 859 3465 μνημονικὸν
876 3394 1053 3468 ἂμάρτημα.“
1073 3399 1205 3453 Ursinus.
1233 3399 1328 3466 „Lao-

180 3479 280 3530 medon
300 3493 356 3529 non
375 3471 550 3542 Ganymedis
568 3471 626 3522 tuit
644 3477 734 3539 pater,
753 3470 801 3522 sed
822 3470 901 3534 Tros,
920 3480 954 3522 ut
972 3472 1112 3523 Homerus
1130 3471 1162 3522 in
1180 3472 1239 3522 XX.
1259 3472 1329 3524 llis·

181 3547 239 3601 dos.
259 3546 346 3612 „ideo
364 3553 460 3597 autem
477 3542 653 3594 mentionem
671 3541 742 3592 iacit
759 3541 968 3604 Laomedontia,
988 3541 1054 3610 quia
1073 3541 1143 3604 llus,
1161 3551 1243 3611 pater
1257 3543 1329 3595 Lao-

181 3616 333 3679 medontis,
367 3616 459 3666 frater
484 3612 542 3663 fuit
566 3610 750 3679 Ganymedis,
779 3620 807 3664 at
833 3611 1019 3665 Laomedonti
1046 3620 1181 3682 tauquam
1208 3613 1326 3682 periuro

179 3697 266 3759 atque
285 3685 445 3760 foedifrage
474 3690 697 3734 succensuerunt
723 3681 765 3734 dii
789 3691 819 3735 et
839 3682 1023 3753 potissimum
1040 3682 1145 3752 Apollo
1169 3691 1198 3735 et
1216 3684 1327 3753 Neptu-

179 3776 242 3824 nus,
269 3765 424 3810 structores
448 3753 595 3806 moenium
620 3750 820 3818 Troianorum,
853 3753 955 3822 quibus
980 3753 1073 3806 illusit
1100 3763 1129 3807 et
1156 3754 1326 3823 imposuit.“

179 3829 347 3884 Beroaldus.
385 3825 518 3880 Gothotr.
538 3824 570 3874 in
588 3840 692 3898 marga
712 3821 793 3887 „Alii
815 3823 891 3888 Trai,
910 3833 939 3877 et
958 3824 999 3876 ita
1017 3823 1229 3877 scribendum.“
1248 3825 1327 3878 lllud

177 3901 273 3966 „alii“
291 3917 348 3952 uon
367 3897 530 3974 significare
544 3902 641 3994 potest
659 3892 815 3959 ,shabeut‘ss
835 3894 912 3958 (nam
930 3894 1028 3946 nullus
1045 3895 1131 3964 plane
1149 3896 1225 3949 liber
1243 3896 1325 3947 exhi·

178 3971 226 4024 bet
246 3971 326 4036 Tros)
344 3970 392 4022 sed
409 3969 540 4035 „volunt
555 3965 563 3993 ‘
598 3965 734 4018 Ceterum
751 3966 891 4019 scribitur
908 3964 1093 4019 Laomedonti
1112 3966 1235 4018 inCodd.
1255 3966 1324 4015 duo·

177 4041 228 4094 bus
246 4043 315 4095 Oxx.
336 4040 422 4092 Marb.
442 4038 525 4090 Vind.
544 4038 571 4091 2.
590 4035 661 4089 Edd.
681 4035 762 4088 Junt.
782 4034 871 4098 (haec
894 4037 979 4091 habet
1001 4044 1134 4090 ematur
1160 4051 1212 4105 pro
1235 4049 1321 4083 caasa

175 4114 238 4177 cnr)
257 4115 327 4164 Ven.
347 4118 434 4163 nostr.
455 4107 498 4171 (in
515 4107 569 4161 hac
585 4106 683 4177 paullo
700 4107 830 4176 superius
848 4116 891 4161 est
906 4106 1000 4176 poculi
1018 4125 1070 4176 pro
1088 4107 1190 4167 bibere)
1208 4103 1272 4154 Asc.
1295 4107 1319 4157 l.

175 4185 201 4240 2.
222 4187 251 4237 1’.
271 4181 304 4235 Α.
323 4182 354 4234 Β.
375 4181 406 4234 C.
434 4180 479 4233 Ad
496 4188 591 4231 annot.
616 4178 685 4231 Dav.
705 4177 784 4243 adde,
811 4178 888 4248 quod
905 4179 953 4233 Or.
973 4185 1085 4230 monet:
1112 4175 1207 4227 Aliam
1231 4173 1321 4226 etiam

174 4254 300 4308 fabulam
318 4253 400 4323 sequi
418 4250 581 4314 Pindarum,
600 4250 651 4320 qui
670 4248 701 4300 in
720 4250 834 4320 Olymp.
846 4255 869 4304 1.
890 4247 1088 4316 Ganymedem
1104 4253 1168 4315 post
1186 4244 1320 4314 Pelopem

173 4325 291 4380 deinum
309 4325 341 4378 iu
359 4323 472 4377 coelum
489 4322 630 4375 sublatum
647 4319 733 4384 dicat,
751 4319 873 4387 ideoque
898 4333 956 4369 non
973 4317 1075 4390 magis,
1101 4333 1188 4385 quam
1206 4316 1321 4382 Cicero,

173 4396 333 4454 Homerum
349 4404 495 4469 sequatur.
530 4393 592 4462 Qua
606 4391 643 4447 ds
661 4406 694 4446 rs
710 4390 770 4447 sid.
788 4387 844 4444 Tb·
863 4389 897 4445 1..
915 4387 950 4442 P.
967 4387 1076 4442 Tatelii
1093 4389 1127 4441 V.
1145 4388 1190 4445 ct.
1208 4387 1321 4442 Diluci-
