2828 5070
189 305 216 359 x
433 302 494 368 EX
513 303 657 369 eatur.
680 305 780 372 RUD.
805 307 906 373 GOD.
930 307 1098 375 aaran.

189 474 359 535 coniectae
383 485 469 537 sunt.
516 472 614 536 Unde
645 477 692 553 fit,
727 486 766 538 ut
794 476 949 540 Davisius
979 479 1105 540 nnllam
1132 479 1168 538 in
1205 476 1266 538 hac
1293 498 1343 561 pr.

188 555 440 618 adnotationum
461 558 728 620 Bentleianarum
750 564 953 623 mentionem
975 565 1084 623 faciat.

273 638 385 702 Editio
406 641 512 703 altera
532 643 727 704 inscribitur
747 641 797 704 Μ.
821 645 860 704 Τ.
886 644 921 705 C.
945 645 1153 706 Tusculanae
1164 644 1257 728 Disp.
1282 654 1343 706 etc.

189 721 301 785 Editio
326 722 479 802 secunda,
506 729 636 788 auctior
662 735 696 788 et
726 725 941 788 emendatior.
987 727 1232 814 Cantabrigiae,
1261 730 1347 811 typis

189 805 398 885 academicis,
414 810 577 869 sumtibus
589 808 738 870 Cornelii
751 808 963 874 Crownlield.
977 822 1039 873 etc.
1054 814 1143 876 1723.
1160 809 1348 871 Admodum

189 891 416 951 memorabilis
438 902 487 953 est
507 891 588 953 haec
609 891 728 954 editio:
744 913 864 954 novam
886 896 1031 955 enimin
1054 914 1092 954 ea
1113 895 1211 954 habes
1233 913 1348 954 recen-

188 976 329 1049 sionem,
352 994 417 1035 non
430 974 571 1052 Davisii,
594 974 650 1035 sed
671 976 825 1053 Bentleii,
848 980 937 1037 etin
960 980 1039 1060 ipsis
1061 979 1156 1054 locis,
1179 979 1346 1057 (quinon

188 1058 237 1117 ita
258 1058 473 1135 multisunt)
496 1061 531 1120 in
545 1059 671 1140 ,quibus
692 1058 848 1120 Davisius
890 1061 930 1119 ab
952 1061 1013 1121 illa
1034 1063 1225 1120 recensione
1241 1057 1348 1119 disce-

188 1136 252 1215 dit,
283 1151 522 1203 commemorat
557 1142 674 1203 saltem
704 1141 930 1203 Bentleianam
961 1144 1150 1219 lectionem,
1188 1140 1276 1222 quod
1308 1142 1344 1200 in

189 1225 292 1284 tertia
312 1244 378 1284 non
404 1225 528 1306 ubique
554 1228 680 1286 factum
706 1243 774 1285 esse
799 1223 909 1286 video.
954 1225 1094 1304 Deinde,
1169 1223 1285 1306 idquid
1312 1226 1347 1282 in

186 1303 458 1367 adnotationibus
479 1306 557 1370 edit
572 1310 699 1390 primae
719 1316 779 1368 ant
799 1306 945 1370 deletum
959 1319 1017 1386 est,
1040 1319 1126 1370 anta
1150 1307 1268 1385 ditum,
1290 1315 1348 1367 aut

189 1391 325 1450 omnino
346 1392 569 1468 immutatum,
591 1390 625 1452 id
640 1390 696 1452 hic
718 1393 925 1472 potissimum
946 1394 1144 1452 factumest.
1183 1387 1349 1470 Quemad-

190 1470 325 1532 modum
351 1481 462 1534 autem
484 1492 518 1533 se
544 1494 598 1534 res
619 1473 737 1536 habeat
758 1494 834 1534 cum
863 1475 1054 1535 Bentleiana
1079 1476 1283 1549 recensione,
1312 1468 1348 1530 id

190 1572 231 1615 ex
257 1557 462 1637 praefatione
492 1555 621 1618 Davisii
647 1556 689 1617 ad
713 1576 777 1618 sec.
810 1557 1023 1642 intelligitur.
1071 1555 1283 1638 Propositum
1316 1556 1348 1614 ei

190 1639 292 1697 fuisse
329 1636 474 1714 videtur,
512 1659 613 1700 novas
635 1641 721 1715 illas,
758 1659 837 1721 quas
858 1640 1027 1701 Bentleius
1059 1640 1230 1720 pollicitus
1264 1647 1346 1712 erat,

152 1778 155 1782 i
189 1721 486 1792 animaduersiones,
514 1723 652 1803 reliquis
683 1723 751 1783 viri
776 1725 898 1783 summi
929 1723 1200 1785 emendationibus
1226 1721 1348 1782 addere

192 1812 225 1863 et
246 1812 404 1885 utrasque
437 1824 542 1865 novae
578 1806 778 1891 subiungere
819 1804 974 1866 editioni:
1013 1827 1116 1887 quum
1152 1825 1233 1866 vero
1271 1805 1347 1864 illas

190 1888 316 1947 frustra
342 1897 569 1970 exspectasset,
595 1887 653 1949 has
674 1907 816 1970 quoque,
848 1907 902 1965 ne,
934 1887 1045 1965 credo,
1077 1888 1219 1949 Bentleii
1251 1889 1348 1947 labor

190 1969 261 2028 sine
282 1970 344 2029 illa
369 1973 555 2031 accessione
581 1991 715 2031 mancus
742 1969 926 2048 videretur,
954 1991 1030 2031 cum
1056 1973 1091 2031 in
1117 1971 1178 2031 hac
1205 1968 1348 2031 secunda

191 2060 262 2112 tum
283 2055 318 2111 in
341 2055 442 2114 tertia
462 2056 697 2134 praetermisit.
742 2052 793 2114 De
814 2057 909 2114 novis
931 2051 1086 2115 subsidiis
1107 2056 1246 2129 criticis,
1264 2072 1346 2133 quae

189 2145 407 2211 accesserant,
430 2134 497 2196 vid.
545 2139 658 2199 raefat.
683 2134 725 2196 ad
746 2136 878 2197 secund.

273 2217 429 2279 Tertium
450 2217 504 2279 edi
532 2223 556 2280 't
575 2217 636 2281 hos
658 2220 763 2281 libros
783 2218 821 2278 A.
852 2223 943 2285 1730.
970 2219 1204 2301 inscripsitque
1225 2215 1273 2278 Μ.
1304 2216 1344 2275 Τ.

187 2297 228 2362 C.
258 2298 357 2362 Tusc.
389 2300 482 2385 Disp.
512 2313 574 2364 cet.
628 2301 741 2364 Editio
771 2305 874 2364 tertia
903 2304 1036 2372 auctior
1065 2311 1100 2362 et
1129 2298 1345 2374 emendatior,

190 2382 316 2444 ibidem
342 2393 377 2445 et
401 2384 489 2468 apud
517 2384 667 2447 eundem.
721 2386 815 2446 Haec
845 2387 939 2467 qnasi
970 2386 1125 2447 voluntas
1154 2381 1348 2443 moribundi

190 2464 321 2527 Davisii
350 2478 408 2529 est.
463 2467 594 2530 Multae
620 2470 780 2530 lectiones
806 2487 847 2529 ex
873 2465 951 2529 edit.
979 2487 1029 2550 pr.
1057 2477 1231 2528 revocatae
1257 2475 1345 2540 sunt,

191 2550 315 2610 multae
324 2550 536 2613 Bentleianae
551 2554 686 2629 eiectae,
709 2562 744 2613 et
757 2570 840 2633 quae
858 2560 1012 2633 receptae
1026 2560 1114 2625 sunt,
1137 2568 1253 2609 earum
1275 2551 1346 2607 fere

188 2634 278 2692 ratio
303 2631 435 2694 reddita
461 2645 521 2712 est,
547 2635 673 2696 multae
698 2653 804 2696 novae
830 2654 849 2693 a
874 2637 970 2695 novis
994 2635 1066 2694 istis
1088 2629 1241 2692 subsidiis
1267 2651 1346 2714 pro-

188 2715 307 2791 fectae,
330 2715 371 2776 de
393 2717 600 2798 quibusvid.
624 2720 728 2802 praef.
752 2715 794 2777 ad
814 2726 890 2776 tert.
932 2716 1140 2777 Permultum
1160 2717 1272 2795 itaque
1294 2733 1347 2773 re-

125 2808 128 2824 '
190 2801 302 2859 censio
332 2798 414 2859 haec
446 2819 466 2859 a
496 2800 667 2883 prioribus
700 2798 826 2860 duabus
859 2797 982 2859 differt
1037 2796 1088 2858 Ad
1116 2800 1346 2859 annotationes

188 2889 302 2941 autem
327 2880 417 2963 quod
449 2886 579 2960 attinet,
611 2885 640 2943 si
666 2903 719 2945 eas
746 2882 882 2963 excipis,
921 2900 1004 2963 quae
1042 2878 1085 2940 ad
1119 2882 1346 2940 recensionem

188 2983 311 3025 novam
346 2967 526 3048 pertinent,
564 2967 713 3046 reliquae
742 2983 866 3040 omnes,
903 2974 942 3024 ut
972 2966 1007 3023 in
1029 2960 1172 3023 secunda
1199 2971 1346 3022 mutatae

189 3056 277 3123 sunt,
294 3049 341 3107 ita
358 3050 393 3107 in
409 3050 511 3109 tertia
525 3058 601 3109 sunt
615 3057 780 3109 retentae:
803 3066 878 3106 nam
890 3066 973 3127 quae
991 3056 1049 3107 aut
1066 3043 1178 3106 addita
1196 3053 1274 3105 sunt
1290 3055 1348 3105 aut

188 3128 330 3207 ademta,
354 3133 449 3213 parvi
471 3150 548 3191 sane
570 3133 729 3192 momenti
751 3149 819 3190 csse
839 3127 1006 3190 videntur.
1049 3128 1143 3196 Haec
1164 3131 1265 3190 tertia
1286 3137 1346 3204 est,

189 3233 289 3300 quam
310 3214 374 3274 tibi
396 3211 569 3290 tradimus,
592 3212 713 3275 additis
733 3214 770 3271 in
784 3213 875 3273 calce
885 3212 1027 3272 Bentleii
1050 3210 1344 3272 emendationibus.

272 3296 398 3376 Quarta
411 3306 517 3358 exstat
538 3295 659 3357 horum
680 3296 846 3357 librorum
856 3293 959 3355 editio
982 3293 1019 3354 A.
1036 3297 1116 3361 1738
1138 3293 1262 3355 ibidem
1273 3294 1348 3353 vul-

188 3387 264 3464 gata
291 3389 324 3440 et
355 3377 443 3462 apud
473 3376 624 3439 eundem.
675 3379 777 3459 Quae,
810 3398 1007 3460 quamquam
1038 3382 1072 3438 in
1097 3381 1192 3438 rimis
1219 3376 1349 3436 laudari

188 3462 285 3537 solet,
308 3472 342 3523 et
362 3482 439 3522 sane
461 3465 603 3545 repetita
624 3473 673 3524 est
694 3482 734 3523 ex
755 3466 856 3524 tertia
866 3462 1030 3541 habetque
1044 3399 1215 3521 adiunctas
1230 3460 1348 3517 Emen-

188 3543 338 3606 dationes
353 3543 578 3621 Bentleianas3
601 3555 745 3606 attamen
761 3555 810 3608 tot
826 3543 951 3605 mendis
969 3542 1216 3686 typographicis
1232 3551 1348 3617 scatet,

187 3637 228 3689 ut
247 3626 416 3688 interdum
438 3630 540 3688 totius
561 3628 630 3688 loci
651 3649 742 3689 mens
764 3646 900 3711 prorsus
922 3627 1069 3688 tollatur.
1136 3629 1204 3686 cito
1225 3635 1347 3700 autem,

175 3709 350 3792 'quidquid
376 3709 634 3772 Davisianorum
666 3712 832 3773 librorum
859 3719 933 3792 post
963 3707 1001 3768 A.
1032 3712 1122 3774 1730.
1151 3712 1349 3790 impressum

188 3804 249 3870 est,
272 3792 306 3854 id
328 3794 438 3854 aliena
460 3814 540 3855 cura
561 3792 737 3877 prodiisse:
761 3795 916 3855 Davisius
938 3794 1026 3852 enirn
1047 3792 1085 3852 Λ.
1116 3795 1205 3856 1731.
1233 3810 1349 3874 supre-

188 3897 280 3938 mum
302 3875 391 3937 diem
412 3876 507 3937 obiit

272 3958 428 4020 Ceterum
455 3959 611 4021 Davisius
637 3980 741 4038 snam,
774 3981 839 4042 qua
863 3961 1013 4041 reliquos
1043 3957 1214 4019 Ciceronis
1246 3957 1350 4015 libros

186 4046 359 4118 tractavit,
382 4045 559 4120 rationem,
587 4047 622 4102 in
649 4044 848 4105 Tusculanis
875 4041 1010 4104 edendis
1036 4062 1103 4102 non
1130 4050 1179 4101 est
1204 4049 1345 4098 secutus.

190 4125 227 4185 ln
250 4128 370 4188 ceteris
393 4129 481 4186 enim
502 4127 656 4188 omnibus
677 4123 771 4188 notas
794 4131 938 4210 integras
966 4126 1127 4199 Victorii,
1154 4123 1249 4181 Pauli
1274 4121 1348 4180 Ma-

188 4212 294 4285 nucii,
328 4207 524 4283 Camerarii,
553 4211 711 4271 Lambini
726 4221 760 4271 et
781 4210 891 4270 Fulvii
909 4209 1039 4283 Ursini,
1069 4206 1240 4266 Ciceronis
1273 4224 1348 4264 ver-

188 4290 241 4352 bis
263 4293 421 4368 subiecit;
444 4295 479 4351 in
501 4292 700 4355 Tusculanis
721 4313 787 4354 non
810 4296 899 4353 item.
944 4290 1083 4351 Scilicet
1104 4290 1145 4349 ab
1170 4291 1212 4347 iis
1239 4285 1349 4348 ordie-

190 4374 300 4452 batur,
323 4385 357 4436 et
377 4373 536 4454 nondum,
559 4387 597 4440 ut
617 4377 779 4454 arbitror,
801 4379 849 4437 ita
870 4373 1042 4435 Ciceronis
1058 4373 1164 4433 libros
1185 4368 1350 4452 tractandi

191 4459 370 4522 consilium
391 4460 523 4525 inierat.

644 4553 750 4562 -.--
754 4548 872 4560 ,οι-...1
