2828 5070
518 287 646 353 LIBER
666 289 694 367 l,
735 294 784 356 19.
1185 300 1244 365 m

84 457 123 515 in
142 461 276 536 partem
295 465 469 531 moretum
505 466 608 538 eaque
635 459 668 519 ei
700 454 835 519 demum
865 459 1029 525 naturalis
1056 470 1110 525 est
1136 461 1243 541 sedes,

83 557 186 618 quum
206 534 249 598 ad
271 538 325 598 sui
344 538 456 599 simile
474 542 677 619 penetravit,
697 541 735 599 in
756 560 823 620 qao
844 541 935 602 nulla
955 562 993 604 re
1010 563 1110 629 egens
1130 545 1244 608 aletur

83 626 121 680 ot
138 619 383 681 sustentabitur
411 618 530 684 iisdem
551 619 665 697 robus,
722 622 820 683 uibus
841 630 933 684 astra
953 632 1185 688 sustentantur
1206 636 1243 691 et

82 701 232 763 aluntur.
275 700 452 782 Quumque
471 704 628 785 corporis
649 704 714 765 iaci
736 724 776 765 us
798 706 999 768 inflammari
1019 709 1181 770 soleamus
1199 708 1283 775 adet

82 851 247 927 corrigens,
266 851 408 903 nimirum
428 849 464 917 si,
488 870 577 922 quem
595 869 709 905 causam
733 851 865 907 levitatis
889 852 1081 923 existimaret,
1108 859 1242 923 calorem,

81 926 289 991 praeponeret,
308 920 447 975 lenitatem
466 930 666 1005 postponeret.
705 923 765 975 Mr.
1204 922 1209 931 '

156 996 292 1062 tuaquom
309 992 426 1059 paribus
445 998 623 1047 examinatas
639 992 825 1061 ponderibus]
852 994 906 1049 Ed·
926 994 962 1049 Η.
984 997 1132 1051 ordinatis.
1153 998 1241 1054 (lodd.

81 1065 159 1116 Mon.
178 1064 207 1117 1.
228 1062 304 1115 Gud.
324 1062 499 1116 examinatis
512 1081 547 1118 ex
565 1072 647 1118 mo're
665 1064 866 1131 librariorum,
885 1066 1027 1122 adiectio-a
1037 1078 1067 1123 et
1084 1070 1241 1141 participia

80 1134 116 1186 acl
139 1133 277 1203 proxima
304 1150 434 1203 quaeque
458 1136 748 1189 accommodantium.
794 1136 837 1189 Ad
866 1140 1041 1192 sententiam
1068 1138 1241 1194 Beroalduss

80 1203 228 1268 „libratus
247 1220 336 1273 sequa
360 1203 455 1267 lance,
480 1206 643 1259 modificata
663 1207 810 1276 utrimque
831 1209 1068 1278 participatione,
1096 1217 1130 1262 ut
1148 1227 1242 1280 neque

79 1273 209 1344 pondere
228 1273 375 1351 devergat,
394 1293 489 1345 neque
506 1276 626 1330 levitate
645 1277 733 1329 altius
757 1277 922 1346 rapia‘tur.“
946 1279 1016 1335 Add.
1035 1279 1161 1334 Turneb.
1181 1282 1241 1336 Ad·

80 1361 206 1400 versarr.
225 1342 324 1399 XXVI.
337 1348 361 1401 8.
379 1361 409 1415 p·
423 1349 466 1400 ⁴7.
489 1347 540 1415 qni
560 1347 736 1399 examinatas
754 1347 896 1419 explicat:
916 1368 1080 1420 suspensus,
1098 1350 1240 1405 libratusr

79 1422 110 1469 et
127 1414 264 1468 universe
283 1415 318 1468 de
336 1416 550 1470 examinatione
569 1418 600 1469 in
620 1418 737 1473 stateris
764 1435 818 1487 per
835 1420 1075 1489 ponderationem
1095 1420 1239 1491 loquitur,

79 1494 111 1539 et
128 1485 184 1539 alis
203 1501 319 1571 quoqne
338 1494 472 1539 veterum
491 1486 554 1541 loca
573 1486 710 1557 explicat.
743 1487 899 1545 Commode
917 1488 1056 1545 Naidius:
1076 1500 1238 1563 „tanquam

77 1556 113 1611 ad
131 1554 337 1627 aequilibrium
355 1554 500 1621 redactus,
519 1559 651 1623 materia,
670 1575 741 1629 quae
759 1558 888 1613 eiusdem
906 1568 951 1615 est
967 1562 1124 1637 gravitatis
1142 1564 1238 1634 speci·

77 1628 158 1693 ficae,
185 1627 415 1681 circumtusus.“
441 1628 502 1682 Mr.
1017 1684 1026 1697 ,

150 1700 238 1769 eaque
262 1697 290 1749 ei
315 1698 424 1751 demam
447 1698 522 1765 etc]
550 1696 619 1754 Cod.
645 1698 730 1753 Vind.
751 1704 775 1754 l.
802 1700 1238 1759 densumei.unus01.eidcss

77 1769 198 1821 demam:
217 1768 293 1822 slim
312 1786 378 1823 cum
396 1768 450 1825 Ed.
471 1768 507 1821 H.
528 1770 618 1823 eidem
635 1776 673 1821 ut.
711 1769 787 1822 Tum
805 1770 908 1823 adsui
928 1772 1056 1824 simile
1074 1776 1238 1843 recepimus

74 1847 264 1963 ettilo
277 1840 385 1965 ⁰i¹'c¹¹
388 1839 478 1965 Ἢ
493 1839 652 1963 113,ch
655 1878 661 1890 '
674 1842 753 1963 ¹150²i
768 1840 863 1964 Mi‘i'.
874 1842 1030 1967 mitid
1034 1860 1096 1966 ⁰33¹·
1111 1845 1237 1967 ΞἪ·

144 1929 420 1965 ...aaa
480 1928 654 1965 e.ru.
721 1927 873 1963 u.o.
978 1928 1236 1970 o.eo..

76 1979 161 2051 sylb.
179 1978 286 2033 Sturm.
307 1978 377 2034 Dav.
396 1929 598 2037 wolepschz.
618 1980 708 2033 Nobb.
729 1980 776 2033 Or.
795 1980 860 2035 Ileli
882 1983 914 2034 ui
934 1982 1063 2035 similem.
1092 1984 1154 2037 Mc.

150 2051 180 2103 s'a
198 2068 261 2120 qao
279 2052 357 2104 uuila
375 2068 406 2104 re
424 2052 499 2118 etc]
517 2053 710 2129 Hottiugerus
729 2051 751 2105 1.
773 2070 797 2109 c.
817 2052 852 2106 ad
894 2090 900 2103 .
917 2052 937 2110 1.
956 2052 1149 2119 haec=.,‚Duo
1168 2058 1237 2107 sunt

74 2124 108 2175 in
133 2120 163 2178 b.
183 2122 215 2185 1.,
240 2122 366 2191 adquae
391 2122 527 2177 offendas.
566 2122 641 2177 Nam
665 2123 697 2175 in
720 2139 792 2177 voce
814 2123 932 2177 similene
958 2124 1001 2191 [v.
1021 2135 1120 2183 annot.
1140 2132 1234 2179 antec.

73 2194 120 2246 lta
139 2192 218 2247 enim
236 2194 312 2269 legit
329 2194 414 2261 Bru]
442 2194 543 2247 durius
567 2194 688 2247 omnino
715 2192 927 2248 substantivum
946 2195 1106 2250 reticetur:
1139 2212 1175 2249 ne
1219 2211 1235 2249 e

73 2280 238 2334 pronomen
275 2280 309 2317 aa
329 2264 363 2317 ad
382 2262 453 2333 quid
472 2265 660 2317 referendum
680 2263 727 2325 sit,
752 2264 839 2317 facile
865 2264 1069 2337 intelligitur..
1092 2214 1236 2341 Ergoffiue·

74 2334 203 2412 gendum
222 2282 352 2388 videtur:
381 2334 644 2403 imperaratoria
683 2333 738 2385 Pro
757 2332 882 2387 similem
900 2348 970 2386 vero
986 2349 1115 2413 pronum
1135 2337 1174 2388 sit
1192 2335 1234 2389 le·

73 2422 145 2482 gere
163 2404 266 2461 simile.
304 2403 360 2459 sea
382 2406 460 2459 forte
485 2412 579 2458 totam
605 2402 711 2464 isthoc,
741 2404 882 2473 pesam-ad
898 2402 947 2455 sui
964 2404 1086 2455 similem
1101 2411 1233 2474 penetra·

73 2476 127 2541 cil,
151 2475 312 2529 insititium
337 2476 522 2529 iudicandum
542 2476 599 2529 est.
641 2472 744 2543 Neque
768 2474 848 2528 enim
871 2472 997 2526 ninnium
1017 2474 1233 2547 placeteadem

73 2546 217 2601 sententia
239 2546 338 2615 paucis
364 2544 495 2600 versibus
519 2546 606 2599 toties
631 2545 756 2617 iterata:¹
781 2560 862 2611 quiem
888 2549 1013 2596 naturast
1039 2543 1085 2596 sui
1110 2545 1233 2599 similem

73 2616 197 2687 contigit
214 2620 241 2668 et
260 2617 377 2685 agaae-il
399 2648 428 2659 -
450 2632 531 2686 quum
544 2617 592 2668 sai
603 2614 724 2667 similem
735 2619 762 2666 et
780 2614 924 2675 leuitatem
937 2616 1097 2668 electorem
1111 2617 1232 2685 adeptas

72 2694 115 2740 est
135 2716 168 2725 —
187 2701 272 2757 qaam
288 2688 327 2739 ad
343 2686 389 2741 aad
407 2687 528 2740 similem
543 2684 752 2761 penetraril.“.
772 2684 836 2761 Ego
865 2701 935 2740 vero
962 2686 1096 2740 existimo
1114 2688 1146 2741 in
1166 2705 1230 2743 sen·

71 2760 165 2813 tentia
187 2756 288 2827 psallo
316 2757 479 2828 spinosiore
508 2763 538 2810 et
565 2756 750 2809 intricatiore
776 2753 942 2827 exponenda
963 2754 1133 2812 Ciceronem
1161 2774 1229 2813 con·

72 2829 150 2883 sulto
169 2826 335 2915 longiorem
359 2829 451 2881 fuisse
470 2837 500 2881 et
523 2827 679 2881 iteratione
696 2844 758 2882 esse
777 2844 871 2893 ususn,
891 2844 985 2896 neque
999 2845 1031 2882 ea
1049 2828 1120 2897 ipsa,
1141 2846 1228 2899 quam

70 2897 1228 3042 {3.f:¹’,¹3{2l55.²”.333:‡.l¹⁰“r.¹{titel‘lllttlzlilalleles.

71 3042 152 3096 Hott.
172 3040 380 3117 suffragantem
397 3039 484 3094 habet
503 3038 639 3093 codicem
659 3046 790 3093 nostrum
810 3039 885 3093 Gud.
917 3038 976 3095 Mr.

141 3130 355 3184 sustentabitur
381 3127 486 3181 iisdem
507 3129 599 3191 rebus,
624 3128 726 3197 picibus
744 3134 826 3181 astra
844 3132 1037 3179 sustentantur
1055 3133 1081 3178 et
1099 3126 1225 3194 duntur]

69 3204 189 3259 Veteres
209 3201 309 3255 stellas
328 3200 468 3252 animatas
486 3216 549 3252 esse
566 3198 731 3267 terreisqua
754 3206 784 3251 et
801 3197 901 3266 aqueis
925 3197 1081 3266 vaporibus
1099 3198 1138 3250 ali
1158 3215 1226 3251 een·

68 3290 165 3327 suere·
209 3271 314 3326 Cicero
339 3271 376 3322 N.
400 3268 435 3325 D.
461 3268 513 3322 lib.
537 3268 575 3321 11.
601 3285 663 3339 cap.
689 3270 733 3323 46.
775 3268 845 3323 Susa
876 3272 969 3319 aulem
994 3267 1095 3319 stellae
1119 3274 1224 3320 natura

67 3343 222 3407 nameus,
241 3340 374 3412 quocirca
392 3346 499 3405 terrae,
519 3339 619 3403 maris,
639 3354 774 3407 aerearum
796 3337 949 3405 vaporibus
972 3336 1088 3389 alantur
1111 3338 1152 3391 s's's
1174 3338 1225 3408 qai

68 3429 86 3465 a
104 3414 166 3481 sale
183 3430 218 3467 ec
235 3413 321 3481 agris
339 3408 487 3481 tepefactis
506 3418 532 3463 st
552 3427 586 3462 ea
604 3409 688 3478 aquis
709 3408 886 3471 excitantem
919 3406 1018 3478 qssibas
1042 3407 1119 3462 altae
1141 3425 1225 3463 reae·

67 3492 203 3552 aulasque
219 3484 319 3537 stellae
337 3490 418 3549 atque
436 3480 527 3535 amnis
544 3477 642 3534 oetier
660 3480 812 3546 refundunt
831 3479 927 3532 eadem
945 3484 972 3531 el
990 3487 1091 3531 rursus
1109 3478 1223 3533 trabant
1279 3534 1291 3551 ,

67 3556 201 3619 indidem,
220 3552 295 3607 nibil
311 3559 341 3605 at
360 3553 423 3618 fers
440 3550 572 3617 intereat,
591 3556 638 3602 aut
656 3550 801 3603 admodum
815 3551 970 3617 paululum,
989 3551 1062 3619 qaod
1079 3556 1225 3605 astrorum

66 3626 147 3694 ignis
164 3632 191 3678 st
209 3622 331 3678 aerinis
354 3624 468 3687 tlamma
491 3628 644 3675 consumat.
681 3617 801 3673 Servius
823 3620 860 3674 ad
877 3621 946 3674 Aen.
967 3619 991 3685 I,
1010 3622 1071 3676 612.
1107 3620 1224 3693 Pteria

64 3695 150 3766 pasci
167 3697 251 3766 aquis
269 3694 390 3747 murinis
407 3693 505 3746 sidera
522 3693 556 3745 s'd
573 3698 614 3744 eal
635 3693 717 3757 ignes
734 3692 867 3745 caelestes
885 3692 990 3746 dicuat.
1027 3691 1100 3747 Vide
1118 3701 1147 3747 et
1164 3694 1223 3747 Lu·

66 3770 183 3822 cinnum
203 3768 234 3819 in
254 3766 414 3819 lcaromen.
442 3762 525 3820 Tom.
545 3762 584 3817 ll.
608 3780 673 3838 pag.
697 3765 757 3829 190,
775 3766 836 3818 191.
883 3762 971 3815 Plura
997 3769 1129 3817 veterum
1152 3764 1223 3821 ‚loca

65 3837 294 3965 qqqpeldqgabulqt
317 3835 432 3905 Lipsius
459 3834 545 3905 Phys.
575 3833 663 3888 Stoic.
688 3831 728 3898 11,
753 3836 794 3891 14.
823 3838 854 3887 et
879 3833 1027 3907 Menagiua
1051 3833 1087 3887 ad
1110 3835 1223 3889 [nertii

122 3946 347 4034 'Saelmtabitur
367 3976 470 4030 iisdem
486 3976 567 4030 rebus
586 3974 652 4041 etc]
672 3974 745 4028 lllale
762 3972 834 4029 Dav.
854 3975 885 4026 in
903 3973 957 4026 Ed.
978 3976 1006 4030 2.
1026 3974 1146 4044 scripsit
1162 3973 1223 4028 Με-

66 4051 138 4116 dens,
157 4057 191 4103 nt
209 4058 253 4105 est
271 4050 304 4102 in
323 4048 410 4101 eodo.
437 4048 526 4101 blarb.
551 4047 622 4123 Reg.
644 4046 717 4100 Gud.
743 4050 762 4096 Ι.
788 4044 878 4097 isdem
900 4042 989 4097 habet
1014 4043 1089 4101 Gud.
1108 4048 1134 4100 2.
1155 4062 1222 4098 cum

65 4121 118 4178 Ed.
138 4120 175 4177 11.
195 4120 300 4191 eisdem
318 4118 387 4172 eoo.
406 4119 496 4172 Rehd.
533 4117 576 4170 Ad
603 4135 665 4171 rem
690 4113 760 4168 adde
779 4114 824 4179 iis,
851 4132 923 4185 quae
946 4113 1033 4169 habet
1050 4114 1134 4179 Dav,
1163 4117 1223 4169 Pli-

65 4194 149 4246 nium
167 4192 204 4245 H.
222 4192 259 4245 N.
279 4190 317 4243 11.
336 4193 361 4245 8.
399 4189 442 4244 De
465 4208 519 4243 usu
538 4188 693 4243 verborum
717 4190 906 4239 sustentantur
924 4191 951 4238 et
970 4187 1088 4239 alantur
1110 4189 1148 4239 ci.
1168 4186 1223 4239 Be-

64 4262 157 4317 necke
175 4263 212 4316 sd
230 4260 291 4314 Cic.
312 4260 374 4315 Get.
401 4260 449 4316 tv,
468 4263 495 4316 8.
517 4278 549 4330 p.
568 4262 629 4315 291.
651 4256 803 4325 inprimis
829 4259 916 4311 etiam
937 4256 996 4309 Cic.
1017 4257 1052 4311 de
1070 4257 1107 4314 N.
1126 4254 1162 4307 D.
1183 4256 1223 4307 11.

64 4336 108 4389 31.
129 4337 188 4390 101.
233 4332 288 4387 Pro
313 4339 341 4386 ct
365 4331 480 4385 anatur
507 4338 552 4386 est
570 4329 716 4397 edanturve
742 4327 775 4378 in
794 4325 862 4380 Cod.
882 4326 968 4382 Vind.
987 4333 1012 4383 l.
1049 4327 1092 4379 Ad
1112 4345 1138 4378 r.
1159 4340 1223 4376 cor-

62 4404 144 4471 poris
168 4404 279 4469 facibus
305 4404 372 4469 (ubi
391 4400 459 4457 cod
481 4401 555 4456 (lud.
583 4399 734 4475 egregiam
759 4397 873 4453 scilicet
899 4397 985 4451 habet
1009 4397 1070 4451 sive
1092 4396 1222 4471 glossam

974 4504 1036 4563 10*
