2828 5070
197 287 290 340 xvtu
720 283 859 349 INDEX
946 366 949 373 f

196 451 361 519 Davisiana,
389 467 597 523 nonnunquam
617 468 652 505 ex
671 448 777 506 Codice
796 449 929 505 Gudiano
948 443 1056 521 primo,
1076 448 1358 519 contenderentque

151 542 155 548 ·
197 524 346 579 affirmare
369 522 450 591 licat,
481 524 570 577 aliam
596 523 684 594 plane
708 539 830 591 eamque
860 523 1015 576 meliorem
1043 540 1105 577 essa
1135 520 1293 575 lectionem
1324 522 1358 573 in

198 594 305 651 Codice
322 595 424 670 Regio,
443 613 531 666 quam
549 612 623 665 quae
641 596 673 648 in
692 611 725 649 eo
745 595 839 646 inesse
858 592 970 646 dicitur
987 609 1003 645 a
1021 592 1188 646 Bouhierio.

268 668 314 732 Ὠ)
333 667 449 720 Codicis
470 665 658 731 coloniensis,
690 682 775 736 quem
794 664 993 717 Fabricianum
1020 664 1150 734 appellat
1177 661 1359 727 Gebhardns,

197 738 340 793 lectiones
359 736 495 791 exhibere
514 753 665 806 possumus
684 752 742 789 non
762 736 842 799 alias,
862 753 948 805 quam
969 743 1126 804 quaesunt
1145 734 1176 786 in
1194 733 1361 788 annotatio-

197 810 284 864 nibus
309 809 461 863 Francisci
484 808 612 861 Fabricii
639 807 841 870 Marcodurani
865 813 896 860 et
920 806 988 860 Jani
1016 805 1165 861 Gebhardi
1192 813 1361 876 excerptae,

197 897 257 936 non
276 897 343 933 sane
367 879 487 934 multae.

271 951 345 1018 Quas
364 950 560 1004 Lottemannss
586 948 705 1004 exhibet
723 949 872 1002 Codicum·
892 948 1006 1020 aliquot
1024 949 1233 1013 Parisinorum,
1259 948 1291 999 in
1309 945 1360 998 his

198 1024 287 1079 etiam
309 1022 396 1098 Regii
420 1023 536 1093 optimi,
568 1020 719 1086 lectiones,
750 1038 799 1074 eae
826 1038 880 1073 nec
903 1020 1013 1074 multae
1037 1028 1114 1084 sunt,
1149 1038 1202 1076 nec
1225 1026 1361 1071 accurate

198 1095 362 1149 distinctae.
399 1094 465 1147 Non
490 1094 570 1145 enim
588 1092 678 1146 libros
698 1091 827 1161 inspexit
845 1093 893 1143 vir
911 1092 973 1155 ille,
999 1092 1056 1145 nisi
1075 1091 1124 1144 ubi
1142 1092 1284 1144 varietate
1303 1088 1361 1142 ali-

198 1183 255 1235 qua
273 1165 383 1218 maiore
400 1167 432 1217 in
450 1164 504 1218 Ed.
523 1163 651 1217 Bentleii
677 1169 830 1233 conspecta
848 1161 991 1216 haereret.
1029 1164 1129 1216 llaesit
1152 1171 1248 1216 autem
1268 1162 1361 1212 raris·

199 1240 287 1292 sime:
307 1252 400 1298 neque
418 1235 450 1287 in
469 1235 631 1289 referendis
650 1233 824 1288 lectionibus
843 1233 956 1287 codices
975 1242 1109 1287 accurate
1129 1234 1295 1306 distinguit.

269 1307 316 1372 23)
339 1306 443 1359 Ursini
462 1306 569 1370 Codici,
600 1306 682 1358 cuius
701 1306 773 1358 item
791 1304 930 1359 habemus
950 1304 982 1357 in
1006 1305 1239 1358 annotationibus
1257 1301 1361 1355 Fulvii

198 1377 302 1431 Ursini
320 1377 466 1430 lectiones
478 1376 631 1430 admodum
650 1393 765 1445 paucas,
794 1392 853 1429 non
878 1375 1005 1429 multum
1023 1377 1142 1429 videtur
1160 1374 1360 1436 tribuendum,

198 1450 258 1502 nisi
267 1441 402 1501 'aliorum
422 1446 565 1500 librorum
584 1448 740 1500 auctoritas
759 1447 879 1501 accedit.
916 1449 1017 1521 Magna
1044 1448 1121 1500 enim
1151 1454 1194 1499 est
1222 1446 1360 1514 suspicio,

199 1537 266 1573 eum
284 1519 394 1581 virum,
414 1536 487 1588 quae
507 1519 561 1572 sibi
579 1519 741 1589 placerent,
761 1533 970 1585 nonnunquam
988 1519 1047 1587 pia,
1070 1518 1129 1570 nisi
1148 1518 1240 1571 inavis
1259 1517 1360 1586 impia,

197 1590 302 1643 fraude
319 1589 447 1643 finxisse.

271 1659 402 1714 Lambini
421 1660 540 1714 Codices
565 1660 636 1729 quid
663 1659 829 1725 habuerint,
855 1660 927 1730 quid
945 1661 1007 1730 ipse
1025 1661 1080 1713 sibi
1098 1661 1190 1714 licere
1209 1659 1359 1714 existima-

200 1732 287 1797 verit,
309 1733 414 1858 {sucis
440 1740 554 1785 tantum
579 1732 652 1783 locis
678 1740 759 1786 certo
784 1732 922 1807 cognosci
949 1739 1056 1801 potest,
1085 1749 1152 1785 cum
1175 1746 1234 1782 non
1253 1729 1361 1792 maris,

199 1819 286 1873 quam
334 1803 466 1869 ictarius,
497 1821 584 1871 quam
603 1802 703 1866 Aldus,
730 1820 815 1872 quam
842 1802 1037 1867 Camerarius,
1069 1804 1101 1855 in
1125 1801 1306 1855 annotationi
1327 1819 1361 1853 us

199 1889 300 1928 omncs
319 1873 463 1928 librorum
483 1889 604 1927 suorum
621 1873 763 1928 lectiones
782 1874 955 1938 enataverit,
974 1875 1105 1926 omnium
1124 1871 1361 1927 emendationum

171 1961 180 1986 τ
199 1962 318 1998 suarum
338 1946 481 1999 rationem
506 1944 677 2000 reddiderit.

270 2015 402 2068 Andreas
421 2017 509 2068 etism
528 2012 658 2067 Sebottas
682 2015 715 2066 in
740 2014 899 2068 scribendis
924 2024 1049 2084 quatuor
1066 2015 1215 2068 Nodorum
1242 2012 1362 2066 Cicero·

201 2087 355 2139 nianorum
380 2086 464 2139 libris
495 2085 625 2137 codicem
651 2084 784 2137 adhibuit
810 2085 981 2151 Toletanum,
1008 2085 1234 2170 Langobardicis
1262 2085 1361 2138 literis

202 2165 361 2221 exaratum,
381 2157 642 2218 membranaceum,
662 2156 801 2224 aliosque,
821 2165 854 2208 ut
873 2157 1007 2210 videtur:
1032 2174 1114 2210 cuius
1133 2158 1202 2222 siri,
1228 2173 1301 2226 quae
1320 2154 1362 2208 ibi

201 2228 288 2281 allata
307 2235 384 2293 sunt,
403 2244 463 2281 non
481 2244 518 2279 ne
542 2225 659 2312 liganda
677 2241 736 2280 non
754 2227 947 2302 negleximus.

272 2301 321 2362 ut)
342 2246 632 2362 escendebamus,
651 2298 790 2366 aliosque,
809 2299 913 2366 quibus
931 2316 1001 2352 usus
1021 2305 1065 2351 est
1083 2298 1174 2352 Janns
1190 2295 1362 2352 Gebhardus

200 2371 233 2424 in
252 2369 459 2423 conscribenda
476 2368 513 2421 ad
529 2367 700 2421 Editionem
721 2367 927 2422 Gruterianam
945 2369 1146 2423 annotatione:
1174 2368 1363 2433 Dauisianoa,

200 2458 329 2510 quorum
352 2441 388 2492 fit
409 2439 520 2492 mentio
544 2440 575 2490 in
599 2437 671 2490 Edd.
693 2440 718 2493 2.
745 2446 774 2491 et
801 2445 834 2494 3:
868 2439 1115 2507 Guelferbytanum
1141 2441 1266 2503 Ernesti,
1302 2455 1364 2493 non

199 2511 308 2580 ubique
326 2512 361 2564 ab
380 2527 412 2565 eo
431 2510 507 2573 viro,
533 2511 658 2562 nimium
677 2517 819 2578 quantum
841 2511 1011 2571 festinante,
1043 2511 1218 2581 inspectum,
1245 2511 1365 2564 Codices

200 2577 371 2652 anonymos,
392 2581 442 2650 qui
462 2578 618 2632 laudantur
637 2580 668 2631 in
687 2579 904 2653 inargineEdd.
919 2581 1168 2634 Lambinianarum
1185 2585 1257 2649 (non
1274 2598 1363 2636 verae

200 2651 415 2713 Lambinianae‚
449 2667 522 2718 quae
548 2650 661 2719 prodiit
686 2667 763 2702 arina
789 2652 893 2717 1566),
912 2651 1086 2716 Gotlofredi,
1110 2652 1274 2720 Verburgii,
1306 2651 1362 2705 hos

201 2739 302 2777 omnes
320 2728 454 2775 accurato
482 2719 677 2796 diligentique
701 2738 755 2773 usu
773 2730 888 2775 nostros
906 2725 1040 2785 fecimus,
1066 2741 1169 2794 neque,
1189 2742 1259 2794 qums
1278 2721 1364 2776 exhi-

199 2793 271 2848 bent
288 2792 362 2846 Edd.
384 2791 547 2858 Cratandri,
575 2791 769 2858 Herwagiana
784 2792 881 2859 prim
900 2800 930 2846 et
948 2793 1079 2854 secunda,
1105 2797 1200 2848 varias
1219 2795 1363 2848 lectiones

200 2881 239 2917 ne
261 2863 403 2986 ignimus3
427 2862 537 2932 quippe
561 2862 666 2932 quibus
701 2862 877 2918 editionibus
904 2862 1077 2918 adornandis
1112 2864 1232 2920 Codices
1267 2864 1364 2918 Mssti

201 2952 217 2988 a
263 2937 327 2988 'iti
351 2936 418 2988 sint.
708 2960 715 2973 ·

272 3007 319 3071 25)
338 3006 436 3060 Unum
454 3004 505 3058 hic
523 3002 595 3059 addo
614 3007 823 3071 adiumentum,
843 3007 920 3076 quod
931 3006 1049 3077 quidem
1068 3023 1128 3062 non
1137 3009 1256 3062 maioris
1273 3009 1363 3073 facio,

201 3095 288 3148 quam
307 3084 451 3139 meretur,
482 3094 538 3130 nec
558 3092 627 3129 vero
645 3077 733 3146 plane
761 3077 868 3131 inutile
895 3096 1013 3132 censere
1039 3094 1164 3148 possum.
1201 3079 1256 3131 Est
1275 3077 1363 3145 liber,

201 3148 253 3220 qui
272 3148 454 3202 inscribitur.
493 3147 607 3200 Sumtus
626 3147 748 3200 Joannis
771 3147 904 3201 Valentis
923 3150 956 3201 de
972 3149 1114 3216 regimine
1133 3151 1207 3203 uitae
1225 3147 1365 3202 besmonae

200 3235 250 3275 eea
269 3220 438 3287 Margarita
458 3219 602 3271 doctorum
620 3219 659 3271 ad
677 3220 953 3286 antepropositam.
992 3220 1153 3290 Impressn's
1172 3227 1215 3273 est
1234 3219 1365 3273 Venetiis

198 3305 252 3357 per
270 3290 425 3357 Georgium
448 3289 636 3342 Arrivabenia
660 3290 850 3341 Mautuauum
878 3306 949 3343 asino
975 3291 1217 3354 mccccxcvt
1237 3292 1362 3344 octonis.

200 3360 284 3412 Vixit
308 3360 397 3412 huius
430 3359 500 3411 libri
531 3360 659 3428 scriptor
683 3360 768 3412 Anno
795 3359 907 3413 Christi
933 3360 1043 3417 MCCC.
1085 3363 1186 3415 Plures
1211 3361 1364 3416 Ciceronis

200 3430 388 3500 aliorumque
407 3437 540 3482 veterum
560 3428 638 3483 locos
658 3429 696 3492 (v.
718 3447 742 3482 c.
762 3428 898 3497 Senecae)
917 3448 969 3483 suo
987 3433 1069 3501 operi
1087 3433 1231 3494 intexuit3
1258 3430 1364 3486 lectio-

199 3517 253 3553 nes
272 3497 480 3570 nonnunquam
504 3499 592 3552 habet
617 3500 831 3564 memorabiles,
856 3503 906 3554 sed
925 3519 971 3553 eas
991 3519 1091 3570 saepo,
1113 3509 1148 3554 ut
1166 3520 1202 3554 ex
1220 3505 1364 3557 meinoria

198 3566 336 3624 videatur
353 3570 482 3623 laudasse
502 3568 684 3635 Ciceronem,
711 3572 821 3643 quippe
839 3573 921 3624 cuius
945 3574 1120 3625 sententiam
1138 3573 1246 3642 potius,
1273 3591 1363 3642 quam

199 3642 288 3696 verba
307 3658 454 3716 agnoscas.
491 3638 652 3694 Distribuit
669 3657 742 3711 opus
762 3659 845 3696 suum
872 3642 905 3693 in
923 3641 1036 3711 aliquot
1053 3651 1160 3712 partas.
1197 3643 1296 3696 Prima
1317 3644 1364 3696 in-

199 3710 339 3767 scribitur
366 3710 651 3781 Commauiloquium,
685 3713 778 3765 altera
804 3702 1089 3782 Compendiloquiam,
1117 3713 1206 3768 tertia
1231 3715 1364 3769 Breuita-

198 3782 304 3852 quium‚
336 3787 436 3852 quarta
455 3781 650 3837 ordinarium
668 3783 743 3836 citae
762 3782 923 3850 religiosae.
960 3783 1053 3838 Habet
1079 3785 1156 3839 liber
1182 3793 1315 3839 trecenta
1334 3795 1363 3840 et

240 3854 328 3924 'nque
350 3853 432 3916 folia,
459 3862 577 3923 praeter
604 3853 732 3906 indicem
765 3855 894 3923 capitum
921 3855 1074 3908 adrnodum
1104 3855 1243 3926 amplum.
1290 3856 1364 3910 hoci

225 3923 235 3975 i
255 3925 352 3978 crenis
371 3925 404 3977 in
422 3927 519 3995 prima
538 3923 726 4010 potissimum
738 3933 767 3978 et
779 3925 871 3979 altera
889 3932 973 3995 parte
992 3926 1141 4000 leguntur.
1165 3925 1208 3980 De
1218 3927 1364 3996 scriptore

198 3993 270 4047 libri
288 3995 348 4048 vid.
371 3994 497 4049 Gesneri
515 3995 732 4049 bibliothecam
750 3996 782 4048 in
799 3995 957 4066 Epitomen
975 3996 1120 4050 redactam
1160 4015 1192 4051 er
1203 3997 1363 4052 simlerum

196 4080 227 4135 p.
245 4068 307 4122 376·
325 4067 351 4119 b.
380 4065 432 4119 lin.
453 4067 496 4123 29.
533 4066 655 4120 Dicitur
680 4065 721 4118 ibi
747 4066 871 4120 Joaaaea
889 4065 1048 4133 Gnoams's,
1076 4015 1198 4144 Augias.
1234 4067 1306 4121 Fuit
1326 4088 1363 4122 ex

197 4137 300 4191 ordine
319 4136 456 4194 Fratrum
474 4138 632 4192 Minorum.

538 4261 600 4318 11.
652 4257 1022 4317 mattiones.

271 4350 383 4418 Quanta
401 4351 434 4403 in
451 4349 638 4405 Editionibus
657 4349 808 4405 veteribus
835 4350 929 4405 insint
947 4352 1116 4406 emendandi
1134 4349 1308 4415 adiumenta,
1337 4355 1363 4407 si

199 4424 266 4497 quis
284 4421 322 4477 iis
340 4429 422 4481 recte
440 4429 551 4489 utatur,
575 4437 669 4492 neque
687 4429 823 4477 numeret
847 4423 1046 4489 auctoritates,
1072 4423 1121 4477 sed
1139 4421 1293 4493 ponderet,
1323 4424 1363 4489 id,
