2828 5070
534 293 664 373 mem
685 310 713 389 1,
733 317 786 377 si.
1178 310 1242 380 tto

79 473 211 536 bomini
234 473 319 535 nihil
340 475 386 536 sit
413 494 480 536 non
508 477 631 539 malum
656 475 747 539 aliud
774 485 878 554 certe,
912 474 971 538 sed
1002 476 1088 539 nibil
1114 475 1241 541 bouum

80 557 176 619 alind
196 559 327 638 potius:
360 560 391 618 si
423 559 557 640 quidem
588 561 643 622 vel
675 559 725 620 dii
745 561 822 642 ipsi,
853 559 909 621 vel
937 578 1014 622 cum
1044 559 1110 622 diis
1133 563 1241 628 tumst

81 745 139 799 Sed
156 745 252 797 verbis
272 761 327 798 non
345 746 450 797 molum
474 746 557 799 aliud
574 752 648 801 certe
673 748 734 801 inte
772 747 862 811 ositis,
886 748 1005 810 factum,
1031 754 1065 799 ut
1082 750 1178 816 potius
1195 749 1242 804 ad·

81 816 213 869 deretur.
252 818 286 868 ln
303 833 360 868 nou
378 817 512 891 intelligo
531 818 633 882 dicam,
652 837 724 888 quae
743 819 855 891 elipsis
874 826 904 869 et
922 819 1041 871 Graecis
1060 828 1088 872 et
1106 822 1242 875 Romanis

82 895 115 940 et
132 887 307 939 nostratibus
325 888 358 939 in
374 906 428 939 usu
447 898 503 952 est,
522 898 556 940 ut
575 907 674 942 sensus
692 891 744 942 sit:
766 906 824 942 non
842 888 945 954 dicun,
965 889 1073 941 inalmn
1090 891 1169 943 aliud
1187 891 1242 945 sst-

82 965 146 1009 tem
164 975 223 1010 esse
241 957 364 1010 bomini.
403 958 458 1010 Sed
476 959 542 1011 fieri
560 969 665 1029 potest,
685 970 719 1012 ut
737 961 811 1023 aliis,
839 977 924 1028 quam
944 961 1094 1034 ingeniose
1113 960 1243 1015 Schelle-

81 1044 133 1080 rus
159 1029 296 1098 protulit,
325 1028 480 1098 explicatio
507 1030 628 1099 placeat.
673 1032 747 1084 Eam
773 1039 872 1084 minen
897 1030 973 1083 mibi
999 1032 1069 1084 ordo
1087 1032 1241 1088 verborum

81 1099 239 1168 repudiare
255 1099 403 1151 videtur.“
424 1100 538 1153 Nissen.

154 1193 186 1238 ut
204 1203 306 1241 aereas·
324 1188 392 1254 etc]
429 1189 522 1254 „eod
542 1189 674 1242 Cantabr.
704 1189 755 1243 sed
782 1196 855 1242 certe
880 1188 976 1259 potius
1002 1190 1078 1245 sitit
1095 1191 1176 1245 uliud
1193 1193 1241 1246 bo·
1323 1241 1326 1247 .

81 1270 158 1308 num.
194 1258 277 1311 Unde
301 1260 408 1312 scribo:
437 1260 557 1313 Tantum
582 1268 674 1312 autem
699 1261 784 1324 obest,
809 1267 840 1313 ut
860 1263 964 1315 malum
989 1279 1066 1316 mors
1093 1264 1134 1314 sit
1159 1263 1242 1333 (quod

81 1327 136 1379 tibi
154 1328 257 1381 diadum
274 1330 447 1395 videbatur),
466 1338 496 1383 ut
514 1346 623 1396 verear,
642 1348 676 1384 ae
693 1329 799 1385 homini
813 1330 886 1384 sitit
904 1334 952 1397 sit,
972 1350 1027 1387 aon
1044 1337 1146 1388 malum
1162 1335 1242 1388 uliud

82 1396 117 1461 (i.
137 1414 162 1450 e.
181 1415 239 1451 non
258 1401 360 1466 dicam,
380 1402 488 1453 malum
506 1403 595 1468 aliud)
614 1404 665 1454 sed
683 1409 759 1455 certe
777 1402 850 1456 nitet
865 1404 964 1457 bonum
983 1406 1067 1458 aliud.
1102 1406 1240 1459 Voculam

79 1469 177 1534 posim
195 1471 228 1522 ab
247 1471 341 1523 aliena
360 1490 418 1525 esse
437 1491 523 1524 manu
543 1474 647 1526 iudico.
685 1475 760 1526 Nam
778 1491 844 1527 cum
871 1484 935 1545 post
958 1476 1083 1552 negandi
1111 1477 1241 1546 particu-

82 1538 143 1590 lam
167 1555 229 1604 non,
249 1544 332 1594 modo
350 1545 401 1596 sed
420 1550 502 1608 certe,
522 1545 604 1597 modo
623 1545 674 1598 aed
688 1544 785 1612 potius
802 1546 930 1610 dicatur3
958 1548 1063 1617 aliquis
1078 1547 1176 1615 potius
1193 1565 1240 1602 su-

81 1613 263 1682 perscripsit,
283 1615 359 1683 quod
378 1616 483 1666 sensim
501 1616 531 1666 in
550 1624 662 1667 textum
682 1616 743 1668 irre
778 1615 933 1669 it.“1tatt.
969 1619 1076 1671 Contra
1094 1636 1160 1670 sum
1178 1634 1241 1673 mo·

81 1689 134 1734 net
152 1682 233 1734 Gens.
253 1686 317 1743 Jep.
335 1685 432 1753 potius
451 1702 510 1738 esse
528 1685 712 1738 Adiectivum
731 1686 741 1736 i
761 1688 1088 1756 emquePraedicatum:
1108 1691 1239 1759 recepti·

81 1768 140 1821 que
166 1753 265 1806 llathii
289 1756 447 1826 scriptione
475 1772 537 1808 eam
564 1757 682 1827 prodire
705 1757 888 1821 sententiam,
914 1767 947 1809 ut
974 1774 1052 1810 mors
1072 1766 1101 1810 ct
1119 1761 1239 1812 unicam

79 1823 191 1874 malurn
209 1826 247 1876 sit
266 1833 295 1877 et
312 1828 432 1878 unicum
449 1826 568 1878 bonum:
597 1827 673 1896 quod
691 1826 842 1878 absurdum
867 1836 917 1879 est.
943 1826 1037 1880 Reos.
1058 1831 1239 1896 „sententia,

80 1892 135 1958 ait,
154 1903 210 1946 est:
230 1902 331 1948 versos·
349 1913 382 1949 ne
400 1898 460 1949 olio
477 1898 581 1962 omniu,
600 1903 716 1964 praeter
733 1904 860 1961 mortem,
888 1897 964 1949 mola
982 1899 1050 1960 sint,
1076 1899 1126 1950 aed
1142 1901 1240 1966 potins

80 1963 216 2030 dismas,
242 1974 359 2035 praeter
384 1974 501 2020 mortem
524 1969 603 2020 uliud
621 1966 776 2020 nihilvm
794 1969 893 2021 bonam
912 1969 1006 2023 esse.“
1032 1970 1239 2038 Hottingeruss

80 2036 190 2087 locum
209 2038 284 2090 mihi
303 2040 404 2090 videor
421 2041 491 2091 olim
511 2056 618 2090 sanasse
637 2040 679 2091 sic
698 2039 726 2091 le
748 2057 810 2093 ens:
836 2056 871 2093 ne
897 2037 1006 2093 bomini
1030 2038 1239 2096 nihilium

79 2107 186 2159 mium
209 2107 301 2172 uliud,
329 2117 404 2162 certe
431 2108 506 2164 nibil
526 2111 625 2163 bonum
649 2110 709 2161 aliu
749 2111 856 2181 potius.
894 2111 983 2176 Quam
1008 2113 1238 2166 emendationem

78 2179 215 2248 probavit
241 2180 271 2232 O.
292 2181 326 2232 D.
345 2180 431 2232 Beck.
462 2183 492 2232 in
511 2182 619 2234 Corum.
648 2181 724 2233 acad.
753 2182 787 2234 de
806 2183 960 2250 interpret.
986 2192 1058 2235 vett.
1079 2200 1190 2254 scrr.p
1229 2221 1236 2235 .

79 2248 205 2301 uxw.
225 2251 403 2303 Emendandi
422 2269 517 2304 causas
536 2260 565 2303 et
583 2252 725 2304 rationem
751 2252 866 2322 plenius
894 2254 1012 2321 exposui
1041 2253 1072 2303 in
1091 2201 1236 2307 ΒίηἛ.

79 2325 256 2372 neuesten
283 2320 403 2375 theol.
429 2321 567 2393 philos.
595 2340 624 2372 u.
654 2322 816 2374 schlinen
842 2321 910 2372 Lis
937 2323 1044 2377 tlt-2.
1073 2340 1101 2390 p.
1122 2325 1176 2378 356
1194 2341 1236 2406 ⁸q·

78 2389 128 2443 Ex
145 2388 282 2443 Schellers'
300 2393 442 2446 sententia
459 2392 510 2444 hic
527 2393 585 2445 loci
604 2410 700 2444 sensus
720 2401 776 2444 est:
804 2396 912 2444 tantum
939 2392 1026 2456 obest,
1053 2399 1239 2447 utmorem

77 2461 194 2527 ardum,
214 2467 246 2514 at
264 2479 365 2516 vereor
384 2463 520 2534 (potius),
542 2479 576 2515 ne
594 2463 685 2516 omnis
704 2463 764 2516 aliu
782 2478 829 2515 rea
846 2463 887 2515 ss't
903 2464 1029 2529 profecto
1047 2462 1161 2527 malum,
1186 2464 1239 2519 sed

77 2532 160 2585 nullo
177 2533 239 2585 ulio
257 2550 305 2586 res
325 2534 364 2586 sit
382 2533 488 2587 ioms'ns‘
504 2534 602 2602 potius
619 2534 700 2586 bonu.
739 2533 818 2599 Quod
845 2534 869 2584 si
887 2533 991 2585 volunt
1014 2534 1103 2586 rerba
1121 2534 1238 2588 Cicero-

79 2603 136 2667 nis,
157 2604 247 2656 otiosa
264 2614 331 2657 sunt
349 2615 428 2658 certe
454 2607 549 2657 omnia
576 2623 591 2656 a
615 2623 642 2654 v.
663 2604 713 2656 sed
735 2603 812 2657 nulla
837 2623 869 2656 ns
913 2604 980 2656 ead
998 2604 1078 2658 bonu.
1117 2606 1237 2660 Hottin-

118 2675 146 2726 ri
163 2674 321 2728 lectionem
348 2685 520 2747 receperunt
539 2675 686 2729 FAWolf.
715 2674 832 2728 Schiitn.
892 2713 898 2724 .
929 2675 1032 2728 Weber
1060 2677 1092 2728 in
1118 2677 1234 2747 symbb.

78 2691 210 2799 &aarum
231 2756 260 2799 et
279 2747 365 2800 Critt.
385 2765 414 2819 p.
434 2749 486 2802 21³
505 2764 565 2815 sqq.
586 2745 647 2820 legi
664 2745 743 2798 vult:
770 2761 805 2798 ne
823 2742 931 2798 bomini
952 2745 1026 2800 subii
1041 2747 1082 2800 st’t
1104 2764 1156 2801 nos
1174 2765 1237 2804 ma·

78 2817 139 2869 lum
157 2816 252 2870 aliud:
280 2824 379 2871 certe
397 2817 457 2871 sed
483 2817 669 2892 (wenigstens
695 2815 781 2882 doch)
808 2814 881 2868 sitit
903 2817 1003 2870 bonum
1028 2819 1109 2872 uliud
1129 2820 1234 2889 potius

78 2889 136 2940 Pro
154 2894 230 2941 certe
248 2889 300 2941 sed
317 2890 357 2940 ait
375 2890 435 2964 legi
455 2888 572 2959 quidem
590 2904 670 2958 posse
697 2887 747 2939 sed
765 2893 855 2940 certes
883 2887 931 2940 sed
959 2890 1045 2940 illum
1064 2892 1151 2942 etiam
1168 2909 1235 2944 ver·

79 2959 183 3010 borum
201 2959 332 3012 ordinem
350 2974 467 3031 operose
485 2959 624 3024 defendit,
643 2958 800 3010 rationibus
819 2967 915 3010 autem
932 2961 1030 3011 utitur
1048 2969 1077 3012 ct
1093 2962 1235 3032 exemplis

78 3028 159 3081 nibil
176 3030 263 3100 plane
282 3030 316 3082 ad
334 3048 396 3084 rem
415 3030 595 3082 facientibus.
622 3027 774 3082 Ksllsnms
791 3029 961 3104 llottingeri
979 3030 1101 3083 lectioni
1119 3041 1235 3084 senten·

77 3100 152 3153 tiam
168 3098 245 3153 hane
274 3101 366 3154 inesse
393 3101 480 3153 dicit:
515 3117 616 3166 „mors
635 3118 692 3153 non
711 3100 803 3153 solum
820 3100 930 3151 malum
948 3100 1064 3150 nullum
1087 3108 1145 3165 est3
1174 3102 1234 3155 imo

100 3180 197 3223 raeter
222 3182 346 3225 mortem
368 3179 560 3242 'quaecunque
589 3171 644 3223 alia
669 3189 715 3224 res
741 3170 850 3222 malum
874 3179 924 3234 est,
953 3179 1033 3223 certe
1057 3170 1135 3222 nihil
1154 3170 1233 3224 aliud

103 3258 193 3294 onum
209 3243 408 3312 praestabilius
427 3250 469 3294 est
487 3242 547 3312 ipsa
565 3241 689 3294 morte.“
726 3241 852 3294 Orellius
876 3241 1000 3309 denique
1027 3240 1068 3292 ita
1095 3256 1159 3292 rem
1184 3258 1233 3293 ex-

75 3311 223 3385 pedivisse
248 3312 302 3365 sibi
326 3314 404 3365 visus
423 3321 475 3377 est,
498 3320 542 3379 ut,
567 3322 679 3365 servata
700 3312 838 3366 Codicum
860 3312 996 3375 lectione,
1023 3311 1141 3363 remotis
1165 3326 1233 3364 con·

76 3383 248 3436 structionis
276 3385 500 3455 impedimentis,
529 3383 560 3434 in
583 3401 615 3438 re
642 3392 702 3435 tam
720 3391 903 3435 controversa
929 3381 1059 3435 consulto
1077 3383 1233 3435 fortassee

75 3454 179 3509 Tullio
198 3456 335 3524 quaesitis
353 3455 406 3521 (t),
426 3471 521 3507 sensus
539 3453 589 3506 hio
608 3454 658 3507 sit:
679 3461 739 3521 „ut
756 3466 896 3518 censeam,
922 3451 1037 3505 bomini
1056 3452 1133 3503 nihil
1152 3453 1232 3507 aliud

76 3541 139 3579 esse
157 3525 264 3577 bonum
281 3526 386 3625 potins,
412 3523 481 3590 (adj.
503 3525 522 3576 i.
543 3541 567 3578 e.
587 3523 790 3596 praestantius)
816 3532 896 3577 certe
915 3522 993 3575 nihil
1020 3523 1100 3576 aliud
1118 3523 1231 3597 (aeque)

76 3610 137 3648 non
155 3596 284 3648 malum‘
331 3597 422 3649 Verba
440 3597 450 3646 i
472 3614 501 3648 sa
519 3604 578 3648 tam
595 3597 750 3649 artificiose
769 3596 948 3648 conformata
966 3601 1041 3659 sunt,
1062 3593 1122 3647 slve
1135 3597 1232 3666 potius

76 3666 238 3738 implicata,
256 3675 291 3718 ut
308 3667 359 3719 vix
379 3616 535 3742 intelligas,
555 3667 706 3737 quomodo,
732 3666 839 3718 sisana
856 3681 914 3719 non
932 3664 1000 3730 siut,
1027 3664 1112 3718 Oodd.
1133 3681 1232 3720 omnes

76 3737 111 3789 in
129 3753 228 3790 eorum
246 3737 346 3790 ordine
365 3739 539 3808 conspirent.
578 3739 640 3790 Nec
657 3753 727 3790 vero
743 3737 838 3803 potius
864 3753 931 3789 cum
948 3735 1052 3789 Rathio
1071 3753 1125 3807 pro
1144 3737 1229 3810 gloss.

74 3807 177 3860 haberi
204 3815 308 3892 potest.
346 3809 543 3878 Interpolator
559 3817 639 3862 certe
657 3807 687 3861 id
706 3807 872 3860 collocasset
897 3814 961 3876 post
978 3824 1006 3858 v.
1025 3807 1084 3859 sed.
1106 3831 1140 3844 ·-
1175 3806 1231 3860 Ρο-

75 3877 137 3931 tiss
160 3877 346 3932 Adiectivum
373 3879 460 3931 etiam
487 3888 528 3932 est
552 3880 586 3932 de
612 3878 716 3932 Inr.1.
738 3880 779 3933 lb.
805 3883 898 3930 utrum
922 3876 1067 3945 potius,
1092 3881 1142 3929 out
1159 3876 1231 3949 qst’d

72 3947 256 4018 potissimum
275 3950 324 4001 sit.
362 3950 506 4003 Videntur
524 3958 619 4002 autem
637 3950 707 4001 duae
725 3957 823 4000 nostro
848 3949 913 4001 loco
937 3947 1164 4002 constructiones
1184 3949 1231 4003 in·

75 4025 125 4072 ter
142 4037 173 4073 se
191 4020 371 4092 implicatae:
402 4022 429 4086 1)
449 4028 479 4073 ut
498 4037 608 4086 verear,
634 4035 669 4072 ne
685 4016 793 4072 bomini
816 4017 893 4072 ttt'bs'l
909 4018 947 4071 sil
964 4017 1064 4071 bonum
1082 4018 1163 4074 uliud
1176 4035 1230 4091 po·

75 4089 152 4156 tien
171 4092 200 4158 2)
218 4097 249 4144 ut
268 4105 377 4156 verear,
404 4108 438 4144 ne
464 4089 570 4145 bomini
595 4089 668 4144 nibil
685 4090 763 4143 atiud
779 4089 820 4144 sit
844 4106 899 4142 non
916 4091 1026 4143 malm
1063 4090 1148 4145 Prior
1165 4109 1245 4146 sen-1

73 4162 169 4215 tentia
186 4164 285 4233 paullo
304 4162 439 4216 audacior
455 4170 636 4235 temperatur
652 4161 822 4232 posteriore,
842 4161 890 4213 cui
909 4160 1025 4214 additur
1032 4168 1117 4228 certe,
1137 4176 1228 4232 eaque

73 4233 285 4303 praemittitur,
314 4250 371 4303 quo
396 4235 472 4286 facto
491 4236 582 4306 prior,
607 4241 709 4304 utpote
730 4231 779 4284 vel
797 4230 895 4300 κλίμαξ
912 4233 961 4285 rel
979 4230 1126 4298 ἀντίθεσις,
1154 4233 1229 4284 inci·

96 4320 146 4356 ere
164 4305 292 4370 debebat,
310 4313 345 4357 ut
361 4307 527 4389 postposite,
546 4324 562 4359 a
579 4305 637 4358 sed.
675 4301 821 4357 Similiter
839 4303 1011 4357 Germanice
1029 4303 1120 4356 dicas:
1148 4303 1228 4354 dal's

74 4319 138 4426 ich
174 4375 304 4441 dsnke,
342 4376 466 4446 niehts
492 4377 720 4452 wenigstens
757 4373 807 4427 sei
842 4375 904 4426 fur
937 4373 1005 4426 deu
1030 4371 1228 4426 menschen

73 4445 203 4519 gleich
220 4445 306 4501 sehr
322 4447 409 4501 kein
427 4437 531 4513 libel,
549 4446 584 4513 ia
600 4445 728 4500 nichts
746 4445 805 4501 ein
822 4441 1012 4522 tritiores
1029 4443 1110 4498 Gut.
1148 4443 1228 4497 liuto

940 4548 1003 4615 1⁷*
