2828 5070
209 312 272 377 all
411 304 915 373 elcen0N18.‘r[Jscm.AN.
938 304 1171 372 Dlsrorn‘r.

202 474 409 557 corporibus
439 474 593 537 humanis
614 477 717 537 vitam
747 477 869 537 imitati
892 472 1045 552 deorum,
1078 470 1131 536 bis
1158 471 1203 536 ad
1232 471 1365 550 illone

167 561 329 642 'liquibus
351 569 459 621 essent
480 560 636 639 profecti,
658 558 806 620 reditum
829 559 959 619 facilem
981 555 1110 639 palere.
1140 557 1262 637 ltaque
1277 572 1364 617 oom-

70 640 78 651 '
200 638 381 713 hiemorat,
403 652 442 703 ut
463 644 574 726 cygni,
604 642 661 722 qui
683 659 750 701 uon
772 646 844 703 sine
865 660 964 703 ceusu
986 638 1267 721 Apolliui'tlioati
1287 641 1362 717 siet,

201 767 336 780 ,....-.-.

205 845 243 881 ex
262 827 349 882 Codel.
369 827 439 903 Reg.
461 827 506 891 (ut
524 826 596 892 vid.)
615 825 688 880 Gud.
712 831 736 880 1.
756 828 783 880 2.
803 824 916 895 aliquot
936 825 1006 878 Onx.
1026 827 1101 878 Mon.
1122 829 1148 881 2.
1168 824 1262 878 Rehd.
1292 823 1360 876 Gut.

205 899 289 950 vind.
311 903 334 954 l.
355 897 411 951 les.
431 899 463 951 in
482 915 574 971 marg.
595 896 679 950 Verb.
710 895 825 966 Gryph.
852 895 909 951 MS.
936 898 968 949 in
995 913 1059 949 mar
1081 913 1093 948 .·
1107 895 1172 949 Asc.
1193 898 1221 952 2.
1241 895 1316 949 Ede.
1333 895 1360 947 P.

201 969 238 1033 Α.
261 971 290 1022 Β.
317 970 387 1024 Van.
415 976 506 1021 nostr.
532 969 595 1021 Asc.
624 973 647 1023 l.
675 966 786 1020 Sturm.
812 967 936 1022 HWolf.
963 966 1035 1020 Dav.
1095 974 1195 1020 anetae
1219 974 1251 1019 et
1276 961 1360 1019 Medd.

203 1039 326 1094 Iteislsii.
364 1039 483 1107 Reliqui
501 1036 608 1092 habent
626 1044 808 1090 secernerent.
846 1035 992 1092 Similiter
1010 1037 1145 1107 loquitur
1163 1037 1227 1092 cic.
1248 1036 1286 1091 sle
1297 1035 1360 1089 niv.

205 1114 228 1164 1.
248 1116 291 1168 311.
312 1113 363 1181 633
390 1112 461 1161 Cum
479 1141 512 1151 -
531 1115 572 1161 eet
593 1116 790 1169 ,sevocatus
817 1109 927 1161 animus
947 1141 979 1151 -
998 1124 1017 1160 o
1036 1108 1206 1174 contagione
1225 1106 1359 1176 corporis.

205 1184 240 1233 ln
260 1200 337 1251 seqq.
359 1180 427 1234 Cod.
448 1178 548 1231 Duisb.
573 1179 659 1232 habet
684 1179 795 1232 intituli
820 1179 915 1232 viram.
945 1179 1019 1233 Gud.
1040 1183 1065 1236 2.
1085 1180 1145 1231 tito
1166 1178 1293 1234 incitata.
1328 1177 1360 1231 lu

202 1271 281 1323 seqq.
301 1251 386 1303 Vind.
407 1254 433 1306 2.
457 1252 581 1318 profecli
603 1259 702 1303 essent.
741 1249 786 1302 Ad
813 1250 985 1303 senteutiam
1013 1252 1052 1303 cf.
1077 1250 1176 1302 locum
1194 1249 1298 1319 peullo
1316 1264 1360 1302 su·

202 1327 301 1394 parius
321 1322 469 1374 laudatum
488 1321 566 1374 Lael.
586 1325 614 1386 4,
635 1325 676 1377 13.
703 1321 857 1390 Respicere
877 1320 1049 1375 Ciceronem
1077 1327 1178 1375 monet
1201 1318 1310 1375 Ochsu.
1328 1317 1360 1372 ad

199 1395 368 1448 animorum
397 1393 581 1461 apolinnpiw,
622 1409 709 1460 quarn
741 1392 891 1456 vocabant,
927 1392 1084 1462 laudatque
1120 1392 1177 1444 duo
1211 1390 1361 1449 Ciceronis

202 1467 348 1538 Eragmm·
375 1479 410 1515 ex
435 1462 591 1516 Hortensio
622 1471 651 1515 et
679 1462 883 1515 Consolatione
907 1480 935 1532 p.
966 1466 1036 1519 11198
1059 1470 1089 1515 et
1115 1465 1195 1518 noo.
1232 1463 1361 1530 itemque

201 1534 301 1588 Somn.
323 1531 400 1600 Scip.
421 1550 445 1584 c.
465 1535 491 1587 9.
529 1532 619 1597 Adde,
643 1550 728 1601 quem
756 1550 844 1602 supra
868 1532 995 1597 laudavi,
1026 1533 1180 1585 lrhorium
1206 1531 1244 1586 ‹la
1269 1532 1361 1586 Palin-

224 1605 320 1658 enesia
339 1610 470 1655 veterum
489 1621 516 1672 p.
538 1606 591 1658 416
609 1621 651 1672 sq·
671 1602 806 1658 Walchii
825 1602 893 1655 hex.
914 1604 1021 1656 Philos.
1050 1622 1078 1673 p.
1100 1605 1292 1660 meo—2³41.
1328 1601 1360 1655 ln

199 1623 261 1729 bne
279 1671 393 1744 periodi
412 1681 455 1727 est
475 1674 507 1726 in
519 1673 604 1738 Vind.
620 1678 645 1728 2.
675 1675 788 1739 facilem
806 1675 948 1736 redituum
969 1675 998 1725 in
1018 1674 1127 1727 duobus
1146 1676 1218 1730 Oxx.
1240 1675 1362 1729 rediture

201 1747 277 1815 feci
283 1747 314 1798 le
336 1752 444 1813 periere,¹
476 1743 554 1815 quod
570 1746 694 1797 fortasse
713 1746 888 1797 correctoris
907 1744 1030 1798 alicuius
1049 1742 1212 1798 industriae
1230 1744 1362 1800 debetur.

199 1818 256 1871 Pro
277 1834 354 1885 sequ.
378 1817 477 1885 Itaque
504 1815 574 1869 Ern.
599 1815 658 1867 Au.
684 1817 746 1884 Bip.
774 1815 920 1868 rewers.
950 1814 1034 1867 Schz.
1063 1814 1145 1868 lloel.
1166 1814 1362 1879 Nobb.=(sine

201 1890 289 1943 slubio
309 1903 462 1956 operarum
483 1902 582 1941 errore
602 1903 635 1938 ex
654 1886 725 1938 Ern.
748 1886 778 1937 in
798 1886 924 1954 reliquas
943 1885 1116 1960 propagato)
1141 1885 1185 1937 ilo
1205 1884 1362 1940 exhibent:

199 1961 277 2012 sande
301 1958 482 2013 FAWolfius
508 1958 539 2009 in
566 1955 674 2009 scholis
702 1973 854 2025 perperam
891 1956 1050 2024 explicarit
1083 1956 1205 2009 initium
1227 1957 1363 2026 periodi:

201 2035 348 2093 nsemorol,
369 2028 413 2080 ilo
432 2027 505 2078 uiris
522 2026 604 2078 bonis
623 2043 681 2079 esse
698 2027 868 2092 faciendum.
908 2025 1036 2078 Verbum
1055 2034 1256 2080 conurremorot
1275 2029 1363 2081 omit·

200 2101 239 2152 tit
258 2099 325 2152 Cod.
337 2101 410 2172 Aug.
422 2091 523 2152 Reisk.
544 2105 662 2165 praeter
680 2099 881 2150 necessitatem
893 2099 1021 2150 coniecit
1033 2097 1276 2152 commemorabat.
1296 2099 1361 2153 Mr.

196 2220 203 2230 ·
255 2187 311 2241 ·Ut
329 2188 421 2263 cygni
441 2214 474 2224 -
492 2185 665 2253 moriantur]
685 2186 825 2238 lumbino
844 2187 1029 2239 scribendum
1047 2187 1165 2241 videtur
1182 2186 1297 2256 cygnis.
1323 2189 1364 2241 At

200 2259 321 2315 Servius
339 2260 374 2312 ad
393 2259 463 2314 Aen.
484 2257 508 2317 1,
527 2259 588 2313 397.
607 2273 707 2310 vocem
728 2257 814 2324 cygni
832 2265 940 2309 tuetur.
961 2259 1034 2311 llled.
1054 2274 1134 2322 vero,
1153 2256 1222 2312 Bak.
1244 2267 1279 2310 et
1288 2259 1364 2312 Ven.

202 2337 278 2389 1491.
317 2330 384 2403 quia
400 2329 590 2399 providentes.
628 2329 697 2400 Leg.
724 2327 804 2396 quasi
825 2328 1004 2395 proaidenrea
1025 2356 1053 2366 -
1084 2345 1147 2381 cuns
1163 2335 1250 2381 contu
1268 2334 1297 2382 el
1312 2346 1365 2383 oo·

200 2406 305 2472 lnptale
323 2404 500 2458 moriuntur.
538 2399 578 2450 Et
596 2399 759 2451 morirsntur
777 2398 885 2451 diserte
904 2399 1020 2467 quidem
1039 2399 1154 2453 Balliol.
1184 2399 1364 2454 ilie-autem

200 2477 281 2530 locus
308 2494 343 2529 ex
366 2473 496 2529 Platonis
521 2468 664 2524 Phaedon.
693 2488 758 2590 ρεὶ.
789 2470 849 2524 387.
880 2477 923 2521 est
946 2488 1108 2540 expressus.
1154 2470 1258 2534 Verba,
1285 2487 1364 2540 qaue

198 2548 286 2601 etiam
305 2550 420 2615 profert
439 2541 577 2598 Stobeeus
597 2541 689 2594 Semn.
711 2539 734 2592 C
759 2539 806 2591 lx.
831 2543 979 2661 ΡῖἧᾱθθῚ.
1006 2543 1048 2594 sic
1073 2558 1101 2594 se
1128 2540 1250 2595 habant:
1272 2540 1365 2596 ’Ἀλλὰ

199 2626 293 2672 κύκνοι
311 2618 367 2683 ἅτε,
386 2616 472 2685 olnae,
493 2619 544 2669 τοῦ
561 2611 728 2671 Ἀπόλλωνος
746 2613 821 2671 ὄντες
840 2611 853 2675 (
913 2629 927 2664 e
946 2610 1103 2680 synesium
1121 2613 1206 2665 Dion.
1226 2628 1293 2688 pag.
1312 2617 1364 2669 64.

198 2689 245 2754 Α.)
263 2692 395 2752 pertenui
417 2688 450 2740 τὲ
465 2687 516 2740 εἰσι
556 2689 602 2741 καὶ
628 2676 782 2754 προειδότες
800 2683 833 2733 τὰ
853 2680 883 2734 ἐν
910 2682 982 2751 ᾅδου
1004 2681 1107 2750 ἀγαθά,
1133 2682 1236 2751 ᾅδουσί
1255 2703 1288 2737 aa
1313 2688 1364 2738 scal

198 2759 344 2826 τέρπονται
368 2756 473 2826 ἐκείνην
498 2778 548 2825 την
573 2759 684 2830 ἡμέραν
707 2753 894 2824 διαφερόντως
917 2753 935 2819 ἤ
958 2751 988 2805 ἰν
1011 2756 1050 2820 τῷ
1069 2756 1230 2826 ἔμπροσθεν
1247 2749 1362 2824 χρόνῳ.

198 2830 238 2883 Plt
256 2847 419 2906 cygnorum
439 2827 557 2899 quidem
585 2833 616 2883 in
642 2833 739 2884 morte
762 2832 877 2876 cantum
904 2825 1080 2878 testimoniis
1104 2827 1164 2877 suis
1183 2825 1364 2880 confirmant

197 2909 330 2956 velerum
342 2901 483 2971 plurimi.
521 2901 603 2956 luter
621 2903 692 2957 alios
712 2895 780 2954 vide
799 2893 996 2948 Themistiurn
1016 2896 1092 2948 Orat.
1102 2897 1149 2948 XV
1153 2896 1206 2950 111.
1221 2900 1362 2972 pap-223.

197 2972 416 3027 Artemidorum
435 2973 530 3026 0neir.
557 2973 606 3026 hb·
626 2973 663 3026 11.
690 2991 726 3043 pa
751 3010 756 3022 .
779 2970 841 3027 1118.
867 2974 896 3019 et
923 2964 1062 3020 Tzetzern
1091 2967 1125 3020 ad
1151 2966 1362 3037 Lycophronis

198 3062 241 3098 rs.
253 3046 315 3100 416.
338 3045 413 3114 Quin
433 3052 461 3098 et
480 3047 571 3120 cygni
588 2991 756 3098 moribunii
775 3049 893 3095 cunnum
912 3037 1047 3159 seplana
1061 3037 1242 3091 exaudivisse
1260 3054 1363 3109 nuper

199 3123 322 3170 testatus
342 3124 385 3169 est
404 3116 451 3170 Pr.
472 3115 622 3170 llesselius
640 3117 671 3169 in
689 3115 784 3184 Epist.
800 3112 900 3167 Dedie.
921 3110 957 3159 Vr
978 3124 1006 3160 ιο
1017 3108 1166 3178 sequestri
1184 3109 1357 3179 praemitte.

199 3182 310 3240 Plinius
326 3195 424 3240 tamen
443 3187 478 3241 ll.
498 3188 534 3239 N.
553 3188 587 3252 X,
606 3189 649 3244 13.
675 3187 788 3240 Olorem
807 3188 837 3239 in
854 3189 945 3238 morte
964 3187 1105 3234 narratur
1122 3180 1227 3242 flebilis
1243 3181 1358 3235 cantio:

198 3260 284 3325 falso,
310 3266 342 3311 ot
366 3259 493 3311 arbitror
521 3258 632 3326 aliquot
656 3257 867 3325 experimentis.
910 3254 982 3307 Cum
1006 3268 1040 3304 eo
1058 3250 1173 3303 faciunt
1190 3251 1361 3306 Alexander

198 3331 334 3401 Myndius
353 3330 429 3399 apud
447 3328 627 3383 Athenaeum
655 3329 706 3381 lib.
728 3328 774 3384 lX.
794 3346 859 3402 pag.
880 3328 942 3381 393.
977 3323 1117 3378 Aelianus
1140 3324 1172 3373 V.
1193 3324 1228 3375 Η.
1250 3322 1357 3387 11,14,

200 3411 230 3455 et
248 3401 391 3453 Lucienus
418 3400 453 3452 de
471 3399 591 3454 Electra
619 3398 701 3453 Pom.
721 3399 757 3452 11.
785 3415 850 3475 pag.
868 3399 930 3452 371.
959 3394 1046 3461 [Adel.
1066 3392 1174 3462 Appul.
1194 3393 1231 3448 de
1247 3392 1355 3469 Dagon.

197 3471 269 3525 Plan.
289 3472 312 3528 1.
332 3472 400 3523 luit.
420 3469 493 3534 Ma]
518 3471 554 3523 D.
602 3475 605 3481 ·

203 3558 205 3563 ·
270 3549 300 3594 uc
325 3540 410 3612 cygni
431 3541 505 3612 etc]
543 3541 627 3593 Locis
653 3539 690 3593 <le
716 3556 880 3617 cygnorum
903 3548 990 3592 centu
1013 3538 1117 3592 aDav.
1139 3535 1265 3590 laudatis
1282 3535 1358 3592 adde

198 3612 351 3665 Heindorf.
376 3608 412 3664 ad
436 3611 508 3663 Plat.
529 3611 669 3665 Phaedon.
694 3628 721 3680 p.
744 3615 795 3667 114
814 3630 854 3681 sq.
882 3610 952 3681 ibiq.
973 3610 1049 3666 laud.
1069 3611 1210 3662 JHVossii
1229 3609 1356 3679 lllythol.

179 3671 246 3736 'lin
266 3682 303 3736 11.
323 3700 351 3752 p.
372 3685 408 3738 98
426 3699 488 3752 sqq.
518 3682 729 3751 Wyttenbach.
756 3681 792 3734 ad
810 3683 921 3734 Platon.
943 3680 1081 3735 Phaedon.
1110 3700 1138 3754 p.
1160 3684 1212 3737 ms
1231 3697 1273 3749 sq.
1302 3682 1356 3752 qui

199 3755 289 3810 etiem
299 3754 335 3807 de
353 3754 481 3806 lectione
499 3754 559 3806 loci
578 3755 672 3806 nostri
690 3761 799 3818 monet,
818 3755 917 3828 legens
930 3753 1023 3805 dicati
1039 3755 1129 3814 sint,
1148 3752 1357 3822 observarique

198 3825 280 3880 iubet
306 3827 400 3879 doctos
424 3823 453 3875 h.
474 3824 496 3876 l.
523 3825 639 3877 eosdem
658 3825 728 3887 dici,
755 3839 826 3894 quos
848 3822 1031 3893 philosophos.
1063 3824 1158 3876 Solen.
1178 3823 1214 3875 ad
1231 3824 1354 3879 Lucian.

198 3895 315 3948 'll-Vll.
334 3915 362 3967 p.
382 3899 442 3951 576.
462 3896 537 3950 rned.
565 3893 629 3966 Bip.
654 3895 769 3949 Stobaei
796 3895 879 3948 locus
903 3896 933 3947 in
957 3894 1012 3947 Ed.
1041 3895 1132 3948 Gaias.
1152 3901 1205 3947 est.
1241 3891 1276 3945 Τ.
1296 3894 1358 3946 111.ι

220 4009 226 4021 .
247 3971 308 4022 472.
346 3966 478 4019 Lambini
496 3968 663 4020 Lectionem
685 3967 783 4036 cygnis
806 3963 883 4019 eolus
903 3966 1075 4019 Bouhierius
1099 3966 1247 4035 probavit,
1272 3964 1356 4018 addi·

197 3984 299 4108 iitque
317 4036 469 4090 delendum
488 4047 637 4107 praeterea
657 4057 717 4091 esse
735 4039 785 4090 aed
803 4045 833 4091 et
851 4038 891 4089 ita
909 4038 936 4089 le
960 4038 1080 4089 endum:
1114 4039 1212 4106 Itaque
1235 4051 1356 4088 canime-

197 4116 300 4173 morat,
319 4115 350 4160 ut
367 4109 498 4176 cygnis
522 4109 532 4172 (
542 4110 590 4179 qul
608 4125 664 4162 non
681 4110 742 4161 sine
760 4124 846 4176 causo
863 4057 994 4178 Apollini
1012 4108 1103 4160 dicati
1121 4115 1195 4171 sant,
1225 4106 1298 4176 qaod
1315 4107 1354 4158 ob

199 4197 231 4233 eo
250 4177 456 4233 diuinationem
474 4178 574 4233 laem
592 4182 749 4245 uideantur,
770 4194 823 4250 quo
840 4181 1029 4248 procidentes,
1050 4181 1118 4249 quid
1135 4180 1167 4232 in
1185 4176 1356 4230 montebono·

198 4252 246 4319 eil,
267 4269 327 4303 eum
346 4256 428 4303 conlo
446 4258 472 4304 el
491 4253 632 4320 voluptate
650 4253 844 4320 morientum)
864 4253 906 4303 sic
923 4251 1049 4304 erunibus
1067 4257 1094 4302 et
1112 4251 1237 4304 donisel
1256 4247 1353 4301 doctis

198 4338 259 4376 erse
285 4324 451 4388 faciendum.
490 4322 690 4393 Wopkensius
716 4331 813 4375 autem
837 4321 928 4377 Laett.
955 4321 1034 4377 Tull.
1081 4363 1087 4376 .
1114 4325 1157 4377 ltl.
1187 4320 1231 4374 ed.
1256 4317 1351 4376 bland.

149 4437 150 4440 ¹
197 4410 347 4465 „operam
359 4397 409 4456 ait,
422 4395 538 4456 ludunt,
558 4395 665 4463 siquid
684 4411 700 4446 e
722 4392 846 4463 enideo,
866 4339 1237 4446 barnoinusetbavisius.·‘
1254 4390 1352 4447 Aliam

195 4463 386 4539 parenthesin
405 4466 435 4519 iu
455 4482 507 4520 sua
524 4459 578 4522 lid.
597 4466 669 4518 iecit
687 4412 855 4530 liWotnus,
882 4478 982 4534 aeque
994 4473 1091 4518 tamen
1109 4480 1142 4517 ea
1159 4463 1355 4535 ἀνακόλουθον
