2828 5070
570 290 698 353 utam
724 289 753 370 ι,
778 290 810 355 r.
1225 293 1267 359 ta

124 457 179 533 (sic
197 455 289 518 enim
308 452 393 517 mihi
412 455 450 514 iu
468 455 657 536 praeseutia
669 454 832 532 occurrit,
853 462 893 514 ut
903 454 1104 536 appellarem
1115 448 1266 539 ἄξι’ωμαι

121 639 264 710 srahqaia
280 639 443 710 appellant,
459 655 533 709 quae
552 637 658 692 Graeci
676 634 827 721 demptura.
848 670 882 682 -
900 637 1024 692 Axioma
1041 649 1137 695 autem
1159 662 1183 696 s.
1199 660 1267 713 pro-

123 712 274 765 ammes·
297 729 320 765 s.
337 709 524 779 proloquium,
548 717 597 771 ‚est
619 715 774 773 sententia,
801 708 834 760 iu
860 725 917 777 qua
933 707 1012 761 nihil
1035 710 1215 777 desideratur
1232 740 1266 753 -

121 781 199 852 quale
216 778 276 834 ltcc
294 787 354 835 est:
372 779 469 848 Scipio
486 778 669 832 Numantiam
687 778 790 831 deiecit
810 805 844 816 -
863 785 894 831 et
919 778 1039 833 omnino
1063 781 1201 853 quicquid
1226 784 1267 837 ita

122 852 234 914 licitur,
252 849 342 921 plena
359 858 390 904 et
406 850 538 920 perlecta
555 848 712 903 verborum
730 849 886 913 sententia,
904 856 939 901 ut
957 848 988 901 id
1006 865 1125 905 neeesse
1143 854 1192 919 sit,
1218 861 1269 906 aut

121 938 220 976 veum
236 928 290 975 aut
304 920 415 974 falsum
434 935 505 973 esse.
526 950 559 963 -
578 918 657 971 Alibi
675 921 713 974 M.
732 916 851 972 Tullius
868 918 946 972 dixit
964 917 1081 985 [Acadd.
1101 922 1138 975 ll.
1154 925 1199 978 22.
1210 923 1268 989 w]

121 993 339 1046 indumentum
355 989 525 1043 dialecticae
548 1004 611 1044 esse
633 989 759 1054 micina,
786 988 864 1057 quod
886 989 930 1042 ait
954 1006 1016 1043 esse
1043 991 1124 1059 quasi
1147 993 1267 1056 effatum,

120 1062 166 1115 tut
182 1071 339 1131 praeterea
357 1057 467 1122 ἀξίωμα
484 1086 518 1101 -·
536 1059 614 1128 quod
640 1059 694 1113 alii
720 1059 882 1112 adiunctum
904 1058 957 1112 alii
982 1076 1137 1113 mannum
1154 1062 1268 1116 dixere:

122 1133 146 1185 il
169 1132 232 1185 tale
256 1138 319 1185 est:
355 1130 392 1185 Si
408 1131 491 1184 Pluto
519 1131 651 1193 amoueo
679 1129 760 1183 Picto
783 1136 909 1183 moretur
927 1160 984 1193 -.,
1006 1131 1061 1183 Est
1087 1132 1160 1184 item
1179 1132 1270 1197 aliud,

120 1202 191 1272 quod
216 1201 327 1255 oneri
349 1199 544 1271 διεζευγμένον
567 1197 689 1272 ἀξίωμα,
714 1215 767 1254 nos
791 1200 966 1253 disiunctum
986 1201 1167 1269 proloquium
1195 1202 1271 1254 dici·

122 1290 186 1325 naa
225 1272 261 1326 ld
278 1270 447 1325 huiusmodi
466 1277 522 1325 est:
557 1270 617 1322 Aut
641 1270 746 1324 matum
772 1277 815 1323 est
837 1273 974 1337 octuplos,
1005 1278 1053 1322 cut
1077 1271 1190 1326 ὁοιιιιιιιι
1220 1278 1270 1325 cast

123 1358 202 1412 aeque
221 1343 323 1396 tuam
341 1356 427 1411 aeque
443 1342 549 1393 mutum
566 1346 618 1393 eat.
656 1340 816 1394 Martianus
836 1340 953 1411 Capella
979 1340 1012 1393 iu
1036 1341 1113 1396 libro
1140 1341 1271 1396 dialecti-

122 1412 221 1467 caede
237 1413 385 1465 axiomate
401 1442 437 1453 -
454 1413 498 1465 sic
515 1413 574 1464 ait:
593 1408 669 1481 quod
685 1412 779 1464 luerit
796 1427 831 1463 ax
850 1411 1031 1465 nominativo
1049 1428 1117 1466 casu
1141 1413 1270 1467 nominis

124 1491 149 1537 st
162 1482 254 1539 tertia
271 1481 354 1535 verbi
372 1497 496 1551 persona
513 1481 714 1542 coniunctum,
732 1479 923 1551 proloquium
942 1481 1061 1538 dicitur.
1096 1483 1188 1560 Ergo,
1215 1481 1270 1534 sai-

124 1568 163 1607 stt
178 1560 225 1607 eat
241 1553 288 1608 tt.
309 1551 434 1604 Crustu
450 1551 640 1622 proloquium
658 1569 681 1606 s.
700 1552 921 1620 pronuntiatum
950 1553 1017 1618 erit,
1045 1548 1184 1608 videlicet
1207 1571 1270 1608 seu·

125 1624 210 1677 tutta
235 1624 371 1695 perlecta
397 1638 436 1676 ex
455 1622 575 1674 nominc
603 1630 633 1674 et
656 1620 761 1675 verbo:
790 1622 867 1690 quod
891 1623 917 1674 si
940 1622 1060 1676 verbum
1084 1642 1269 1695 suppressum

75 1758 77 1763 Ι
125 1694 219 1759 luerit,
247 1700 293 1757 ut,
317 1692 405 1745 ariter
431 1693 474 1746 Μ.
496 1691 628 1756 crassae,
661 1689 739 1743 nihil
766 1691 991 1765 significabitur,
1017 1710 1072 1745 nec
1098 1695 1271 1765 implebitur

125 1765 271 1827 utentia,
295 1762 355 1815 nisi
377 1763 498 1816 verbm
526 1768 568 1814 eat
598 1760 867 1843 ιιιῐιίιιιιιῙΙὶςιιιιικκ
892 1791 926 1803 -
960 1759 1142 1816 Camerarius
1175 1766 1210 1818 ad
1240 1784 1269 1817 v.

125 1833 276 1888 &lecticis
293 1831 379 1886 haec:
398 1831 624 1897 „Grammaticm
644 1831 794 1883 dialectum
813 1839 844 1884 et
868 1829 1009 1884 rlitoricc
1032 1834 1064 1885 in
1088 1841 1192 1888 neutro
1219 1850 1271 1910 ge·

125 1920 186 1959 tate
203 1922 272 1959 eum
290 1903 440 1968 dicuntur,
457 1909 613 1973 praecepta
632 1901 837 1976 significantur
854 1902 962 1954 artium
981 1901 1129 1954 illarum.“
1146 1902 1190 1957 De
1200 1920 1271 1957 voce

125 1970 229 2045 ἄεισμα
245 1975 289 2028 ait
305 1990 367 2026 eam
387 1989 449 2026 essa
468 1973 526 2025 dud
544 1980 596 2025 acet
613 1968 711 2032 ἀξιοῦν
729 1971 749 2023 i.
771 1988 794 2024 e.
822 1987 938 2024 censere
967 1978 997 2023 et
1022 1970 1117 2024 vallet
1143 1974 1271 2044 itemque

125 2045 176 2099 diei
192 2045 285 2101 etism
303 2038 446 2113 ἀξιώματα
464 2043 583 2097 Graecis
602 2037 757 2108 προτάσεις,
776 2039 906 2113 λήμματα
925 2048 955 2095 et
971 2036 1068 2110 ἀρχάς.
1097 2043 1161 2100 Vid.
1182 2045 1270 2098 etiam

125 2124 231 2171 miras
248 2123 363 2170 auuott.
382 2113 419 2167 ad
436 2114 497 2169 cic.
518 2114 554 2167 de
572 2113 644 2167 Fato
662 2114 684 2165 1.
727 2114 816 2168 tot.
836 2111 905 2164 coll.
931 2127 959 2181 p.
979 2114 1040 2168 tte.
1067 2111 1208 2168 licerent.
1235 2114 1272 2168 ad

126 2184 178 2241 ilic.
197 2183 436 2254 Acattl.1.p.
457 2187 509 2240 173
527 2183 598 2254 ibiq.
627 2184 723 2236 laud.
749 2182 849 2236 Breuni
875 2181 912 2235 ad
936 2180 994 2234 Cic.
1019 2182 1056 2237 de
1073 2182 1144 2237 Fato
1164 2190 1207 2249 11,
1225 2188 1270 2243 ld.

124 2257 167 2312 ult
183 2264 230 2314 est
244 2253 460 2324 pronuntiatio.-
486 2254 556 2324 ibiq.
577 2268 629 2307 nos
647 2271 677 2324 p.
697 2256 761 2308 tlt.
787 2253 849 2307 Jac.
875 2252 1035 2305 Facciolati
1058 2253 1181 2327 logicae
1205 2254 1272 2309 Dis·

125 2327 186 2399 eipl.
204 2327 384 2381 Redimenta
403 2325 439 2391 (8.
459 2326 561 2379 Venet.
582 2324 721 2392 122821).
742 2325 785 2379 dl).
807 2324 896 2377 eiusd.
926 2322 1129 2375 institutiones
1147 2327 1272 2398 Logicae

125 2397 275 2470 luipatet.
294 2396 344 2462 (ib.
366 2394 462 2462 1729.)
479 2410 508 2464 p.
529 2398 573 2451 39.
593 2402 653 2449 not.
672 2397 699 2451 2.
719 2401 759 2458 et,
782 2393 834 2462 qui
853 2392 896 2444 ibi
916 2392 1060 2457 laudatur,
1083 2394 1184 2447 Murat.
1205 2395 1271 2447 Var.

125 2467 211 2525 lectt.
228 2467 278 2521 Vl.
297 2470 324 2523 2.
344 2465 386 2536 (p.
406 2467 467 2522 lta.
489 2462 737 2528 et.1tutmk.)-
770 2463 806 2516 ln
832 2479 924 2537 marg.
944 2460 999 2513 Ed.
1027 2467 1143 2517 nostrae
1161 2462 1225 2514 Aac.
1245 2467 1271 2519 2

185 2554 281 2624 prava
298 2536 425 2590 lectione
442 2550 516 2588 onae
531 2535 745 2603 moruncurten
763 2539 806 2585 eat
824 2533 955 2587 correxit
971 2548 1073 2584 manus
1083 2532 1141 2586 viri
1150 2533 1272 2591 alicuius

124 2555 195 2663 nis
211 2607 420 2674 prmalicluat
438 2622 522 2669 ortae,
541 2604 637 2658 deleto
655 2610 704 2656 eat.
742 2603 801 2657 Mr.

185 2680 233 2733 sic
249 2677 322 2733 enisa
339 2675 408 2730 atis·
425 2674 638 2744 inpraesentia
657 2673 703 2739 -]
739 2673 785 2726 At
803 2690 831 2727 v.
850 2673 894 2726 sic
911 2675 1101 2747 parenthesin
1128 2678 1272 2748 iucipieu·

125 2756 177 2805 tm
193 2767 225 2802 v.
244 2750 392 2805 Goerenz-
420 2749 452 2801 in
469 2744 555 2800 Jahn.
575 2744 694 2809 Jahrbb.
720 2745 741 2795 l.
771 2742 876 2798 Philcl.
902 2764 931 2797 u.
958 2748 1075 2822 Paedag.
1096 2750 1174 2805 teto.
1193 2750 1216 2802 Ι.
1245 2752 1270 2805 2.

125 2820 243 2891 pss:
281 2818 316 2871 ad
341 2818 413 2872 enias
436 2817 530 2873 Beier.
554 2816 589 2869 ad
617 2815 679 2868 Cic.
702 2813 780 2868 Laui.
801 2818 907 2880 11,39.
931 2835 960 2888 p.
985 2820 1029 2873 63.
1071 2820 1177 2874 Vocem
1205 2819 1272 2874 enirn

125 2891 262 2945 emittm
280 2887 350 2945 cut,
369 2890 445 2943 llou.
467 2892 490 2942 Ι.
510 2884 583 2942 Edd.
602 2886 638 2938 ll.
659 2888 687 2938 Ρ.
708 2885 740 2937 Δ.
759 2886 790 2937 Β.
810 2883 838 2940 S.
857 2886 890 2938 Ε.
912 2889 981 2942 Ven.
1001 2888 1066 2942 Asc.
1087 2895 1118 2944 l:
1138 2891 1225 2944 verba
1243 2891 1273 2945 in

124 2960 286 3031 pannii«
304 2959 418 3012 omittit
436 2958 505 3013 Cod-
525 2956 628 3010 Duisb.
665 2955 709 3009 De
728 2973 760 3009 ea
776 2957 905 3010 formula
930 2977 959 3011 v.
985 2957 1167 3014 Doederlein.
1207 2961 1270 3014 lat.

123 3030 222 3103 dynam
242 3048 272 3087 ts.
291 3030 378 3100 Erpa.
398 3029 422 3085 Ι.
441 3047 470 3099 p.
491 3029 655 3085 lta-145.
701 3026 811 3079 laaudat
834 3036 984 3097 praeterea
1011 3029 1136 3084 Orellius
1161 3031 1273 3087 Ouden-

191 3105 260 3157 ium
286 3100 321 3153 ad
338 3100 389 3153 lib.
409 3098 432 3151 1.
452 3100 488 3153 de
505 3098 620 3152 invent.
640 3114 665 3150 c.
686 3099 729 3152 tt.
756 3113 785 3166 p.
805 3101 849 3152 33.
869 3099 958 3169 Neap.
987 3098 1123 3167 additque
1147 3101 1272 3157 Nautam

122 3174 152 3229 ai
207 3192 238 3227 u.
259 3169 421 3237 dsProvid.
439 3175 464 3225 l.
483 3187 512 3240 p.
532 3171 557 3221 t.
579 3174 690 3220 annctt.
709 3168 872 3233 praesentio
884 3170 960 3220 mire
978 3170 1174 3221 accusativum
1192 3173 1272 3241 plur.

123 3261 178 3301 use
196 3242 429 3299 existimavisse:
454 3238 531 3305 quod
556 3246 636 3291 certe
658 3253 716 3290 nou
735 3245 795 3290 tam
817 3240 926 3290 mirum
947 3246 1000 3302 est,
1045 3256 1111 3290 uam
1130 3242 1207 3308 quod
1226 3243 1274 3295 vit·

123 3316 238 3370 anobis
261 3312 395 3365 laudatus
419 3311 451 3363 in
474 3309 552 3363 libro
580 3307 731 3378 ceteroqui
754 3309 1004 3377 praestantissimo
1025 3257 1064 3362 da
1087 3311 1217 3365 formula
1241 3313 1273 3366 ia

122 3384 346 3454 metalium
363 3380 473 3433 statuit
493 3380 601 3433 Vocem
620 3376 686 3431 nili
704 3380 815 3431 omittit
834 3378 901 3433 ch.
923 3378 997 3431 Gud.
1016 3382 1043 3433 2.
1063 3387 1094 3433 et
1110 3385 1274 3438 mcxverba

122 3451 470 3521 mrrttutappettareat
489 3450 565 3525 Aug.
578 3446 678 3503 habet:
695 3450 901 3518 utoppcllcren
912 3449 1043 3503 Graecum
1053 3451 1194 3522 aodyorcc.
1210 3455 1271 3509 Mc.

186 3541 271 3599 Mitt
295 3541 329 3593 ia
350 3538 512 3608 praecentio
539 3537 672 3600 occurrit,
702 3544 732 3591 ui
756 3538 942 3610 appellarem.
958 3536 1077 3607 ἀξίωμα]
1115 3540 1165 3595 Sic
1182 3544 1273 3619 vulgo

122 3616 201 3671 lant:
223 3632 258 3668 ac
276 3611 392 3665 Balliol.
413 3608 539 3675 exhibet,
558 3609 688 3678 appellen
706 3607 825 3681 ἀξίωμα,
853 3609 931 3680 quod
948 3609 1052 3666 melius
1080 3619 1124 3667 est
1147 3622 1177 3668 et
1194 3616 1273 3669 Lati-

121 3688 192 3743 siaa
230 3685 271 3739 D.

187 3750 330 3818 nourrii,
366 3758 398 3806 ul
431 3768 448 3804 c
478 3750 655 3818 pellerent
682 3751 846 3823 ἀξίωμα]
900 3752 1027 3807 Restitui
1063 3756 1271 3826 Imperfectum

121 3825 330 3897 praeeuntibus
354 3822 426 3875 Ern.
445 3768 597 3885 ichutzio,
615 3821 710 3875 Wolt.
731 3830 759 3875 et
779 3822 869 3875 Orell.
891 3823 1019 3877 Occurrit
1038 3828 1116 3879 enim
1143 3837 1186 3881 est
1203 3831 1273 3885 Per-

121 3898 244 3962 ιηωωρ
271 3900 304 3947 ut
331 3894 446 3946 monuit
470 3889 587 3945 Schiitc.
609 3890 726 3946 laudans
754 3892 789 3944 de
807 3893 893 3945 Pion.
912 3895 986 3945 XVl.
1006 3897 1049 3951 tt.
1074 3896 1201 3961 [volebat
1218 3903 1272 3959 111.

122 3972 162 4026 ις.
182 3970 238 4024 63:
260 3965 333 4035 quod
350 3964 418 4016 cain
436 3962 485 4015 illi
502 3955 703 4029 ἀδιάφορον
721 3963 823 4026 dicunt,
843 3963 876 4014 id
893 3962 961 4015 nili
978 3964 1022 4017 ilc
1040 3971 1219 4037 occurrit,
1242 3985 1273 4029 ut

95 4046 99 4051 .
120 4039 291 4105 wrm„
307 4033 483 4099 dicerem]
502 4031 632 4101 itemque
651 4031 794 4087 FAWolr.
814 4035 846 4085 in
864 4031 979 4087 Scholia
997 4052 1025 4105 p·
1044 4041 1105 4093 ³³3.
1127 4041 1169 4094 ed.
1185 4043 1273 4101 Orell.

121 4118 148 4162 et
164 4106 262 4162 iland.
283 4106 320 4160 ad
337 4103 504 4173 Wopkens.
523 4102 616 4156 Lectt.
640 4101 720 4157 Tull.
748 4120 778 4172 p.
798 4105 859 4159 uto.
886 4112 945 4156 nct.
971 4110 1027 4162 tlt.
1067 4108 1123 4163 Sed
1149 4128 1214 4165 cum
1234 4117 1273 4170 sit

120 4178 289 4236 Perfectum
306 4192 451 4247 praesens,
476 4179 592 4244 poterat
616 4173 731 4241 quidem
752 4175 833 4243 sequi
858 4175 1003 4242 appellem
1030 4177 1086 4232 hcc
1112 4198 1181 4236 vero
1208 4185 1273 4241 loco

119 4250 212 4321 (quod
228 4256 313 4303 recte
330 4245 499 4299 observavit
515 4244 652 4310 Billarb.)
675 4243 778 4297 cicero
803 4252 882 4298 certe
904 4246 988 4314 prius
1012 4250 1184 4323 cogitaverit
1205 4273 1274 4323 pro·

120 4324 287 4385 uastatur,
306 4334 393 4388 quam
412 4314 593 4386 appellaret·
622 4313 714 4380 Quare
732 4329 791 4367 non
810 4323 862 4378 est,
891 4315 967 4386 quod
994 4318 1171 4376 discedamus
1194 4343 1210 4374 a
1236 4327 1274 4377 li·

121 4391 241 4448 lect-um
259 4396 429 4445 nostrorum
450 4386 581 4439 omnium
600 4386 759 4455 scriptione
780 4392 810 4440 et
827 4389 1008 4443 auctoritate.
1047 4390 1083 4442 ln
1108 4393 1170 4446 solo
1188 4395 1272 4449 Bernt

144 4525 223 4570 ditm
239 4521 308 4565 Tuae.
324 4518 392 4574 Βίῳ.
407 4517 443 4561 sti.
456 4516 538 4561 llour.
561 4515 585 4556 t.
601 4516 621 4557 l.
1006 4496 1026 4557 4
