2828 5070
532 300 661 364 nmen
681 300 712 381 1,
731 301 782 368 st.
1175 302 1242 384 ose

79 462 172 530 Quid
193 482 255 528 evo
277 484 364 527 nunc
383 465 516 551 lugeam
538 467 641 528 vitam
663 464 855 528 hominum?
895 465 989 531 Vero
1009 475 1043 531 et
1063 469 1141 531 iure
1162 489 1238 553 poe·

78 567 167 610 eum.
209 512 276 610 §ed
298 545 376 627 qnid
398 567 532 611 necesse
553 557 616 621 est,
645 569 746 630 qnam
774 547 810 610 id
836 567 946 633 egem,
973 570 1016 611 nc
1043 559 1120 630 post
1147 571 1238 615 mon

79 638 151 693 tom
172 633 312 691 muetos
335 650 393 691 nos
416 638 570 712 putemus
591 634 677 710 iore,
704 632 805 692 etiem
831 634 936 694 vitam
963 633 1097 696 efficere
1123 631 1237 717 deplo-

79 710 188 773 rendo
209 711 439 796 miseriorem?
462 714 600 774 fecimus
621 714 685 774 hoc
707 715 743 773 in
765 732 805 775 eo
827 713 929 793 libro,
962 715 998 775 in
1020 733 1086 794 quo
1107 725 1238 780 nosmet

77 794 183 876 ipsos,
205 802 363 874 quantum
385 797 569 876 potuimus,
591 795 753 857 consolati
774 815 899 859 sumus.
944 794 974 858 A
1003 797 1099 860 malis
1128 798 1237 884 igitur

80 987 126 1036 ne,
144 980 178 1024 ut
197 974 238 1024 ait
256 974 350 1026 liiilm.
372 975 406 1026 ad
424 976 453 1027 h.
473 975 504 1039 l.‚
523 975 572 1029 vel
589 993 643 1047 pro
655 993 764 1042 vereor,
783 992 826 1042 ne,
845 986 917 1047 qnae
928 977 1123 1030 estsententia
1136 974 1237 1032 Schel-

78 1043 137 1128 ieri
157 1044 188 1094 in
206 1045 369 1127 Praeceptis
388 1045 466 1116 styli
485 1046 556 1099 bene
575 1048 637 1099 Lat.
658 1049 680 1101 Ι.
700 1067 729 1118 p.
749 1050 802 1103 338
820 1066 862 1117 sq.
883 1056 913 1101 et
931 1048 1070 1101 aliorum:
1095 1048 1152 1101 hoc
1178 1062 1237 1102 non

79 1133 112 1165 m
130 1130 238 1197 ornnes,
266 1133 324 1167 imo
346 1133 416 1168 vero
443 1116 474 1167 in
500 1118 685 1186 paucissimos
702 1118 867 1171 huiusmodi
892 1118 969 1170 cedit
995 1118 1082 1170 locos.
1118 1117 1237 1173 Dicitur

78 1192 178 1255 potrus
195 1201 248 1255 pro
267 1186 417 1254 Reputo,
437 1187 578 1254 cogita,
598 1204 709 1255 quaeso,
729 1205 771 1242 aa
789 1204 854 1241 non
873 1187 917 1251 (ut
935 1189 1135 1242 Gennonismo
1158 1189 1235 1257 utar)

79 1271 100 1309 a
118 1254 207 1338 mque
224 1255 284 1308 dici
300 1257 397 1310 oea-iae
412 1259 509 1325 possit.
545 1258 612 1311 Cod.
633 1259 722 1313 Rehd.
751 1267 780 1311 et
799 1260 852 1312 Ed.
871 1259 906 1310 H.
926 1257 1022 1312 verine
1041 1258 1108 1312 dici.
1136 1258 1233 1312 Duisb.

75 1330 205 1394 potesse
222 1327 298 1379 dici:
325 1328 374 1379 ubi
392 1346 491 1380 rursus
509 1330 639 1403 agnoscis
657 1329 831 1383 correctoris
849 1329 897 1381 vel
934 1329 1080 1382 lossatoris
1108 1347 1233 1381 manum.

79 1399 115 1450 ln
133 1414 212 1519 seqq.
233 1416 306 1481 unus
325 1400 375 1452 Ox.
395 1399 481 1451 habet
499 1401 572 1470 qaod
590 1417 659 1468 ergo
677 1417 730 1471 pro
750 1400 820 1470 quid
837 1416 900 1465 ego.
915 1348 1041 1452 itatem
1059 1400 1148 1452 etiam
1166 1415 1235 1467 ergo

78 1467 167 1521 Codd.
213 1485 260 1542 ug.
281 1467 324 1531 (ιιι
340 1468 397 1521 hoc
415 1470 548 1538 sequitur
565 1487 622 1524 non
660 1486 693 1523 ro
711 1472 804 1536 nanc.)
823 1470 896 1523 (ind.
916 1469 1005 1523 Mari).
1025 1472 1100 1523 Mon.
1116 1473 1141 1525 2.
1161 1470 1234 1525 Edd.

78 1539 158 1592 Grat.
179 1537 242 1590 Asc.
262 1541 288 1593 2.
309 1537 369 1603 (sed
386 1557 477 1614 marg.
498 1541 555 1594 MS.
575 1489 659 1609 ηχος
681 1543 763 1594 Jnnt.
782 1541 853 1592 Ven.
876 1547 965 1594 nostr.
994 1540 1168 1595 Bouhierins
1194 1540 1235 1594 itu

77 1609 221 1684 distingui
241 1609 355 1661 volebat
372 1610 485 1662 locum:
506 1610 597 1666 Qntt!
616 1611 745 1675 (debebat
761 1627 870 1681 ponere
889 1611 1088 1685 interrogandi
1107 1611 1235 1685 signum)
1337 1632 1341 1639 ·

78 1680 144 1748 ligo
170 1696 241 1733 mena
267 1680 379 1747 lugeam
404 1681 493 1733 vitam
514 1680 675 1735 lominum?
701 1681 776 1748 Quae
803 1681 952 1734 distinctio
978 1679 1034 1732 hoc
1058 1681 1122 1734 loco
1140 1680 1235 1734 minus

77 1752 220 1823 placeret:
250 1761 323 1804 esset
349 1751 428 1805 enim
451 1752 648 1822 respondentis
667 1752 791 1816 cuidam,
820 1751 872 1834 qui
890 1768 956 1804 eum
981 1749 1084 1824 lugere
1108 1750 1234 1803 iussisset

76 1822 170 1875 vitum
194 1822 356 1874 hominnm
393 1823 429 1874 ln
455 1823 521 1876 cod.
551 1822 624 1875 Gari
644 1826 670 1878 t.
699 1831 753 1876 est:
783 1823 854 1893 qaut
871 1837 923 1890 ego
940 1819 975 1874 ’τῖε
992 1835 1045 1888 aeq
1070 1821 1101 1884 (i.
1122 1838 1147 1873 e.
1166 1835 1235 1876 nanc

77 1893 189 1958 nerine)
208 1893 327 1960 tageans
365 1893 425 1948 Me.
463 1938 467 1947 .

155 1982 228 2037 Vere
255 1988 282 2035 et
307 1981 371 2036 iure
394 1980 520 2051 possum]
557 1980 589 2033 si
616 1979 757 2032 humanae
784 1978 957 2033 conditionis
980 1979 1160 2033 incommoda
1186 1979 1235 2034 de·-

78 2053 160 2123 picta
176 2053 276 2106 videre
295 2054 402 2124 cupias,
426 2053 472 2106 adi
496 2052 624 2106 Plinium
641 2051 677 2103 Η.
697 2053 734 2104 Ν.
758 2049 809 2103 lib.
828 2051 891 2103 vn.
911 2052 1039 2104 Prooem.
1068 2059 1098 2104 et
1115 2049 1234 2106 Aesoni·
1273 2073 1276 2077 ’

78 2125 126 2176 nis
143 2123 307 2177 Axiochum
322 2142 402 2194 capp.
414 2128 438 2180 7.
459 2141 538 2194 seqq.
563 2123 627 2176 Hac
644 2128 783 2192 spectant,
860 2138 875 2174 e
893 2121 966 2174 dicit
983 2121 1142 2174 Artabanus
1160 2119 1235 2193 apud

77 2195 260 2249 Herodotum
277 2195 328 2248 lib.
348 2196 411 2248 vn.
432 2209 491 2266 cap.
512 2198 557 2251 46.
594 2193 734 2270 Origenes
760 2186 793 2243 in
835 2192 885 2245 els.
912 2191 963 2243 lib.
983 2192 1022 2245 11.
1047 2209 1112 2268 pog-
1131 2194 1175 2247 85.
1205 2198 1234 2247 et

77 2265 217 2322 stobaeus
235 2266 327 2320 Serm.
348 2265 443 2319 cm.
480 2266 517 2319 D.

155 2355 228 2409 Vere
254 2360 281 2408 et
304 2354 370 2408 iare
393 2352 518 2423 poenum]
554 2356 630 2407 Mon.
650 2356 676 2407 1.
697 2358 726 2405 et
743 2367 816 2402 unns
835 2349 886 2403 Ox.
910 2349 1050 2403 omittunt
1074 2355 1109 2403 et.
1147 2349 1232 2403 Veri.

76 2426 401 2551 guffwrffiuadnotffit
415 2419 576 2552 ¹Davi'sium
600 2423 721 2546 institereli
732 2421 805 2504 Vere
821 2420 870 2545 lind
879 2424 924 2543 vet
948 2418 1019 2543 isqplet
1029 2435 1152 2542 paetum
1190 2419 1236 2473 lte

218 2517 228 2549 ι
255 2514 322 2552 em
385 2513 526 2548 .·me
585 2514 631 2546 ,ιι
663 2511 695 2547 re
742 2511 783 2544 ιιι.
904 2507 949 2543 en.
1020 2507 1084 2545 .es
1175 2504 1235 2543 een

78 2585 118 2621 ex
135 2568 330 2621 correctione:
364 2512 681 2643 igno'rabateiinimm
707 2509 857 2617 cin-ector
882 2578 966 2613 usum
988 2505 1233 2615 ciceroniioiaas

77 2647 266 2693 constantem.
303 2636 369 2689 Alia
387 2638 484 2708 paullo
502 2636 643 2689 sententie
662 2643 705 2690 est
721 2633 820 2704 paullo
838 2632 961 2686 inferius
983 2632 1015 2683 in
1032 2631 1088 2684 hoc
1107 2631 1118 2684 i
1139 2647 1169 2685 so
1187 2645 1234 2684 ce-

78 2709 143 2780 pite
160 2709 183 2774 i.
204 2711 252 2766 84:
270 2724 379 2778 possem
397 2707 589 2772 idemt‘acere.
627 2707 686 2772 Qua
704 2705 738 2759 de
757 2722 789 2757 re
806 2703 865 2756 vid.
885 2703 951 2756 Otto
976 2703 1011 2756 ed
1029 2703 1088 2756 Cic.
1129 2700 1230 2756 eSen.

81 2783 126 2836 16.
145 2783 188 2837 56.
207 2798 269 2851 pro:
288 2799 316 2852 p.
338 2782 397 2835 142.
418 2779 488 2848 ibiq.
508 2778 602 2831 hudd.
630 2789 663 2821 Δ-
699 2779 765 2830 Post
787 2774 838 2828 ted
864 2773 1011 2827 omittitur
1029 2772 1098 2843 quid
1124 2772 1156 2825 in
1174 2788 1233 2825 uno

81 2851 133 2905 Ox.
170 2855 205 2906 ln
229 2851 287 2904 alio
313 2851 391 2904 obest
414 2866 450 2904 ee
471 2857 537 2902 ante
561 2853 634 2918 poet.
670 2847 705 2901 ln
727 2862 806 2916 seqq.
834 2847 908 2905 Mon,
930 2848 954 2901 1.
982 2844 1068 2898 habet
1096 2860 1153 2899 non
1178 2858 1232 2914 pro

80 2923 273 3048 ”nemim
296 2991 384 3045 citam
410 2990 521 3058 efficere
539 3021 572 3033 -
596 2983 781 3052 enieerioren]
823 2987 877 3040 Pro
904 2985 990 3040 etism
1011 2986 1124 3061 legitur
1149 2990 1177 3039 et
1200 2983 1232 3038 in

80 3064 150 3119 cod.
170 3067 244 3118 Mon·
266 3070 291 3120 1.
310 3064 363 3116 Ed.
384 3064 418 3115 H.
451 3064 568 3115 inverso
590 3059 691 3112 ordine
722 3058 811 3111 vitans
833 3056 920 3110 etiam
943 3057 1082 3109 scribitur
1108 3056 1140 3106 in
1157 3054 1229 3108 Edd.

79 3143 153 3189 vett.
174 3154 242 3205 quae
260 3135 448 3189 contulerunt
469 3133 564 3186 Reisk.
596 3139 626 3182 ct
644 3131 691 3183 Or.
716 3128 855 3193 omnibns,
885 3128 1013 3209 itemque
1037 3125 1143 3178 nostrie
1166 3131 1232 3178 ante

81 3209 169 3259 Grut.
204 3209 271 3260 Non
290 3207 377 3258 mele:
397 3205 447 3257 sed
464 3204 550 3257 Codd.
569 3208 701 3255 nostrum
718 3207 846 3261 tuentur.
884 3198 919 3250 In
936 3195 1020 3248 de.
1042 3201 1066 3251 l.
1092 3193 1233 3247 scribitur

81 3277 250 3343 deplorando
268 3277 445 3330 miseriorem
464 3275 587 3340 efficere.
624 3273 658 3325 ln
685 3288 764 3341 seqq.
785 3269 852 3321 Cod.
876 3270 950 3319 Mon.
972 3270 995 3321 l.
1024 3263 1155 3319 Facimus
1178 3279 1232 3346 pro

81 3348 215 3416 fecimus:
234 3349 310 3419 quod
327 3348 445 3400 videtur
463 3363 522 3398 esse
540 3342 720 3398 correctoris.
760 3337 987 3394 consolationem
1004 3335 1034 3388 h.
1049 3338 1069 3388 l.
1091 3335 1189 3387 intelli
1210 3334 1232 3399 i,

81 3436 168 3473 nemo
187 3429 229 3472 est
248 3419 320 3488 quin
338 3419 448 3470 videat:
476 3416 511 3468 de
530 3432 561 3469 ea
580 3415 637 3467 iam
662 3413 753 3466 locuti
777 3429 873 3464 sumus
896 3409 932 3462 od
950 3426 1010 3478 cap.
1030 3411 1073 3462 27.
1093 3421 1155 3474 prc.
1204 3422 1233 3456 e·

82 3490 196 3544 roaldus
214 3491 296 3542 adh.
316 3491 353 3541 l.:
374 3488 482 3552 „euius
501 3487 545 3539 rei
563 3485 697 3537 meminit
706 3481 884 3557 Augustinus
901 3479 948 3532 his
965 3478 1073 3532 verbis:
1094 3473 1233 3540 Qttt'eeuf·

82 3561 142 3629 nete
168 3562 311 3627 mantonis
342 3557 517 3628 eloquentiae
543 3555 658 3619 flumine
689 3556 764 3608 vitoe
790 3551 874 3606 iuius
908 3549 1043 3603 miseriae
1069 3545 1233 3616 explicare?

86 3650 169 3701 quam
187 3633 352 3684 lamentatas
371 3636 413 3683 est
432 3629 532 3682 Cicero
550 3627 580 3680 in
599 3626 786 3679 consolatione
805 3625 838 3676 de
856 3628 946 3675 morte
963 3619 1072 3687 filiae.“
1110 3619 1170 3673 Mr.

155 3711 259 3757 nosmet
277 3703 289 3754 i
296 3701 395 3770 peoe]
432 3701 513 3767 Ipsos
538 3698 653 3751 restitui
679 3716 715 3751 ex
733 3695 817 3751 Codd.
839 3693 979 3757 omnibus,
1002 3709 1056 3762 pro
1079 3707 1135 3761 quo
1162 3689 1231 3741 Dav.

82 3776 208 3827 Bentleii
227 3774 425 3827 coniecturam
444 3771 503 3839 ipsi
521 3776 677 3840 receperat.
715 3771 789 3822 Vere
808 3773 905 3818 monet
923 3760 1126 3817 Kuhnerusead
1144 3760 1166 3811 1.
1187 3762 1231 3814 3⁰.

85 3850 127 3902 73.
157 3863 271 3916 semper
293 3862 389 3896 casum
414 3841 594 3912 pronominis
622 3839 682 3907 ipse
708 3839 785 3892 casui
809 3834 989 3909 pronominis
1013 3829 1171 3902 personalis
1188 3846 1234 3882 ec-

84 3917 237 3982 comodari,
256 3917 280 3968 si
300 3916 327 3968 ei
347 3913 484 3967 enclitica
501 3918 556 3964 met
573 3910 717 3964 adhaeret.
753 3910 834 3964 mua
852 3924 875 3958 c.
896 3908 939 3961 46.
962 3907 1020 3958 lll.
1041 3911 1095 3954 est:
1116 3917 1150 3953 ne
1168 3916 1234 3954 noe-

82 3996 137 4042 met
162 3989 239 4056 ipsos
263 4001 358 4040 amare
382 3985 534 4037 videamur.
554 3984 626 4036 Ern.
652 3982 773 4034 fluctuet
791 3979 900 4031 dicens:
925 4013 944 4040 ‚,
952 3974 1020 4026 Dav.
1041 3971 1233 4039 nosmetipsi,

84 4070 162 4114 recte
181 4061 295 4130 opinor,
314 4057 370 4108 nisi
389 4056 490 4109 Cicero
508 4054 558 4107 hic
576 4072 605 4106 se
623 4052 755 4135 opposuit
774 4050 849 4115 eliis,
867 4062 1020 4116 censesque
1046 4044 1097 4097 sit:
1126 4043 1234 4112 inquo

84 4149 141 4184 non
167 4131 248 4196 alios,
275 4137 308 4180 ut
330 4127 395 4181 eliis
420 4127 501 4192 locis,
533 4127 565 4177 in
591 4123 731 4194 Epntolis
755 4140 782 4174 v.
810 4139 834 4173 c.
864 4118 1038 4190 Sulpicium,
1062 4114 1111 4168 sed
1136 4118 1235 4167 mem

83 4203 175 4272 ipsum
193 4201 354 4256 consolatus
377 4216 448 4251 suin.
474 4207 560 4267 atque
584 4196 658 4248 hanc
684 4195 719 4247 ob
737 4210 849 4245 causam
873 4191 950 4242 nihil
968 4187 1108 4258 rnutavi.“
1130 4186 1234 4266 linotet
1286 4214 1289 4219 -

83 4294 151 4327 nam
178 4274 321 4345 posterior
347 4271 490 4323 sententia
512 4285 581 4322 vera
605 4275 656 4321 est.
681 4297 714 4308 -
751 4266 804 4316 Pro
832 4277 927 4316 eremus
952 4278 1024 4313 unus
1043 4260 1093 4312 01.
1112 4257 1233 4321 fuemus:

83 4348 169 4399 male.
208 4348 243 4398 ln
259 4362 338 4413 seqq.
359 4342 432 4396 Gud.
452 4345 478 4396 2.
498 4356 548 4395 noe
566 4356 619 4412 pro
638 4352 733 4401 mores
755 4334 804 4389 sed
826 4329 882 4388 hoc
905 4332 937 4385 in
962 4347 1052 4406 marg.
1077 4327 1111 4380 ab
1139 4324 1236 4380 eadem

84 4436 172 4473 nunu
189 4418 319 4471 additum
337 4422 387 4469 est.
426 4414 485 4468 Mr.
