2828 5070
203 306 267 383 206
392 301 640 369 ‚CICERONIS
660 300 905 370 TUSCULAN.
927 301 1158 370 DISPUTAT.

206 477 335 547 iaceres
366 473 430 534 etsi
447 473 572 547 minus,
601 488 698 552 quam
727 470 791 541 iiie,
826 471 882 551 qni
903 470 1039 531 omnino
1061 472 1179 530 vivere
1199 467 1365 552 expedire

205 557 332 617 nemini
352 563 458 637 potat.
501 553 603 614 Mitto
624 553 726 614 alios:
766 553 909 614 etiamne
935 554 1031 613 nobis
1054 550 1209 632 expediti
1244 553 1306 632 qui
1326 560 1364 615 et

205 637 396 700 domesticis
411 646 446 698 et
460 634 648 698 forensibus
664 635 791 698 solatiis
806 634 1074 716 ornamentisque
1091 636 1230 715 privati,
1253 642 1363 712 certe,

276 821 388 877 Possem
420 822 511 876 idem
539 819 647 888 sacen]
682 820 789 945 Recepi
815 820 1000 873 Ernestinam
1025 819 1262 884 emendationem,
1283 820 1363 888 quod

205 896 339 948 fecerunt
368 895 455 948 etiam
484 893 629 948 Fawaf.
653 893 733 945 Koel.
781 891 879 944 chiltz.
911 893 957 945 Or.
1001 892 1123 943 Videtur
1151 891 1242 942 latere
1271 907 1363 947 verse

204 966 371 1036 scriptionis
388 965 545 1039 vestigium
564 964 596 1014 in
614 962 680 1015 Cod.
699 961 783 1014 Vind.
803 965 828 1016 2.
856 962 907 1031 qui
924 961 1009 1013 habet
1027 963 1059 1013 s'd
1077 963 1207 1026 efficeres
1232 958 1294 1011 Alii
1320 961 1363 1014 Μ

204 1037 307 1102 toene.
345 1036 433 1101 Quam
450 1036 537 1087 facile
555 1042 649 1086 autem
667 1031 742 1087 idem
760 1032 929 1103 eosnpendio
947 1033 1090 1102 scriptum
1109 1031 1180 1096 (s'd‘)
1199 1031 1362 1083 contunda-

205 1114 256 1158 tur
273 1124 338 1159 cum
356 1107 398 1172 s’d,
428 1120 512 1158 nemo
535 1121 593 1156 non
616 1104 704 1156 videt.
731 1105 811 1157 Cani.
837 1104 953 1178 Baring.
978 1102 1056 1155 Clav.
1081 1102 1235 1172 Diplomat.
1267 1102 1358 1154 Num.

205 1176 401 1232 V11.Tab.6.
438 1176 531 1228 Verba
557 1174 611 1228 etss'
635 1175 728 1228 minus
745 1175 866 1229 HWolt'.
887 1173 996 1227 Graece
1024 1173 1164 1242 explicat:
1193 1176 1284 1224 antrat
1306 1170 1360 1224 cdx

205 1242 250 1316 ἔφ’
269 1247 340 1300 ὅσον
357 1244 468 1311 ἐκεῖνος,
487 1244 542 1298 ἀλλ’
560 1241 642 1313 ἧττον
660 1245 676 1313 ἢ
696 1243 884 1304 ἰλλειπόντωςε
903 1254 932 1298 et
943 1244 976 1296 ad
987 1243 1080 1296 minus
1092 1243 1221 1294 subaudit
1235 1242 1358 1310 copiose.

205 1317 270 1370 Post
288 1319 398 1370 omnino
416 1318 482 1370 Cod.
502 1317 585 1369 Vind.
607 1322 631 1372 1.
650 1318 763 1391 pergit:
786 1315 890 1369 nemini
907 1314 1038 1383 expedire
1056 1313 1148 1366 uiuere
1164 1317 1254 1381 putat.
1293 1314 1358 1366 Mr.

275 1387 365 1440 Mitto
383 1387 615 1440 olt'oesoett'omne
633 1386 713 1439 nodt's
729 1385 877 1456 expediti]
914 1386 958 1437 Ad
975 1385 1145 1437 sententiam
1169 1386 1244 1436 coni.
1264 1385 1361 1454 wys-

205 1457 337 1509 tenbach.
364 1458 399 1510 ad
424 1456 568 1509 Plutarch.
596 1457 678 1511 Cous.
707 1456 742 1509 ad
767 1457 791 1508 Α
829 1458 900 1508 llon.
928 1456 962 1508 Τ.
983 1457 1020 1508 11.
1046 1473 1074 1525 p.
1095 1458 1129 1509 ’16
1152 1472 1192 1523 sq.
1213 1453 1254 1506 ed.
1275 1455 1357 1525 Lips.

204 1543 233 1595 p.
260 1529 311 1583 75¹1
334 1543 374 1595 sq.
403 1526 445 1579 ed.
472 1527 522 1580 Ox.
543 1557 577 1568 -
613 1526 757 1580 Scribitnr
840 1530 885 1579 'tto
911 1527 942 1577 in
967 1524 1052 1579 Codd.
1077 1524 1149 1600 Aug.
1177 1524 1260 1576 Vind.
1283 1529 1308 1579 1.
1329 1528 1358 1580 2.

204 1597 279 1649 Mon.
299 1599 325 1651 2.
350 1597 456 1650 duobus
481 1597 636 1661 Gebhardi,
664 1597 734 1649 Edd.
761 1596 794 1648 Α.
813 1599 844 1650 Β.
870 1596 898 1650 8.
918 1597 953 1648 Ε.
974 1597 1004 1649 G.
1026 1598 1062 1647 Μ.
1082 1597 1115 1647 1..
1139 1596 1209 1647 Ven.
1238 1594 1299 1647 Ait.
1326 1605 1359 1649 et

203 1675 293 1718 nostr.
313 1667 377 1720 Asc.
399 1672 423 1724 1.
443 1669 566 1722 Mam.
590 1666 654 1719 Ald.
679 1667 760 1719 Boul.
784 1668 866 1720 Brut.
895 1668 921 1721 G
979 1667 1007 1719 h.
1034 1665 1114 1735 sylb.
1143 1664 1230 1718 Goth.
1255 1666 1357 1719 bamb.

203 1737 327 1792 Hwolf.
347 1738 407 1801 (sed
423 1738 478 1790 hae
495 1747 556 1791 tres
574 1737 606 1788 iu
620 1755 666 1790 ma
704 1776 710 1789 .
729 1737 820 1803 mitto)
839 1739 920 1791 Junt.
957 1755 996 1789 ar.
1010 1735 1109 1806 steph.
1130 1735 1255 1789 Aves-ba
1273 1753 1357 1806 seqq.

200 1807 289 1861 Erus
324 1809 478 1875 „litiosam
503 1808 586 1861 neme
609 1824 677 1877 sape
697 1808 737 1861 it.-
773 1810 835 1862 Hoc
853 1825 966 1861 sensnm
984 1807 1166 1859 commodum
1184 1822 1241 1859 non
1258 1805 1355 1861 habet.

201 1879 368 1954 legendum
387 1890 472 1951 puto:
495 1879 582 1932 ets'um
599 1879 677 1942 nobis
696 1877 858 1947 expedisset.
885 1879 949 1945 „Ad
965 1895 1036 1948 qnae
1047 1877 1201 1934 Schiitsius
1220 1879 1251 1928 in
1270 1895 1356 1932 ann:

201 1948 326 2015 „Sensus
351 1960 408 2003 est:
443 1951 488 2002 An
506 1966 579 2003 nunc
602 1950 668 2002 item
686 1951 766 2004 nodia
784 1949 897 2018 expedit
920 1947 1057 2001 os‘om?“
1093 1949 1132 2000 Et
1158 1949 1266 2000 rectius
1292 1949 1357 2015 ille,

200 2037 288 2086 quam
304 2019 448 2076 FAWolf.
469 2020 501 2072 in
524 2021 639 2085 scholis,
671 2023 722 2091 qni
749 2021 835 2074 ets'om
852 2020 979 2090 positum
1005 2019 1047 2072 ait
1072 2018 1105 2070 de
1129 2025 1270 2088 tempore,
1301 2036 1357 2090 pro

200 2087 298 2172 adbuc.
336 2090 438 2158 Neque
455 2090 560 2172 placet,
580 2091 656 2160 quod
674 2092 702 2143 ei
721 2092 767 2145 Or.
787 2092 921 2161 opponit:
947 2107 993 2173 ne,
1010 2090 1042 2140 in
1060 2089 1187 2152 etiamne,
1211 2090 1292 2159 poni,
1322 2098 1356 2175 ut

199 2175 370 2294 3333
370 2160 555 2283 *iiiiliihiletiljd1
556 2177 612 2284 ‘ili'
623 2163 955 2303 νῇῗωῗοέἕρτὶξξὲῒιῖ
973 2177 1043 2282 ³:31
1053 2159 1356 2298 dldirtrddtididusolfflg

200 2308 321 2370 propter
338 2309 463 2355 mortem
479 2301 567 2367 filiae,
586 2309 616 2354 et
634 2303 804 2367 forensibus,
822 2313 943 2373 propter
953 2302 1096 2354 actionem
1107 2318 1255 2353 causarum
1274 2301 1356 2364 (adde

201 2371 275 2442 reip.
295 2372 544 2445 gubernationem)
563 2373 765 2437 intermissam,
785 2375 925 2426 exstincta
942 2390 1002 2442 rep.
1021 2373 1138 2425 Caesare
1157 2372 1356 2424 dominante.“

117 2465 121 2472 ·
201 2442 371 2513 1n0pnscc.
392 2443 553 2519 Philologg.
574 2452 603 2495 et
621 2442 784 2513 Philosoph.
804 2462 897 2514 nuper
914 2443 1013 2508 (Halae
1033 2444 1123 2507 1830.)
1148 2442 1231 2495 editis
1250 2442 1356 2495 schut-

201 2513 264 2562 zius
283 2513 414 2631 loquitur
434 2523 535 2572 contra
551 2514 669 2565 Ernesti
688 2516 892 2582 coniecturam,
912 2531 998 2584 quem
1016 2522 1112 2565 tamen
1132 2522 1222 2577 acute,
1241 2514 1357 2582 aliquid

200 2582 269 2632 vitii
288 2599 319 2632 su
339 2600 407 2647 esse,
431 2585 592 2636 divinatum
610 2601 668 2636 esse
687 2587 737 2650 ait,
772 2603 943 2655 quamquam
970 2585 1029 2654 ipsu
1046 2585 1165 2636 Ernesti
1194 2583 1355 2639 emendatio

106 2700 111 2708 ,
201 2668 218 2702 a
234 2669 303 2703 vera
322 2654 480 2708 sententiae
498 2655 699 2708 consecutione
724 2657 762 2708 sit
784 2656 887 2708 aliena.
924 2655 968 2707 lbi
991 2656 1086 2728 igitur
1112 2674 1140 2725 p.
1161 2658 1222 2710 207.
1260 2655 1354 2722 „lmo,

200 2719 252 2784 ait,
271 2722 366 2790 potins
384 2723 440 2776 hoc
458 2725 540 2777 modo
557 2724 728 2809 legendum:
748 2725 838 2779 Mitto
857 2726 945 2779 alios.-
972 2725 1029 2778 Sed
1046 2725 1161 2778 iamne
1178 2726 1257 2779 nodis
1275 2742 1355 2794 erpe-

201 2789 268 2842 ds't?
290 2791 404 2846 Cicero
424 2795 502 2847 enim
521 2812 578 2848 nou
597 2813 621 2847 rs
640 2803 691 2861 est,
716 2797 768 2866 qui
786 2806 873 2881 neget
897 2797 1014 2850 omnino
1031 2797 1131 2849 vivere
1149 2799 1285 2865 cuiquam
1303 2815 1355 2848 ex-

200 2860 317 2930 pedire,
341 2880 435 2933 neque
451 2881 521 2917 vero
539 2866 593 2917 sibi
612 2865 683 2918 olim
700 2867 792 2919 vitam
809 2869 929 2920 vitalem
947 2868 1035 2919 fuisse
1053 2867 1210 2932 infitiatus-3
1238 2869 1354 2937 quaerit

201 2939 324 2997 tantum,
343 2951 379 2985 an
397 2935 451 2986 sibi
476 2936 631 2988 nunciam
648 2937 749 2991 virere
776 2939 923 3007 expediat,
950 2938 1037 3007 idque
1054 2946 1203 3007 postquam
1222 2937 1274 2988 illa
1293 2939 1355 2989 fon-

201 3003 280 3054 mula
297 3007 513 3074 praeteritionis
532 3024 597 3058 usus
615 3008 719 3072 iuerat,
742 3008 825 3061 mt'tto
844 3010 928 3074 alios,
954 3010 995 3061 ita
1021 3007 1175 3076 eloquitur,
1207 3014 1240 3056 ut
1259 3008 1353 3060 dicat:

200 3071 258 3126 sed
279 3074 382 3129 iamne
399 3076 479 3130 nobt's
505 3078 614 3145 expedit
641 3078 740 3130 etc.?“
771 3080 847 3132 Haec
873 3081 1027 3149 scripserat
1050 3076 1115 3131 Sela.
1135 3077 1166 3127 in
1184 3076 1355 3130 Prolusione

201 3144 323 3213 quadam
341 3166 365 3200 a.
387 3151 463 3204 1783.
485 3149 569 3201 edita.
607 3149 642 3201 in
659 3148 713 3201 Ed.
734 3151 804 3233 Opp.
820 3150 879 3204 Cic.
901 3168 972 3215 eam,
991 3167 1077 3220 qnam
1093 3164 1179 3216 supra
1194 3148 1354 3216 posuimus,

201 3217 427 3285 explicationem
444 3221 589 3290 potiorem
608 3236 666 3272 esse
684 3218 869 3272 existimavit.
906 3222 945 3274 Et
963 3221 1077 3274 merito.
1104 3218 1213 3272 Eadem
1232 3227 1273 3269 est
1291 3235 1356 3271 sen-

201 3288 293 3339 tentia
310 3289 417 3365 Buggii
436 3291 468 3342 in
485 3290 651 3361 prolusione
669 3307 754 3359 supra
771 3307 827 3344 non
854 3293 943 3344 semel
966 3291 1079 3344 laudata
1101 3309 1130 3360 p.
1150 3292 1192 3345 13.
1213 3321 1246 3332 -
1282 3290 1357 3342 For-

201 3357 279 3408 mulsi
296 3359 377 3413 mitto
396 3362 427 3411 in
445 3360 698 3414 Praeteritionibus
724 3360 890 3431 (dequibus
913 3381 941 3415 v.
961 3363 996 3414 G.
1016 3364 1043 3415 J.
1063 3360 1156 3415 Vossii
1174 3363 1242 3414 lust.
1263 3360 1353 3413 Oratt.

201 3427 235 3478 Τ.
255 3429 293 3481 11.
320 3448 348 3500 p.
369 3433 421 3485 348
439 3432 493 3500 sq.)
520 3431 630 3500 saepius
655 3444 721 3483 usus
749 3442 792 3486 est
818 3443 924 3499 noster,
950 3451 978 3484 v.
999 3450 1023 3485 c.
1044 3433 1091 3486 Or.
1120 3433 1152 3482 in
1170 3432 1223 3484 Pis.
1244 3433 1287 3496 20,
1306 3434 1352 3485 st.

201 3497 282 3548 Brut·
304 3503 346 3565 17,
364 3504 408 3556 65.
427 3516 480 3570 pro
500 3504 572 3553 Mur.
594 3503 636 3566 15,
655 3505 699 3556 33.
719 3503 753 3555 nd
769 3503 829 3555 Att.
858 3505 921 3557 Vll.
941 3506 967 3559 2.
993 3505 1071 3556 circa
1095 3502 1145 3553 fin.
1166 3511 1195 3555 et
1214 3505 1257 3556 tl.
1277 3503 1353 3555 med.

203 3565 525 3624 miserantissime
554 3580 680 3624 attamen
699 3582 728 3625 et
746 3574 816 3626 alibi
840 3583 870 3627 et
895 3573 1165 3644 stipatusque.
1202 3574 1282 3626 Unus
1300 3573 1352 3625 01.

201 3634 286 3760 hsqett
309 3639 362 3766 iqu
372 3641 502 3707 etiamne,
531 3643 613 3709 alius,
640 3642 741 3697 omissa
757 3661 827 3698 vnce
845 3644 943 3712 etiam,
972 3645 1090 3699 exhibet
1118 3659 1152 3697 ne
1179 3643 1281 3697 nobis
1305 3660 1354 3696 ea-

200 3723 235 3776 pe
256 3723 287 3759 s.
361 3729 385 3764 r.

273 3781 320 3850 qus'
338 3789 365 3836 et
384 3781 544 3837 domesticis
564 3785 631 3853 ete]
651 3786 725 3839 Gud.
744 3787 795 3858 qui
813 3787 925 3842 etiam.
950 3787 1022 3862 Aug.
1041 3787 1089 3856 qui
1113 3788 1163 3840 de.
1200 3789 1266 3840 Post
1289 3788 1352 3856 pri·

201 3851 260 3902 oots'
278 3852 363 3906 Codd.
388 3856 476 3909 Relul.
503 3864 532 3909 et
557 3855 630 3932 Aug.
655 3858 785 3911 additum
807 3861 913 3914 habent
939 3875 1043 3930 sumus.
1086 3858 1165 3924 Quod
1189 3859 1320 3912 consulto
1338 3877 1355 3911 a

140 3920 146 3936 “
202 3932 366 4001 correctore
382 3928 490 3979 factum
510 3944 568 3980 esse
586 3937 680 3998 patet:
700 3931 761 3999 qui,
780 3947 846 3983 cum
862 3932 990 3996 vidisset,
1010 3945 1068 3981 non
1086 3929 1235 3981 connmode
1254 3930 1351 4051 iunqli:

202 4006 252 4058 qut
272 4019 304 4030 -
323 3997 435 4049 solatiis
454 3999 677 4068 ornamentisque
691 4001 800 4069 priuati
819 4033 850 4044 -
871 4001 899 4055 ai
917 4007 981 4054 ante
999 4001 1207 4064 occidissemus,
1227 4018 1293 4052 cum
1331 4000 1355 4050 i-

202 4061 325 4115 cendum
351 4069 466 4121 fuisset:
498 4069 527 4122 η’
552 4074 614 4123 ante
641 4071 850 4138 occidissemus,
884 4088 967 4141 quam
991 4098 1024 4111 ·-
1050 4071 1221 4125 ornamentis
1243 4070 1355 4138 privati

202 4147 333 4200 essemus,
353 4145 428 4191 certe
445 4155 496 4191 nos
514 4150 580 4207 etc,
598 4158 692 4212 neque
712 4145 798 4195 etiam
816 4145 891 4197 illud
914 4144 963 4212 qui
981 4173 1014 4186 -
1032 4144 1144 4213 priuata·
1170 4142 1253 4215 iungi
1271 4157 1353 4210 posse
1398 4197 1401 4203 ,

202 4219 269 4255 cum
286 4207 373 4262 verbo
392 4210 588 4278 obstruxisset,
616 4214 683 4282 quia
700 4221 765 4265 tum
782 4216 963 4268 scribendum
986 4225 1048 4269 erat
1066 4230 1134 4284 quot
1154 4241 1186 4252 -
1203 4212 1353 4281 priuatos:

201 4271 258 4327 hoc
276 4275 370 4361 igitur
386 4297 452 4332 cum
471 4292 618 4352 reputaret
636 4295 793 4352 corrector,
821 4286 1045 4340 succurrendum
1069 4286 1123 4338 sibi
1147 4284 1260 4338 censuit
1286 4299 1355 4336 con-

202 4350 366 4415 structioni,
385 4352 480 4405 addito
497 4370 600 4408 summ.
638 4355 694 4408 Sed
706 4357 787 4409 salva
805 4374 851 4410 res
870 4367 919 4410 est.
951 4361 1002 4411 Est
1021 4375 1111 4432 genus
1130 4356 1270 4426 quoddam
1290 4373 1355 4407 ana-

203 4419 324 4472 coluthi.
362 4423 505 4495 incipite
524 4426 581 4496 qui,
609 4426 706 4480 statim
728 4438 928 4498 perrecturus:
957 4429 996 4497 si,
1020 4435 1168 4498 antequam
1191 4425 1355 4482 donrestics's
