2828 5070
217 291 281 358 118
414 287 644 356 CICERONIS
665 290 913 359 Tuscum.
934 294 1168 363 DlSPU'l'A‘I'.

214 469 297 540 qnae
318 475 380 521 noa
398 454 626 523 multitudinis
645 458 773 523 indicio
793 461 935 543 probari
952 463 1157 540 volebamus,
1183 460 1377 545 (popularis

216 541 377 649 estlenim
397 540 455 602 illa
476 541 628 623 facultas,
649 551 685 604 et
704 546 842 607 effectas
864 546 1073 628 eloquentiae
1093 557 1144 609 est
1163 545 1376 611 audientium

214 737 392 816 censuerunt
414 729 484 782 Dav.
509 739 539 783 et
556 731 628 787 Em.
652 747 775 856 ἔξω·
796 741 892 819 autem
916 734 1000 818 liipp.
1019 750 1134 786 mecum
1152 735 1272 818 facim.
1311 736 1373 803 Quo

213 818 418 939 &miii
430 801 633 945 ifflffl
651 875 683 927 ι..
700 806 1169 946 ὦᾚῗέηῗῗὶᾙῗῗᾶζέἳὶἶῖ
1190 817 1374 932 :tim

212 961 271 996 non
288 945 392 1009 videas,
413 953 441 997 et
459 965 517 999 una
528 947 679 1011 anomalia,
721 965 771 1000 uae
790 949 857 1001 ficta
868 958 938 1013 erat,
958 947 1074 1013 sublata,
1093 949 1192 1014 altera,
1213 968 1284 1018 quae
1301 969 1373 1004 vera

213 1025 267 1082 est,
288 1017 499 1086 relinquitur.“
516 1017 631 1071 Nissen.
650 966 807 1073 Bodsierio
816 1020 900 1089 plane
912 1020 1081 1090 displicebat
1093 1019 1148 1072 hoc
1161 1021 1370 1074 anacoluthon:

202 1104 266 1148 ‚nec
284 1105 354 1141 vero
372 1088 506 1158 probabat
525 1090 549 1141 is
568 1090 625 1154 vir,
650 1091 726 1159 quod
744 1098 786 1144 est
811 1091 842 1142 in
860 1091 913 1144 Ed.
934 1091 1002 1143 Rob.
1023 1090 1123 1162 steph.
1145 1099 1173 1143 et
1190 1093 1284 1144 veteri
1309 1110 1371 1158 sua,

245 1177 297 1232 ,ιιι
315 1178 397 1230 saepe
415 1159 525 1214 laudat:
552 1159 764 1229 adorationes,
783 1177 904 1229 qaas-
922 1163 1086 1226 volebamus,
1114 1179 1180 1215 aaa
1204 1178 1371 1232 compro-

235 1236 350 1296 entur,
372 1232 449 1301 quod
468 1241 511 1285 est
529 1233 617 1285 etiam
636 1234 667 1284 in
679 1232 745 1289 Goth
765 1232 855 1286 liehd.
875 1251 966 1308 marg.
987 1233 1044 1286 MS.
1056 1233 1108 1286 Ed.
1128 1234 1191 1285 Asc.
1212 1243 1324 1287 nostrae
1341 1238 1368 1291 2.

209 1300 282 1355 uad.
303 1302 330 1356 S.
351 1301 402 1365 E.;
420 1304 608 1356 manifestum
626 1321 692 1357 sane
709 1303 859 1380 glossema.
896 1304 1029 1358 Coniecit
1056 1304 1158 1379 igitur,
1184 1304 1233 1357 vel
1260 1305 1302 1357 sic
1320 1307 1370 1358 vel

210 1371 302 1427 simili
320 1374 403 1425 modo
422 1375 588 1427 acieerone
606 1376 693 1428 fuisse
707 1377 862 1445 scriptum:
882 1376 992 1429 Etenim
1011 1374 1039 1428 εἰ
1056 1376 1211 1439 orationes,
1231 1392 1301 1445 qaae
1318 1393 1371 1430 nor

209 1443 403 1497 multitudinis
420 1444 528 1498 iudicio
537 1445 659 1513 probari
677 1446 832 1500 volebamus
850 1446 1006 1516 (popularia
1022 1454 1065 1499 est
1083 1448 1157 1498 enim
1175 1446 1228 1498 illa
1246 1447 1370 1511 {ocultae

209 1517 277 1579 etc.)
306 1515 378 1568 etri
405 1531 423 1567 a
448 1516 642 1586 plerisque
665 1518 921 1586 probarentur,
953 1527 1045 1571 tamea
1069 1518 1369 1586 reperiebantur-noa-

208 1585 290 1652 aalis',
317 1585 366 1653 qui
391 1585 465 1640 nibil
490 1587 652 1654 laudarent,
680 1597 735 1642 etc.
772 1587 853 1655 Quod
874 1587 994 1642 minime
1017 1587 1205 1663 probandum·
1221 1598 1271 1641 est.
1310 1589 1367 1643 Tot

208 1657 1369 1796 tttstffzzissaitffiitiitiffsiittittttitsiritii

207 1803 252 1858 38.
274 1800 334 1855 lot.
362 1815 390 1870 p.
410 1801 473 1857 753.
501 1810 606 1854 statuas
624 1801 756 1855 consulto
775 1801 889 1855 admitti
908 1819 923 1854 a
941 1801 1080 1856 Cicerone
1109 1800 1245 1853 eiusmodi
1264 1819 1369 1855 anaco-

207 1869 301 1937 lutha,
329 1887 366 1923 ne
389 1880 454 1942 post
477 1872 641 1948 longiorem
666 1873 792 1926 maxime
815 1870 1002 1945 parenthesin
1026 1872 1201 1925 constructio
1224 1871 1311 1922 nimis
1331 1874 1369 1927 ad

207 1942 341 1997 amussim
361 1941 437 1994 iacta
453 1942 595 1996 videatur.
633 1943 741 1997 laudat
758 1942 912 1997 Kiihnerus
930 1942 1063 2014 exempla
1079 1942 1180 1997 Tusce.
1200 1941 1253 1996 111.
1273 1945 1299 1997 8.
1321 1947 1366 1999 16.

206 2014 241 2067 V.
260 2016 304 2069 22.
325 2014 368 2069 63.
388 2014 425 2065 11.
446 2018 471 2068 7.
492 2019 535 2070 17.
562 2015 615 2084 111.
634 2016 660 2070 8.
683 2016 724 2070 16.
763 2015 878 2085 Optime
902 2024 999 2068 autem
1017 2016 1190 2068 sententiam
1216 2014 1256 2066 ita
1275 2014 1367 2084 expli·

207 2084 286 2140 eavit
308 2083 477 2138 Kiihnerus:
515 2082 568 2150 „st
595 2085 739 2138 orationes
765 2093 888 2150 nostrae,
920 2083 1083 2154 inquibus,
1111 2085 1136 2136 si
1155 2102 1212 2137 non
1231 2084 1365 2151 aliorum,

207 2155 310 2210 saltem
327 2171 365 2226 po
386 2155 430 2207 uli
447 2172 561 2208 assensu
579 2164 608 2208 et
624 2153 708 2209 laude
725 2152 850 2220 fruebar,
870 2173 888 2208 a
898 2155 1046 2207 nonnullis
1064 2172 1123 2208 non
1133 2156 1267 2225 probatae
1283 2164 1363 2209 sunt:

207 2235 315 2299 quanto
341 2173 440 2299 piiares
466 2224 641 2279 adversarios
664 2225 696 2279 in
722 2225 923 2298 philosophiae
950 2226 1044 2279 studio
1073 2228 1215 2296 experiar,
1249 2228 1281 2278 in
1308 2242 1365 2297 quo

207 2315 323 2372 sperare
342 2315 399 2351 non
417 2313 531 2368 possum
550 2298 623 2363 tore,
642 2305 675 2349 ut
692 2297 814 2369 populus
832 2294 939 2350 mihin
961 2297 1094 2363 ituletur,
1114 2305 1143 2350 et
1162 2316 1177 2349 a
1198 2298 1366 2367 probatione

206 2384 256 2425 tna
274 2378 375 2424 contra
393 2368 519 2422 livorem
537 2368 703 2422 invidorum
720 2385 767 2422 me
785 2367 928 2423 defendat.
985 2366 1062 2421 Nolo
1086 2384 1155 2421 vero
1172 2315 1202 2420 ii.
1223 2370 1244 2420 l.
1263 2369 1311 2421 vel
1331 2368 1365 2422 de

206 2439 387 2495 anacoluthis
412 2441 557 2506 universe,
581 2439 632 2494 vel
649 2438 794 2494 danastro
811 2440 879 2493 satis
897 2439 1087 2506 memorabili,
1107 2440 1264 2508 disputare:
1284 2441 1367 2494 suffi-

207 2511 266 2566 ciat
283 2513 406 2565 lectores
426 2509 576 2564 amandare
594 2509 629 2564 ad
648 2511 794 2595 egregiam
813 2510 847 2563 Α.
856 2509 994 2564 Matthiae
1012 2510 1047 2565 de
1061 2509 1247 2563 Anacoluthis
1267 2510 1367 2580 dispu-

206 2584 347 2636 tationem
366 2582 397 2633 in
416 2580 574 2639 Fawolat
592 2581 738 2636 Analeatts
756 2580 894 2636 Literarr.
915 2582 969 2636 111.
987 2599 1016 2653 p.
1038 2580 1145 2637 1—26.
1167 2588 1195 2632 et
1214 2595 1283 2649 quos
1302 2581 1368 2633 lau-

206 2653 256 2706 dat
273 2653 409 2707 chsner.
436 2654 468 2705 in
495 2653 594 2706 ludica
617 2651 692 2707 Eclo
733 2653 821 2706 .0ic.
849 2669 878 2724 p.
897 2656 959 2710 459.
980 2653 1023 2706 st.
1043 2655 1069 2708 3.
1105 2651 1147 2704 De
1173 2660 1270 2703 nostro
1298 2652 1366 2705 loco

206 2723 353 2793 disputem
373 2723 460 2776 etiam
478 2724 514 2776 11.
534 2723 685 2778 Turnebus
745 2739 869 2777 versam.
890 2725 953 2778 xlt.
972 2726 999 2780 8.
1019 2741 1047 2795 p·
1068 2724 1129 2779 385.
1149 2730 1178 2774 et
1196 2722 1224 2774 J.
1239 2723 1271 2774 F.
1290 2722 1367 2776 Gro-

206 2810 272 2847 nov.
292 2796 326 2847 ad
345 2795 409 2846 Liv.
429 2796 466 2848 11.
488 2798 529 2850 12
549 2798 576 2850 1.
601 2812 630 2867 p.
650 2799 685 2852 98
703 2813 745 2866 sq.
773 2795 816 2848 ed.
836 2791 980 2849 Drakenb.
1001 2794 1110 2869 stuttg.
1131 2818 1165 2830 -
1200 2793 1282 2845 Libri
1300 2795 1365 2847 fere

206 2882 305 2920 omnes
324 2866 411 2917 initio
428 2866 551 2935 periodi,
581 2875 616 2918 ut
633 2866 783 2919 edidimus.
821 2864 908 2918 Abest
934 2874 1031 2918 tamen
1049 2864 1077 2918 σι’
1095 2882 1111 2915 a
1128 2864 1213 2917 coda.
1233 2864 1317 2915 Vind.
1338 2868 1364 2919 2

205 2939 282 2991 Mon.
301 2939 328 2993 2.
354 2945 384 2989 et
403 2937 509 2989 duobus
528 2936 599 2990 Oxx.
636 2937 707 2990 Eius
730 2938 795 2991 loeo
821 2934 959 2989 scribitur
987 2937 1018 2987 in
1040 2939 1115 2988 Mon.
1138 2939 1161 2988 1.
1187 2942 1260 2988 arsat.
1297 2938 1365 2988 Mox

206 3007 304 3063 Duisb.
333 3007 441 3061 iudicio
465 3007 664 3061 multitudinis.
697 3008 784 3061 blarb.
811 3003 932 3060 indicia.
969 3006 1049 3072 Quod
1074 3023 1160 3074 supra
1187 3007 1313 3059 vidimus
1334 3006 1365 3058 in

206 3089 303 3134 annot.
322 3080 441 3134 Ernesti
460 3096 496 3132 ox
513 3079 581 3132 θοὰ.
607 3078 664 3133 MS.
684 3077 879 3133 commendari
899 3094 916 3130 a
933 3074 1057 3130 Gora-ado
1073 3075 1206 3143 probare,
1231 3077 1261 3129 id
1278 3077 1366 3131 habet

206 3169 280 3205 nnus
292 3151 341 3204 Ox.
363 3153 404 3204 ita
422 3160 519 3204 tamen
536 3159 571 3203 ut
589 3148 670 3204 iuxta
692 3151 750 3203 scri
770 3157 835 3202 tum
853 3148 891 3200 sit
910 3146 1038 3217 probari.
1075 3148 1110 3199 ln
1128 3163 1206 3217 seqq.
1230 3155 1270 3200 est
1287 3147 1365 3201 abest

206 3241 223 3277 a
241 3222 308 3277 eod.
327 3225 402 3276 Mon.
421 3224 448 3278 2.
469 3231 574 3275 etune
594 3221 644 3274 Ox.
682 3222 718 3274 ln
760 3220 818 3273 ind.
838 3222 863 3275 1.
884 3219 1032 3272 omittitur
1050 3225 1094 3271 eat
1112 3218 1187 3271 enim
1204 3218 1256 3272 illa
1273 3219 1365 3285 sacal-

206 3299 260 3348 tae.
280 3293 370 3349 liehd.
388 3293 475 3346 habet
493 3293 565 3346 enim
581 3296 632 3344 eat.
669 3293 730 3346 Mr.

278 3371 305 3418 et
323 3363 455 3432 effectrix
472 3359 646 3432 eloquentiae
664 3360 721 3427 eat]
740 3360 811 3427 „Sic
828 3360 986 3416 necessario
1003 3359 1159 3437 legandum
1177 3370 1226 3414 est.
1250 3360 1364 3430 Appro-

205 3437 353 3489 bationem
377 3443 473 3488 antem
497 3435 662 3487 auditorum
687 3449 741 3485 eur
762 3432 840 3486 dicat
858 3433 1022 3498 effectricem
1045 3431 1227 3500 eloquentiae,
1255 3432 1362 3496 sciunt,

207 3507 259 3576 qui
276 3508 327 3560 vel
343 3505 520 3577 prirnoribus
542 3504 641 3578 digitis
665 3503 836 3558 Ciceronem
860 3504 1028 3579 attigeramt.
1073 3504 1222 3557 Oratorem
1248 3502 1365 3557 scilicet

206 3577 315 3632 excitat
334 3593 460 3630 maenam
478 3575 642 3629 auditorum
660 3582 690 3629 et
706 3590 809 3648 magna
826 3574 997 3644 frequentia.
1035 3572 1140 3627 Contra
1157 3573 1365 3629 siDemosthe-

206 3665 257 3704 nes
275 3655 324 3700 aut
343 3647 444 3702 Cicero
462 3647 512 3699 vel
529 3664 544 3700 a
559 3660 668 3700 corona
686 3644 854 3698 deserantur
869 3646 919 3699 vel
937 3644 1078 3699 auditores
1096 3641 1218 3695 babeant
1242 3642 1365 3699 infestos

206 3719 372 3785 atellanos,
400 3717 474 3771 muti
492 3717 560 3770 sint.
597 3717 674 3770 Haec
700 3715 848 3788 adscripsi,
881 3716 949 3787 quia
966 3713 1137 3786 compilator
1155 3712 1273 3782 quidam
1293 3716 1366 3770 alie-

206 3808 312 3847 norum
329 3790 506 3861 scriptorum
524 3786 641 3858 scripsit
666 3788 698 3839 in
717 3787 793 3840 notis
812 3803 870 3840 non
887 3788 956 3853 esais,
983 3786 1032 3841 aad
1054 3784 1165 3848 alienis,
1194 3801 1224 3838 se
1243 3802 1302 3838 non
1321 3788 1365 3840 vi·

160 3856 170 3927 J
206 3862 285 3928 dare,
305 3861 447 3933 quomodo
472 3860 510 3917 ad
525 3859 604 3913 huuc
622 3858 720 3913 locum
738 3858 878 3929 quadrare
896 3859 987 3929 possit
1008 3874 1065 3911 rex
1081 3854 1219 3923 effectrix.
1256 3857 1365 3909 Mirum

206 3951 286 3999 vom,
305 3933 454 3987 hominem
473 3932 504 3986 in
521 3930 619 3986 literis
637 3945 755 3986 caecum
771 3928 828 3983 hoc
845 3942 903 3984 nen
920 3928 1051 3983 videro.“
1068 3925 1230 3983 imoimo.
1268 3930 1314 3981 Jo.
1325 3929 1362 3981 Μ.

206 4003 331 4059 Brutum
348 4005 452 4089 tangit,
483 4004 534 4073 qui
557 4003 588 4055 in
611 4018 677 4056 ann.
704 4001 740 4055 ad
756 4001 827 4054 h.l.
854 4001 997 4069 „Effectaa
1014 3998 1142 4070 quidem
1176 4000 1231 4123 aita
1276 4014 1309 4051 ro
1329 4014 1364 4050 eo

207 4075 283 4146 quod
301 4076 498 4144 proficiscitur
516 4093 552 4127 ex
569 4075 670 4141 causis
701 4088 841 4143 nusquam
859 4072 980 4126 tuemini
997 4088 1044 4125 me
1062 4071 1133 4124 alibi
1157 4089 1212 4153 apu
1272 4071 1365 4123 icero-

206 4162 270 4201 rem
288 4143 409 4220 legisse:
439 4145 489 4198 sed
505 4162 563 4199 non
580 4146 666 4201 video
683 4154 789 4211 tannen,
821 4144 870 4215 qui
888 4143 960 4197 huic
982 4141 1047 4197 loco
1073 4144 1204 4208 effectrsa
1223 4141 1364 4210 quadrare

205 4217 274 4272 satia
291 4226 357 4289 apte
375 4214 495 4288 posait‚“
531 4217 666 4272 Cetemm
685 4217 824 4270 satisfacit
841 4215 951 4269 Davisii
969 4215 1004 4269 ad
1021 4214 1050 4268 h.
1063 4214 1085 4267 l.
1105 4213 1271 4284 disputatio.
1299 4213 1365 4266 l’ost

205 4287 378 4360 eloquentiae
395 4288 450 4341 duo
469 4288 538 4341 (hm
557 4297 588 4343 et
605 4290 693 4343 btarb.
714 4287 821 4342 habent
837 4291 909 4341 east.
946 4284 1008 4339 Me.

276 4375 405 4433 Effectus
422 4378 598 4448 eloqaeatiae
623 4386 667 4435 eat
684 4377 861 4434 aaateatom
880 4373 1063 4445 approbatio]
1101 4373 1239 4426 bambino
1266 4371 1366 4442 placat

207 4450 336 4518 effectria
359 4449 542 4522 eloquentiae,
575 4450 653 4522 quod
675 4457 820 4505 mearent
846 4447 955 4504 amitat
977 4463 1103 4503 neamus
1126 4445 1302 4509 auditorem,
1334 4450 1367 4497 et
