2828 5070
508 316 641 382 LIBER
662 316 706 396 11,
729 317 778 383 15.
1166 320 1230 386 515

77 504 141 567 que
162 485 226 562 illi,
249 483 307 565 qui
328 481 490 545 Graeciae
512 485 654 544 formam
675 481 1024 564 rerumpublicarum
1051 481 1228 560 dederunt,

76 586 221 647 corpora
240 569 401 628 iuvenum
422 567 550 627 firmari
571 565 686 627 labore
707 564 900 627 voluerunt.
924 564 1021 629 Quod
1041 565 1230 650 Spartiatae

76 653 178 712 etiam
199 652 235 709 in
257 651 397 710 feminas
414 651 673 710 transtulerunt:
695 667 779 729 quae
796 650 917 711 ceteris
933 650 969 708 in
984 649 1123 712 urbibus
1146 653 1229 713 mol-

75 733 203 794 lissimo
226 733 318 794 cultu
338 732 504 813 parietum
518 731 647 791 umbris
663 731 872 794 occuluntur.
908 730 964 792 llli
984 738 1096 795 autem
1116 734 1229 796 volue-

75 823 158 875 runt
177 814 264 875 nihil
284 813 407 875 horum
427 813 533 875 simile
554 832 625 875 esse

198 929 240 942 —
260 928 302 939 —
323 931 363 943 -
383 931 425 944 —
449 894 536 975 ἀραιά
557 892 727 958 Lacaenas
755 893 916 978 virgines:

194 978 318 1048 ‘oeteo’
339 976 435 1059 mogi’
455 979 632 1060 palaestra,
653 976 793 1058 Euro'ta,
814 980 875 1058 sot,
895 975 1014 1060 puluis,
1037 978 1140 1060 ledor,

68 1104 411 1114 *²*-

76 1164 174 1217 Duisb.
196 1164 269 1218 Gud.
289 1166 316 1219 l.
337 1165 379 1217 Au
403 1205 409 1216 .
430 1173 490 1219 tres
509 1163 665 1232 Gebhardi,
684 1164 757 1217 Edd.
776 1165 861 1219 Leod.
887 1164 1010 1221 llWoll.
1031 1165 1122 1221 Gebh.
1142 1167 1227 1221 verb.

75 1237 148 1288 Era.
169 1254 232 1305 sqq.
270 1237 304 1287 ln
324 1184 412 1290 codd.
432 1235 502 1311 fleg.
522 1253 580 1289 uno
599 1235 649 1287 Ox.
671 1244 700 1288 et
719 1235 794 1288 Gud.
812 1241 835 1290 1.
858 1243 902 1290 est
920 1236 1034 1302 efficiat,
1054 1238 1130 1307 quod
1148 1255 1228 1293 rece-

75 1308 123 1377 pit
140 1306 211 1359 Dav.
249 1304 368 1379 Reliqui
394 1323 504 1372 omues,
535 1314 564 1359 et
586 1307 690 1374 scripti
714 1313 744 1358 et
769 1305 850 1372 editi,
878 1304 985 1359 habent
1002 1308 1111 1374 efficiet.
1147 1309 1230 1366 Unde

77 1377 251 1431 coniiciebat
270 1378 316 1432 Or.
344 1376 422 1431 haud
440 1380 554 1442 absone,
590 1375 745 1451 legendum
769 1394 830 1430 esse
849 1377 997 1444 efficiebat,
1025 1386 1058 1431 ut
1083 1379 1117 1432 de
1141 1379 1232 1434 Mario

78 1465 136 1500 uno
155 1449 270 1501 locutus
289 1447 374 1501 sith.
396 1448 415 1500 l.
438 1449 550 1502 Cicero.
587 1447 642 1500 Pro
662 1448 786 1499 dolorum
806 1466 879 1500 unus
898 1448 951 1501 ille
970 1448 1033 1514 Ox„
1062 1450 1094 1501 in
1112 1466 1169 1520 quc
1189 1457 1233 1503 est

77 1520 192 1584 efficiat,
212 1517 298 1573 habet
316 1521 457 1583 laborum
486 1518 560 1573 Gud.
583 1522 607 1573 1.
628 1518 768 1577 dolorem
793 1518 871 1571 idem
891 1519 1022 1571 merilli
1046 1537 1141 1588 quae.
1178 1521 1234 1574 lui-

78 1594 164 1643 noe'm
187 1599 217 1645 et
243 1590 412 1664 Lycurgum
437 1590 623 1660 potissimum
647 1588 779 1664 intelligi
802 1597 891 1659 patet.
929 1589 963 1641 ln
985 1607 1064 1661 seqq.
1085 1592 1141 1646 duo
1160 1592 1230 1646 011.

77 1661 186 1714 habent
203 1663 324 1726 fornoum
341 1679 396 1732 pro
414 1660 536 1727 firmari·
574 1661 636 1712 Mr.

150 1751 228 1804 Quod
245 1749 410 1818 Spartiatae
436 1750 524 1802 etiam
541 1748 571 1800 ia
589 1749 709 1812 feminas
735 1747 971 1815 transtuleruutz]
1008 1750 1055 1803 Ad
1073 1769 1135 1805 rem
1154 1753 1232 1807 conf.

77 1820 133 1872 Cra
157 1822 216 1873 ium
238 1822 273 1874 de
291 1823 361 1890 Rep.
382 1820 549 1875 Lacedaem.
569 1820 622 1871 lll.
643 1819 711 1872 Tab.
732 1820 779 1874 lX.
800 1824 825 1875 4.
845 1837 874 1889 p.
894 1822 1041 1876 186-188.
1061 1821 1234 1876 Beroaldum

78 1892 113 1943 ad
133 1839 263 1975 impert.
284 1892 337 1944 111.
360 1896 402 1947 13.
431 1909 459 1960 p.
485 1894 547 1975 711.
573 1890 615 1974 ed.
642 1892 737 1943 lutet.
771 1894 846 1973 ldtlt.
874 1892 896 1942 1.
915 1908 953 1977 m:
997 1890 1141 1945 Scribitur
1166 1908 1235 1976 quoe

77 1979 133 2083 tt
153 1960 692 2097 tttlft.⁰ttalt¹tstd¹ttls
715 1960 972 2086 1113151111
986 1963 1236 2102 titttttt:

78 2103 138 2166 τῖες
158 2104 234 2158 idem
253 2103 365 2156 omittit
383 2104 490 2155 umeris
509 2111 538 2155 et
555 2100 642 2156 habet
660 2103 825 2158 occultetur.
854 2104 898 2156 Au
921 2144 927 2157 .
954 2103 990 2155 e'n
1008 2104 1131 2169 umbrie3
1157 2104 1234 2159 idem

78 2176 281 2230 cu1n2.<0xx.
312 2175 467 2226 retuterunt.
506 2174 589 2226 Unus
609 2173 659 2225 Ox.
684 2175 858 2226 oecudautur.
912 2173 958 2226 ed.
978 2173 1067 2227 llehd.
1097 2174 1171 2228 nitet
1186 2193 1234 2229 oc-

78 2248 198 2300 lueruut.
220 2246 428 2299 Grotefendius
447 2246 478 2298 in
497 2262 563 2298 ann.
583 2243 703 2297 Billerb.
724 2254 824 2298 monet
843 2244 978 2298 Ciceroni
1001 2244 1051 2297 hic
1070 2246 1165 2300 invito
1184 2263 1234 2300 ex·

78 2315 184 2371 cidisse
208 2319 371 2371 senarium:
415 2387 422 2400 ι
467 2388 472 2400 ⁸
518 2390 525 2406 .
570 2388 575 2399 .
761 2386 767 2399 ·

78 2457 123 2510 Ad
142 2475 204 2511 rem
224 2386 854 2528 οὲνῗὶῐὲἰξιῖἑίοἷηεὲνὸὁίξξι.,111111ωέἶεὶ
873 2461 900 2512 7.
926 2456 961 2510 ad
987 2476 1015 2514 v.
1043 2461 1232 2526 γυναικωνῖτις

78 2546 108 2599 p.
129 2531 170 2584 15.
191 2529 321 2651 Ednpan
338 2526 486 2583 staveren.
515 2544 576 2580 cur.
597 2526 703 2582 Bardil.
741 2530 795 2581 Pro
816 2527 959 2595 parietum
982 2528 1049 2582 Cod.
1075 2529 1163 2583 Rehd.
1181 2546 1234 2598 po·

81 2600 209 2652 rieutum.
284 2615 307 2649 r.

152 2671 207 2721 1112·
226 2676 319 2721 autem
338 2669 491 2735 voluerunt]
528 2670 664 2735 „Veteris
683 2670 830 2724 cuiusdam
848 2678 951 2740 poetae
968 2686 1031 2724 esse
1048 2668 1102 2724 hos
1120 2688 1234 2737 versus,

81 2741 133 2810 qui
152 2742 250 2793 nescio
270 2740 340 2809 quid
358 2742 504 2826 tragicum
524 2748 553 2793 et
572 2742 781 2795 Graecanicum
801 2743 924 2810 sapiant,
943 2741 1075 2794 observet
1092 2740 1151 2796 Jos.
1168 2741 1235 2796 Scu-

79 2813 175 2886 liger:
211 2812 263 2882 qui
289 2820 386 2864 tamen
405 2813 464 2880 ipsi
482 2811 544 2864 leni
562 2819 659 2864 tractu
678 2820 707 2864 et
733 2813 856 2865 minime
873 2813 1018 2865 elaborata
1036 2812 1167 2865 oratione
1185 2829 1236 2866 sua

80 2901 149 2935 cum
168 2892 263 2936 cetera
283 2882 376 2934 soluta
395 2883 527 2936 oratione
546 2882 763 2935 immiscuerint
781 2900 825 2937 se:
845 2900 910 2935 eum
930 2890 1027 2935 tamen
1043 2882 1123 2934 nulla
1141 2890 1236 2935 muta-

81 2955 163 3006 tione
183 2955 224 3006 ita
244 2954 272 3005 di
297 2953 398 3007 erendi
417 2954 490 3005 sint:
510 2952 592 3006 Nitit
608 2951 707 3007 lorum
726 2962 779 3007 etc.
801 2952 838 3018 [v.
860 2961 956 3005 annot.
976 2952 1081 3018 Dav.]“
1101 2952 1235 3022 Sylburg.

80 3023 149 3080 eod.
171 3026 245 3077 Gud.
271 2970 357 3077 liabet
393 3029 466 3077 esset
492 3039 546 3094 pro
574 3040 641 3077 esse.
678 3025 770 3078 Verba
798 3022 990 3077 uidit-simile
1015 3024 1113 3076 versui
1137 3024 1236 3091 primo

82 3095 194 3147 addidit
219 3097 305 3148 etiam
329 3094 399 3146 Dav.
426 3093 514 3147 verbo
539 3112 602 3148 cese
626 3103 707 3148 extra
729 3112 846 3148 versum
865 3094 978 3163 posito;
1013 3100 1041 3147 et
1060 3095 1103 3146 sic
1122 3108 1178 3161 quo
1201 3108 1236 3146 ue

80 3164 188 3229 Nobb.;
209 3166 258 3217 sed
275 3166 360 3218 Verb.
380 3163 454 3217 Lell.
475 3165 549 3218 Oliv.
569 3166 690 3219 verbum
715 3181 830 3234 quoque
848 3173 882 3216 ut
898 3182 1001 3218 versus
1019 3170 1134 3232 partem
1153 3110 1236 3214 edi-

80 3236 158 3287 bent.
196 3235 238 3287 Ab
258 3237 333 3302 opud
352 3236 498 3305 incipiunt
514 3253 616 3288 versus
635 3235 779 3290 FAWolf.
794 3234 877 3289 Schz.
898 3236 944 3289 Or.
958 3232 1030 3286 Tbu.
1050 3231 1144 3284 Kiihn.
1165 3231 1233 3284 Bill.

83 3305 310 3374 ReliquaeEdd.
330 3304 511 3357 haecomnia
529 3313 562 3356 ut
574 3322 690 3376 prosam
704 3308 863 3359 orationem
875 3306 1021 3374 exscripta
1039 3303 1153 3357 habent.
1173 3304 1235 3357 Mr.

151 3392 234 3446 Nitit
250 3393 347 3446 lorum
366 3426 398 3435 -
417 3393 558 3457 fertilitas
578 3394 711 3459 dardora]
748 3396 853 3448 Versus
873 3401 941 3446 sunt
960 3410 995 3446 ex
1013 3393 1132 3464 antiquo
1150 3391 1219 3445 Post

80 3465 217 3531 desumi,
237 3465 339 3534 quibus
359 3479 424 3517 suos
443 3481 579 3517 numeros
598 3466 640 3518 sic
658 3465 784 3517 reddidit
802 3468 861 3518 Jes·
880 3463 1026 3537 Scaliger:

245 3536 327 3589 Nittt
344 3533 442 3587 dorum
461 3535 557 3586 simite
575 3536 649 3602 opud
667 3534 810 3588 Lacaenas
827 3535 970 3602 virgineae

247 3607 334 3662 Quet's
352 3607 438 3671 magi'
454 3606 613 3673 palaestra,
631 3606 750 3668 Eurota,
770 3607 824 3670 eol,
839 3606 943 3673 potate,
964 3605 1052 3671 tabor,

247 3677 364 3731 Militia
383 3677 524 3730 metudio
544 3681 595 3739 est,
623 3691 705 3744 quam
724 3677 865 3739 fertilitas
885 3677 1016 3728 barbara.

81 3749 124 3801 Ac
143 3751 251 3802 Eurota
271 3746 398 3819 quidem,
429 3764 488 3800 non
508 3747 641 3813 Eurotae,
669 3748 700 3799 in
719 3749 785 3802 Mss.
804 3746 876 3822 lieg.
895 3749 955 3800 Pet.
982 3745 1051 3799 Bak.
1078 3755 1108 3800 et
1124 3746 1236 3802 Eliene.

83 3827 151 3872 tert.
172 3821 279 3872 diserte
299 3820 418 3894 legitur.
455 3818 491 3869 D.

154 3890 277 3945 Quibu'
303 3891 416 3958 magi’
438 3889 595 3956 palaestro,
620 3887 740 3954 Eurota,
766 3890 818 3953 sol,
836 3886 1062 3956 puteis,1abor,]
1094 3886 1170 3941 Scali
1193 3888 1238 3943 ert

82 3960 298 4015 correctionem
322 3962 402 4028 queis
429 3977 497 4011 cum
521 3976 615 4028 neque
642 3960 815 4013 confirment
839 3959 925 4012 Cedd.
946 3957 1025 4010 MSS.
1051 3976 1086 4012 ue
1110 3977 1144 4013 ue
1189 3959 1236 4013 dd.

81 4041 167 4098 vett,
198 4031 282 4083 nolui
307 4033 448 4100 recipere,
482 4046 657 4098 quamquam
684 4038 859 4099 receperunt
884 4029 957 4082 Lall.
984 4029 1093 4085 FAWo
1121 4074 1127 4086 .
1153 4029 1235 4085 Koel.

80 4103 167 4158 Schz.
199 4102 245 4155 Or.
276 4100 349 4153 Tbn.
388 4101 428 4152 Ut
454 4117 518 4165 nos,
547 4100 700 4153 ediderunt
722 4119 839 4154 versum
866 4102 924 4153 iam
944 4100 1236 4155 Bentl.Verb.01iv.

81 4176 186 4240 Nobb.‚
215 4181 248 4225 ut
267 4182 330 4225 tum
349 4172 465 4226 demum
484 4171 687 4235 animadverti,
713 4180 866 4242 postquam
891 4173 955 4241 ipse
974 4187 1166 4238 correxeram,
1190 4187 1238 4224 re·

83 4247 209 4313 spicieus
229 4244 389 4298 Hermanni
413 4242 509 4296 Elem.
529 4241 628 4297 Dectr.
658 4242 739 4295 Metr.
759 4260 788 4364 p.
808 4245 852 4298 98.
872 4247 898 4298 6.
926 4241 996 4296 Dav.
1024 4244 1144 4313 scripsit
1170 4257 1238 4294 cum

81 4314 206 4381 reliquis
226 4317 323 4381 auidae
341 4315 442 4381 magis,
462 4314 645 4381 vituperatus
664 4331 681 4365 a
698 4312 757 4366 Bou
781 4313 865 4379 ierio,
890 4315 972 4383 quasi
997 4331 1010 4366 e
1049 4320 1107 4366 tem
1131 4311 1239 4381 pedum

83 4384 239 4437 senarium
258 4384 409 4438 exhibens:
442 4402 528 4453 quam
550 4400 617 4436 uam
641 4384 703 4437 sine
728 4382 814 4436 dubio
839 4402 956 4438 versum
975 4330 1155 4437 exedendae
1174 4398 1240 4433 sen·

83 4454 178 4508 tentia
198 4452 257 4527 legi
275 4454 379 4520 voluit,
408 4402 647 4510 etiamsiieetori
667 4454 824 4525 reliquerit
840 4454 994 4526 utriusque
1006 4451 1147 4506 -vocabuli
1170 4448 1239 4505 duo-

987 4559 1053 4623 33*
