2828 5070
199 293 264 367 m
400 285 633 355 CICERONIS
653 286 901 362 Tuscum.
922 285 1154 355 DISPUTA‘I'.

115 455 239 522 runt.
254 455 340 521 Istos
356 473 459 532 vsr03
480 455 552 539 qui,
573 451 663 538 quod
682 456 808 520 totuin
829 455 892 519 huc
912 475 1015 521 conss
1034 453 1272 523 difficillimum
1293 465 1358 535 cst,

146 531 172 570 ⁸·
199 541 396 622 suscipiunt,
423 557 521 621 posco
548 541 694 604 inimum
715 557 851 603 menore
872 555 1016 620 corpore
1046 545 1239 603 vacantem:
1272 538 1359 603 iilud

200 630 326 700 sutem,
356 620 444 704 quod
463 641 533 685 non
553 620 653 687 modo
680 622 779 685 iuciie
808 619 852 683 sd
884 619 1087 686 credendum
1117 629 1179 700 est,
1212 619 1282 699 scd,
1316 642 1358 685 so

201 723 358 774 concesso
388 701 478 788 quod
507 704 638 782 uolunt,
669 713 873 787 consequens
901 705 1045 782 iccirco,
1077 723 1146 768 non
1180 701 1273 781 dant,
1305 711 1357 785 ut,

199 901 453 1021 tommo
468 891 769 1030 iss‘ssffi‘igfii'i.
791 884 938 1010 ἷΫῗὛ
950 884 1097 1009 &titt
1117 883 1251 1009 itit.
1264 883 1355 1009 iiii·

200 1027 300 1087 Duisb.
320 1028 394 1083 oud.
417 1027 485 1091 (uisi
504 1027 579 1095 quod
596 1025 647 1079 hic
665 1026 776 1080 omittit
795 1025 830 1090 e).
867 973 1003 1078 Exuildd.
1023 1025 1083 1078 solu
1100 1024 1170 1079 Duv.
1189 1023 1240 1075 his
1259 1033 1357 1079 sucto-

200 1100 304 1152 ritstes
331 1098 472 1168 sequitur.
509 1098 589 1151 Unus
607 1096 658 1150 Ox.
686 1096 771 1149 habet
796 1096 977 1150 discesserint
1003 1097 1047 1149 oei
1064 1096 1232 1160 excesserint
1239 1116 1249 1147 r
1272 1096 1356 1151 cuius

201 1170 370 1295 sncrgftignits
389 1185 471 1293 quiusa
489 1167 675 1294 ἰοίἧοοιοῆιίω
693 1176 744 1221 est.
780 1167 826 1220 Ad
850 1167 1022 1221 sententiam
1045 1169 1122 1220 conf.
1141 1165 1354 1236 Wyttenbcch.

228 1257 238 1291 r
271 1280 277 1292 .
321 1258 370 1292 rr.
432 1278 438 1291 .
481 1276 487 1289 .
562 1277 568 1290 .
641 1255 666 1290 r.

272 1311 351 1371 ictos
369 1309 444 1376 vero]
458 1257 548 1362 pNou
566 1307 722 1362 audiendus
739 1306 830 1361 Bouh.
858 1305 930 1360 hacc
956 1307 1123 1377 praeteritis
1149 1307 1235 1360 sdiuu
1274 1327 1308 1362 ns
1326 1318 1356 1364 et

200 1381 338 1445 Ciceroni
355 1381 493 1434 tribuens.
530 1378 574 1431 Ad
592 1378 663 1431 istos
680 1394 746 1430 cero
764 1377 862 1431 intelli
884 1394 900 1431 e
918 1378 1103 1430 dimittamus.
1136 1377 1209 1435 Vero
1226 1325 1357 1433 affirmet

133 1451 141 1467 “
201 1453 318 1515 icrtius,
337 1460 371 1503 ut
388 1449 551 1520 saepissime
569 1451 643 1518 spud
662 1448 839 1503 Ciceronem.
881 1458 909 1499 tr
926 1450 1011 1519 plane
1029 1449 1063 1503 de
1081 1449 1147 1501 Div.
1168 1450 1206 1502 11.
1226 1452 1271 1505 64.
1288 1453 1355 1506 m:

201 1521 298 1581 Quid?
313 1527 399 1590 poitur
416 1537 503 1586 uerso,
521 1536 600 1573 nemo
616 1518 750 1604 physicus
767 1519 921 1572 obscurus!
939 1520 957 1571 1
963 1517 1006 1570 iii
1023 1536 1116 1575 vero.
1134 1519 1185 1572 ubi
1193 1520 1252 1573 vid.
1263 1529 1354 1575 nostr.

201 1591 309 1646 Annot.
329 1592 373 1656 (in
391 1608 477 1660 quum
494 1606 553 1642 non
570 1592 632 1643 reci
654 1590 753 1642 rendus
773 1598 834 1643 erat
851 1590 930 1643 locus
949 1591 983 1642 de
1001 1592 1038 1642 N.
1059 1590 1094 1642 D.
1114 1591 1152 1643 11.
1173 1590 1229 1656 1⁰.)
1257 1600 1287 1644 et
1304 1608 1358 1647 not

175 1689 177 1693 ·
202 1680 289 1734 supra
306 1662 342 1715 sd
360 1666 403 1728 ll,
422 1664 465 1725 24.
486 1660 555 1730 ibiq.
575 1661 622 1712 lau
642 1660 669 1712 d.
706 1661 786 1717 Unus
805 1662 855 1713 0¹.
874 1659 959 1712 habet
977 1660 1087 1728 quidem
1111 1678 1165 1731 pro
1184 1662 1275 1732 quod.-
1299 1662 1357 1715 duo

203 1735 420 1858 cmittuutMest3
445 1731 544 1786 Duisb.
563 1729 675 1785 omittit
693 1736 764 1797 toto,
784 1739 813 1785 et
837 1731 949 1806 pergit:
978 1735 1019 1785 cst
1036 1730 1238 1798 difficillimum
1255 1731 1288 1787 iss
1304 1730 1358 1786 icc

201 1818 298 1859 causa.
372 1821 397 1856 r.

274 1873 340 1940 out,
360 1874 434 1944 quud
451 1877 511 1928 toto
528 1871 560 1926 in
577 1869 629 1926 icc
646 1886 732 1926 causo
750 1869 953 1939 difficillimum
969 1879 1022 1937 ert,
1049 1873 1220 1943 suscipiant]
1256 1873 1356 1929 Muliin

202 1944 376 2017 cucurriunt,
396 1945 528 2017 sequitur
546 1945 633 2006 enim,
653 1943 726 1997 iilud
742 1950 834 1998 cutem
851 1973 884 1984 -
904 1959 961 1998 nou
979 1945 1073 1998 dant.
1110 1944 1147 1997 D.

199 2013 753 2157 Μ]
1263 2031 1357 2139 u.

200 2124 372 2225 cusciiuom,
390 2163 424 2207 ut
441 2156 559 2209 centies.
595 2155 706 2208 Furent
724 2103 820 2208 tinien
837 2155 922 2207 Codd.
942 2101 1026 2210 irini.
1049 2162 1072 2213 1.
1102 2165 1132 2210 ct
1149 2105 1247 2209 Duiisb.
1267 2157 1357 2210 Divi·

201 2227 255 2292 sio,
273 2227 378 2280 idest:
397 2234 595 2280 correctorem
612 2224 776 2278 habuerunt
793 2225 930 2297 sliquem,
951 2227 1002 2297 qui
1022 2226 1140 2281 eandem
1159 2227 1358 2290 coniecturam

203 2297 342 2350 inutilem
365 2296 503 2350 Ciceroni
527 2295 702 2353 obtunderet.
728 2323 762 2334 -
798 2295 951 2349 Tenendus
974 2316 1045 2352 vero
1071 2316 1138 2350 usus
1162 2298 1246 2351 verbi
1265 2299 1358 2351 surci-

200 2368 286 2439 piunt
305 2385 344 2421 sc.
363 2366 582 2421 defendendum.
620 2368 663 2420 Itu
681 2368 765 2437 pleno
783 2367 819 2419 cd
836 2368 916 2420 Fam
935 2369 969 2417 V.
989 2373 1015 2425 9,
1035 2368 1150 2436 suscipe
1172 2385 1217 2420 me
1239 2386 1279 2423 sc.
1307 2368 1359 2422 ds-

202 2440 388 2493 iendendum.
425 2438 570 2492 Similiter
588 2436 623 2490 ds
641 2437 706 2489 niv.
726 2438 765 2490 11.
784 2441 827 2493 40.
847 2440 896 2494 84ε
917 2454 988 2508 quae
1005 2439 1034 2493 ri
1051 2439 1289 2508 suscipimus,
1306 2457 1360 2508 pe·

163 2523 167 2530 '
203 2510 251 2565 dis
269 2510 386 2577 offensio
404 2509 485 2562 nobis
496 2536 527 2547 -
539 2515 566 2562 et
584 2514 802 2562 sternutamenta
820 2516 903 2561 erunt
921 2510 1104 2564 obseruanda.
1124 2511 1224 2585 Pergit
1243 2511 1358 2567 cnut.

201 2597 287 2649 posse
305 2580 457 2646 animos,
473 2598 546 2632 unus
564 2581 615 2632 01.
632 2595 716 2647 posse
734 2580 899 2632 unimam<
920 2579 974 2633 duo
992 2581 1208 2649 corporibus3
1225 2582 1309 2634 vind
1332 2585 1357 2636 1.

204 2651 243 2704 itt
260 2667 390 2718 corpore:
415 2669 487 2702 unus
506 2652 557 2703 Ox.
577 2650 739 2716 habetati,
758 2650 832 2726 Aug.
859 2650 970 2703 omittit
988 2660 1088 2706 cutem.
1127 2655 1192 2706 Post
1215 2652 1303 2718 {sciit
1328 2654 1361 2704 in

204 2723 280 2775 Mon.
300 2724 326 2775 2.
348 2720 387 2772 ad
404 2721 519 2773 nonnisi
537 2739 553 2773 u
571 2721 693 2774 secunda
711 2738 797 2772 msnu
816 2721 945 2773 additum
969 2732 1027 2775 est:
1053 2723 1085 2776 in
1103 2723 1187 2776 Vind.
1209 2728 1234 2778 l.
1259 2723 1362 2775 scribi-

205 2799 258 2843 tur
284 2797 338 2844 est
364 2791 403 2843 ud
431 2792 606 2845 credendum.
642 2793 677 2845 in
700 2809 779 2861 seqq.
804 2791 895 2844 Βοιὼ.
925 2792 1051 2845 coniecit
1082 2794 1156 2864 quod
1186 2796 1361 2847 coturnices

205 2870 322 2933 praeter
340 2863 553 2915 necessitatem:
573 2879 638 2914 nam
656 2863 750 2915 uolunt
771 2862 826 2932 ipsi
843 2862 900 2915 hoc
918 2880 986 2926 esse,
1006 2864 1082 2934 quod
1100 2865 1275 2917 concedunt:
1302 2881 1362 2916 non

107 2960 115 2970 ·
207 2934 285 2987 enim
304 2933 384 3002 qussi
402 2932 602 3008 largiebantur
620 2931 706 2984 illud:
726 2931 776 2986 sed
793 2933 964 3003 sequebatur
981 2933 1012 2986 id
1021 2953 1057 2988 ex
1066 2935 1112 3000 iis,
1131 2951 1214 3005 quse,
1232 2943 1267 2986 ut
1278 2952 1360 3002 vers,

96 3042 99 3049 ·
207 3021 266 3058 csse
284 3003 501 3056 contendebant.
539 3006 593 3057 Pro
611 3019 740 3056 concesso
758 3020 831 3054 unus
849 3019 973 3057 accenso.
997 3006 1072 3060 ·Mr.

277 3075 401 3142 Idcirco,
421 3091 477 3128 nou
495 3073 574 3142 daut]
610 3076 635 3125 V
688 3090 715 3137 ο,
733 3073 766 3126 id
782 3079 858 3126 certe
877 3090 933 3127 non
952 3076 1030 3129 dunt.
1066 3073 1244 3140 Lectionem,
1272 3093 1363 3143 quam

206 3147 541 3272 impitmiiili'aiimgt
563 3147 634 3221 lieg.
683 3145 732 3198 cll.
757 3145 897 3215 quinque,
924 3146 1017 3200 Vatic.
1047 3145 1120 3201 Med.
1147 3145 1217 3198 nik.
1247 3145 1362 3199 Elisus.

270 3258 275 3271 .
408 3234 418 3268 ι
452 3257 458 3269 .
525 3261 532 3274 .

222 3229 267 3272 m
278 3289 335 3344 Sed
354 3316 388 3327 -
406 3304 576 3360 consequens
592 3287 707 3352 iccirco,
735 3304 790 3347 stou
808 3288 888 3352 daut,
907 3293 939 3340 ut
958 3287 1027 3355 etc]
1062 3289 1157 3342 Verba
1174 3291 1226 3343 sed
1244 3316 1278 3328 —
1297 3305 1364 3343 ccu-

206 3377 323 3431 sequenc
342 3360 448 3414 iccirco
467 3360 617 3434 intellige:
648 3360 699 3412 ted
727 3360 810 3430 quod,
834 3364 982 3429 postquam
1007 3359 1041 3412 id
1058 3366 1263 3427 concesserunt,
1290 3362 1365 3431 quod

207 3433 311 3497 colunt,
330 3432 431 3484 iccirco
451 3433 481 3495 (i.
502 3450 526 3485 e.
548 3430 638 3484 eumi
672 3448 718 3482 sm
736 3430 771 3482 cb
789 3432 912 3495 causam)
932 3446 1016 3483 corte
1053 3448 1102 3484 cnr
1121 3437 1174 3497 est,
1195 3448 1251 3485 uon
1268 3447 1364 3485 couce-

208 3503 282 3557 dust.
320 3501 440 3555 Secutus
459 3520 522 3554 sum
540 3518 607 3553 cum
651 3519 693 3552 cv.
713 3500 802 3553 Bouh.
824 3510 853 3554 et
869 3501 1002 3555 Bentleic
1034 3503 1179 3555 ectionern
1197 3503 1285 3556 Codd.
1313 3520 1366 3556 ve-

207 3572 434 3625 tustissimorum
452 3581 481 3625 et
500 3572 685 3642 optimorum,
705 3588 746 3635 ec,
766 3589 853 3641 quem
869 3571 957 3624 habet
974 3572 1055 3639 Dav,
1074 3573 1264 3626 distinctions
1281 3575 1366 3651 paul-

208 3643 271 3695 lum
298 3651 437 3695 ccrrectu.
473 3643 513 3695 Et
538 3642 644 3695 habent
670 3643 776 3695 iccirco
801 3644 849 3695 vel
872 3642 980 3696 idcirco
1005 3660 1104 3697 omnes
1122 3644 1192 3696 Oxx.
1222 3644 1306 3709 (unus
1331 3650 1364 3698 et

203 3712 345 3779 idcirco),
366 3707 495 3784 quinqui
513 3713 583 3765 Pan.
605 3713 670 3765 Feb.
690 3715 782 3766 Vctic.
804 3713 958 3780 Gebhardi,
979 3715 1005 3768 G
1064 3715 1094 3767 h.
1114 3715 1183 3796 Reg.
1204 3716 1277 3768 Gud.
1301 3721 1325 3771 1.
1336 3719 1364 3771 2.

209 3785 282 3865 Aug.
304 3785 346 3850 (in
364 3784 420 3838 hoc
439 3794 482 3837 est
500 3785 714 3855 consequentur)
739 3784 828 3838 Rehd.
854 3785 928 3838 Gud.
953 3786 1051 3838 Duis.
1077 3789 1151 3838 Mon.
1175 3790 1198 3840 1.
1218 3789 1245 3842 2.
1274 3786 1364 3839 Mari).

208 3858 293 3910 vind.
316 3862 340 3912 1.
360 3858 431 3910 Edd.
452 3857 487 3909 H.
512 3859 541 3908 P.
569 3855 654 3907 Vind.
678 3855 738 3908 Alt.
768 3855 936 3910 Gebhardus
958 3875 1048 3928 prava
1072 3856 1260 3911 distinctione
1285 3857 1365 3910 vult:

209 3931 260 3981 sed
278 3946 309 3982 eo
328 3945 456 3984 concesso
523 3928 559 3981 od
576 3929 669 3980 volunt
687 3942 863 4002 consequeus,
888 3927 992 3981 iccirco
1019 3944 1074 3980 uon
1098 3929 1182 3981 dunt:
1212 3929 1365 3999 additque:

457 3966 466 3993 9

211 3999 355 4069 quidhoc
374 4002 421 4065 sit,
441 4000 480 4053 sti
500 4000 510 4050 i
529 3999 660 4051 dicimus.
698 3998 762 4067 Sed,
782 3999 858 4069 quod
876 4000 974 4063 scium,
992 4017 1135 4070 nusquam
1154 3999 1239 4065 dixit,
1259 4017 1366 4068 neque,

209 4070 323 4141 opinor,
343 4071 440 4123 dicere
456 4071 563 4141 potuit.
600 4072 715 4124 Nissen.
735 4080 836 4124 tuetur
854 4070 886 4122 id
903 4077 979 4123 certe
999 4080 1027 4123 et
1046 4070 1174 4140 explicat
1191 4071 1224 4124 id
1242 4071 1368 4140 quidem,

208 4139 364 4195 Riihnerus
381 4149 456 4194 certe
474 4141 620 4212 εἰρωνικῶς
638 4143 749 4195 dictum
767 4143 808 4194 sit
825 4158 880 4212 pro
898 4143 1018 4208 scilicet,
1038 4142 1182 4195 videlicet.
1220 4141 1276 4196 Sed
1293 4141 1368 4195 haec

211 4211 243 4264 in
261 4229 370 4265 cassum
388 4221 454 4264 sunt
472 4213 627 4284 disputata:
648 4214 736 4266 aliter
752 4232 781 4267 se
799 4231 846 4266 res
863 4213 991 4280 haberet,
1012 4215 1035 4265 si
1044 4216 1076 4267 id
1089 4219 1163 4265 certe
1174 4214 1259 4266 Godd.
1279 4231 1368 4265 minu

210 4285 327 4355 scriptis
346 4302 375 4337 se
393 4284 471 4337 tueri
488 4294 595 4356 posset3
619 4293 682 4337 tum
700 4285 871 4355 interpretis
897 4295 969 4338 esset
993 4285 1157 4349 defendere,
1185 4285 1262 4354 quod
1286 4303 1303 4336 a
1321 4284 1370 4337 ci-

211 4372 317 4409 cerone
334 4357 501 4430 proiectum
519 4374 578 4410 essc
594 4357 753 4410 videretur.
791 4356 871 4423 Quod
888 4374 957 4410 vcro
986 4358 1026 4409 sit
1045 4359 1092 4410 Or.
1112 4357 1229 4423 iccirco,
1256 4358 1298 4409 sic
1311 4371 1370 4482 ἕο·

211 4428 311 4496 u'tum,
336 4429 393 4482 sihi
417 4444 476 4482 non
497 4429 630 4500 placeres
654 4425 796 4482 concedo:
825 4443 879 4483 nso
898 4428 974 4482 nihi
990 4423 1143 4484 mucium
1160 4430 1266 4501 piacet.
1333 4427 1370 4481 ed
