<?xml version="1.0" encoding="UTF-8"?>
<!DOCTYPE html PUBLIC "-//W3C//DTD XHTML 1.0 Transitional//EN"
    "http://www.w3.org/TR/xhtml1/DTD/xhtml1-transitional.dtd">
<html xmlns="http://www.w3.org/1999/xhtml" xml:lang="en" lang="en">
 <head>
  <title>
</title>
<meta http-equiv="Content-Type" content="text/html;charset=utf-8" />
  <meta name='ocr-system' content='tesseract 3.04.00' />
  <meta name='ocr-capabilities' content='ocr_page ocr_carea ocr_par ocr_line ocrx_word'/>
</head>
<body>
  <div class='ocr_page' id='page_1' title='image "./mtulliiciceroni01davigoog_0089.png"; bbox 0 0 2828 5070; ppageno 0'>
   <div class='ocr_carea' id='block_1_1' title="bbox 46 285 999 357">
    <p class='ocr_par' dir='ltr' id='par_1_1' title="bbox 46 285 999 357">
     <span class='ocr_line' id='line_1_1' title="bbox 46 285 999 357; baseline -0.004 0"><span class='ocrx_word' id='word_1_1' title='bbox 46 293 89 357; x_wconf 78' lang='grc'><strong>56</strong></span> <span class='ocrx_word' id='word_1_2' title='bbox 243 289 473 355; x_wconf 81' lang='lat' dir='ltr'>CICERONIS</span> <span class='ocrx_word' id='word_1_3' title='bbox 494 286 743 353; x_wconf 75' lang='lat' dir='ltr'>TUSCULAN.</span> <span class='ocrx_word' id='word_1_4' title='bbox 767 285 999 353; x_wconf 75' lang='lat' dir='ltr'><strong>DISPUTAT.</strong></span> 
     </span>
    </p>
   </div>
   <div class='ocr_carea' id='block_1_2' title="bbox 6 452 1209 862">
    <p class='ocr_par' dir='ltr' id='par_1_2' title="bbox 6 452 1209 862">
     <span class='ocr_line' id='line_1_2' title="bbox 47 452 1202 536; baseline -0.002 -20"><span class='ocrx_word' id='word_1_5' title='bbox 47 453 210 533; x_wconf 84' lang='lat' dir='ltr'><strong>cederem,</strong></span> <span class='ocrx_word' id='word_1_6' title='bbox 231 458 288 536; x_wconf 85' lang='lat' dir='ltr'><strong>qui</strong></span> <span class='ocrx_word' id='word_1_7' title='bbox 309 455 436 517; x_wconf 86' lang='lat' dir='ltr'><strong>mortui</strong></span> <span class='ocrx_word' id='word_1_8' title='bbox 457 464 577 531; x_wconf 55' lang='lat' dir='ltr'><strong>ment</strong></span> <span class='ocrx_word' id='word_1_9' title='bbox 605 473 664 516; x_wconf 88' lang='lat' dir='ltr'><strong>sos</strong></span> <span class='ocrx_word' id='word_1_10' title='bbox 683 454 823 515; x_wconf 55' lang='lat' dir='ltr'><strong>micros</strong></span> <span class='ocrx_word' id='word_1_11' title='bbox 844 473 913 515; x_wconf 90' lang='lat' dir='ltr'><strong>non</strong></span> <span class='ocrx_word' id='word_1_12' title='bbox 935 470 1025 527; x_wconf 67' lang='lat' dir='ltr'><strong>osas,</strong></span> <span class='ocrx_word' id='word_1_13' title='bbox 1060 452 1202 533; x_wconf 69' lang='lat' dir='ltr'><strong>perfice,</strong></span> 
     </span>
     <span class='ocr_line' id='line_1_3' title="bbox 46 534 1209 680; baseline -0.003 -1"><span class='ocrx_word' id='word_1_14' title='bbox 46 534 589 680; x_wconf 38' lang='lat' dir='ltr'><strong>§.plig’isiic·nemffolffsie:iltiil</strong></span> <span class='ocrx_word' id='word_1_15' title='bbox 599 534 1048 680; x_wconf 46' lang='lat' dir='ltr'><strong>nqni‘iiimcsiimsolllhc‘ilZffi¹</strong></span> <span class='ocrx_word' id='word_1_16' title='bbox 1067 541 1209 677; x_wconf 44' lang='lat'><strong>21:322</strong></span> 
     </span>
     <span class='ocr_line' id='line_1_4' title="bbox 6 629 1201 784; baseline -0.003 -24"><span class='ocrx_word' id='word_1_17' title='bbox 6 629 177 761; x_wconf 74' lang='lat' dir='ltr'><strong>¹6suolior.</strong></span> <span class='ocrx_word' id='word_1_18' title='bbox 233 701 274 765; x_wconf 87' lang='grc' dir='ltr'><strong>Δ.</strong></span> <span class='ocrx_word' id='word_1_19' title='bbox 310 640 486 765; x_wconf 44' lang='lat' dir='ltr'><strong>&amp;uomodo</strong></span> <span class='ocrx_word' id='word_1_20' title='bbox 519 699 584 763; x_wconf 87' lang='lat' dir='ltr'><strong>hoc</strong></span> <span class='ocrx_word' id='word_1_21' title='bbox 620 699 706 761; x_wconf 75' lang='lat' dir='ltr'><strong>nihil</strong></span> <span class='ocrx_word' id='word_1_22' title='bbox 744 662 872 784; x_wconf 68' lang='lat' dir='ltr'><strong>negotii</strong></span> <span class='ocrx_word' id='word_1_23' title='bbox 908 695 979 760; x_wconf 79' lang='lat' dir='ltr'><strong>esti</strong></span> <span class='ocrx_word' id='word_1_24' title='bbox 1015 703 1081 759; x_wconf 79' lang='lat' dir='ltr'><strong>ant</strong></span> <span class='ocrx_word' id='word_1_25' title='bbox 1113 715 1201 779; x_wconf 79' lang='lat' dir='ltr'><strong>quas</strong></span> 
     </span>
     <span class='ocr_line' id='line_1_5' title="bbox 45 779 1201 862; baseline -0.002 -21"><span class='ocrx_word' id='word_1_26' title='bbox 45 788 123 841; x_wconf 84' lang='lat' dir='ltr'><strong>sunt</strong></span> <span class='ocrx_word' id='word_1_27' title='bbox 142 780 275 844; x_wconf 85' lang='lat' dir='ltr'><strong>tandem</strong></span> <span class='ocrx_word' id='word_1_28' title='bbox 296 784 361 843; x_wconf 87' lang='lat' dir='ltr'><strong>ista</strong></span> <span class='ocrx_word' id='word_1_29' title='bbox 386 779 530 843; x_wconf 76' lang='lat' dir='ltr'><strong>maiora!</strong></span> <span class='ocrx_word' id='word_1_30' title='bbox 573 780 622 842; x_wconf 80' lang='lat' dir='ltr'><strong>M.</strong></span> <span class='ocrx_word' id='word_1_31' title='bbox 644 780 741 858; x_wconf 76' lang='lat' dir='ltr'><strong>Quia,</strong></span> <span class='ocrx_word' id='word_1_32' title='bbox 768 782 924 862; x_wconf 85' lang='lat' dir='ltr'><strong>quoniam</strong></span> <span class='ocrx_word' id='word_1_33' title='bbox 951 788 1027 861; x_wconf 91' lang='lat' dir='ltr'><strong>post</strong></span> <span class='ocrx_word' id='word_1_34' title='bbox 1053 786 1201 840; x_wconf 84' lang='lat' dir='ltr'><strong>mortem</strong></span> 
     </span>
    </p>
   </div>
   <div class='ocr_carea' id='block_1_3' title="bbox 42 942 1228 4478">
    <p class='ocr_par' dir='ltr' id='par_1_3' title="bbox 45 942 1200 1089">
     <span class='ocr_line' id='line_1_6' title="bbox 45 942 1200 1018; baseline 0.005 -21"><span class='ocrx_word' id='word_1_35' title='bbox 45 945 183 1000; x_wconf 77' lang='lat' dir='ltr'>refellere</span> <span class='ocrx_word' id='word_1_36' title='bbox 201 964 446 1018; x_wconf 83' lang='lat' dir='ltr'><strong>supervacaneum</strong></span> <span class='ocrx_word' id='word_1_37' title='bbox 463 948 591 1003; x_wconf 76' lang='lat' dir='ltr'><strong>ridetur.</strong></span> <span class='ocrx_word' id='word_1_38' title='bbox 626 946 670 1001; x_wconf 85' lang='lat' dir='ltr'><strong>De</strong></span> <span class='ocrx_word' id='word_1_39' title='bbox 694 966 722 1004; x_wconf 81' lang='lat' dir='ltr'><strong>v.</strong></span> <span class='ocrx_word' id='word_1_40' title='bbox 749 963 871 1016; x_wconf 62' lang='lat' dir='ltr'><strong>epotos</strong></span> <span class='ocrx_word' id='word_1_41' title='bbox 898 965 927 1000; x_wconf 79' lang='lat' dir='ltr'><strong>r.</strong></span> <span class='ocrx_word' id='word_1_42' title='bbox 946 943 1057 1001; x_wconf 71' lang='lat' dir='ltr'><strong>centu</strong></span> <span class='ocrx_word' id='word_1_43' title='bbox 1080 943 1119 1001; x_wconf 85' lang='lat' dir='ltr'><strong>ad</strong></span> <span class='ocrx_word' id='word_1_44' title='bbox 1135 942 1200 1003; x_wconf 78' lang='lat' dir='ltr'><strong>Gic.</strong></span> 
     </span>
     <span class='ocr_line' id='line_1_7' title="bbox 45 1013 627 1089; baseline 0.005 -24"><span class='ocrx_word' id='word_1_45' title='bbox 45 1013 123 1072; x_wconf 80' lang='lat' dir='ltr'><strong>Lael.</strong></span> <span class='ocrx_word' id='word_1_46' title='bbox 143 1017 167 1069; x_wconf 92' lang='grc'><strong>1.</strong></span> <span class='ocrx_word' id='word_1_47' title='bbox 185 1021 211 1073; x_wconf 79' lang='lat'><strong>5.</strong></span> <span class='ocrx_word' id='word_1_48' title='bbox 230 1035 258 1088; x_wconf 87' lang='lat' dir='ltr'><strong>p.</strong></span> <span class='ocrx_word' id='word_1_49' title='bbox 279 1020 322 1074; x_wconf 79' lang='lat'><strong>12.</strong></span> <span class='ocrx_word' id='word_1_50' title='bbox 341 1019 412 1089; x_wconf 86' lang='lat' dir='ltr'><strong>ibiq.</strong></span> <span class='ocrx_word' id='word_1_51' title='bbox 432 1018 529 1070; x_wconf 88' lang='lat' dir='ltr'><strong>laudd.</strong></span> <span class='ocrx_word' id='word_1_52' title='bbox 566 1016 627 1070; x_wconf 85' lang='lat' dir='ltr'><strong>Mr.</strong></span> 
     </span>
    </p>

    <p class='ocr_par' dir='ltr' id='par_1_4' title="bbox 42 1084 1205 3543">
     <span class='ocr_line' id='line_1_8' title="bbox 114 1084 1200 1158; baseline -0.002 -17"><span class='ocrx_word' id='word_1_53' title='bbox 114 1086 138 1141; x_wconf 91' lang='lat' dir='ltr'><em>S</em></span> <span class='ocrx_word' id='word_1_54' title='bbox 143 1089 185 1141; x_wconf 76' lang='lat' dir='ltr'><strong>ed</strong></span> <span class='ocrx_word' id='word_1_55' title='bbox 202 1088 333 1158; x_wconf 69' lang='lat' dir='ltr'><strong>quoniam</strong></span> <span class='ocrx_word' id='word_1_56' title='bbox 350 1089 482 1156; x_wconf 72' lang='lat' dir='ltr'><strong>ootgists&#39;]</strong></span> <span class='ocrx_word' id='word_1_57' title='bbox 514 1087 585 1144; x_wconf 79' lang='lat' dir='ltr'><strong>Dav.</strong></span> <span class='ocrx_word' id='word_1_58' title='bbox 604 1095 648 1140; x_wconf 79' lang='lat' dir='ltr'><strong>et.-</strong></span> <span class='ocrx_word' id='word_1_59' title='bbox 664 1094 700 1140; x_wconf 90' lang='lat' dir='ltr'><strong>ut</strong></span> <span class='ocrx_word' id='word_1_60' title='bbox 716 1088 812 1141; x_wconf 87' lang='lat' dir='ltr'><strong>nostri</strong></span> <span class='ocrx_word' id='word_1_61' title='bbox 830 1086 920 1141; x_wconf 81' lang='lat' dir='ltr'><strong>codd</strong></span> <span class='ocrx_word' id='word_1_62' title='bbox 941 1096 1063 1157; x_wconf 84' lang='lat' dir='ltr'><strong>excepto</strong></span> <span class='ocrx_word' id='word_1_63' title='bbox 1081 1084 1161 1142; x_wconf 72' lang='lat' dir='ltr'><strong>(iud.</strong></span> <span class='ocrx_word' id='word_1_64' title='bbox 1169 1088 1200 1144; x_wconf 83' lang='grc'><strong>2.</strong></span> 
     </span>
     <span class='ocr_line' id='line_1_9' title="bbox 44 1156 1202 1230; baseline 0.003 -21"><span class='ocrx_word' id='word_1_65' title='bbox 44 1163 74 1209; x_wconf 87' lang='lat' dir='ltr'><strong>et</strong></span> <span class='ocrx_word' id='word_1_66' title='bbox 91 1159 202 1212; x_wconf 79' lang='lat' dir='ltr'><strong>inultae</strong></span> <span class='ocrx_word' id='word_1_67' title='bbox 219 1157 292 1212; x_wconf 80' lang='lat' dir='ltr'><strong>Edd.</strong></span> <span class='ocrx_word' id='word_1_68' title='bbox 328 1159 390 1212; x_wconf 85' lang='lat' dir='ltr'><strong>Nec</strong></span> <span class='ocrx_word' id='word_1_69' title='bbox 407 1167 505 1213; x_wconf 86' lang='lat' dir='ltr'><strong>tamen</strong></span> <span class='ocrx_word' id='word_1_70' title='bbox 522 1158 617 1230; x_wconf 84' lang='lat' dir='ltr'><strong>potui,</strong></span> <span class='ocrx_word' id='word_1_71' title='bbox 641 1159 714 1229; x_wconf 81' lang='lat' dir='ltr'><strong>quin</strong></span> <span class='ocrx_word' id='word_1_72' title='bbox 732 1175 799 1215; x_wconf 85' lang='lat' dir='ltr'><strong>cum</strong></span> <span class='ocrx_word' id='word_1_73' title='bbox 817 1157 930 1213; x_wconf 78' lang='lat' dir='ltr'><strong>Wolfio</strong></span> <span class='ocrx_word' id='word_1_74' title='bbox 949 1166 979 1212; x_wconf 87' lang='lat' dir='ltr'><strong>et</strong></span> <span class='ocrx_word' id='word_1_75' title='bbox 995 1156 1109 1212; x_wconf 79' lang='lat' dir='ltr'><strong>Orellio</strong></span> <span class='ocrx_word' id='word_1_76' title='bbox 1132 1158 1202 1212; x_wconf 83' lang='lat' dir='ltr'><strong>cde·</strong></span> 
     </span>
     <span class='ocr_line' id='line_1_10' title="bbox 44 1228 1202 1301; baseline 0.003 -22"><span class='ocrx_word' id='word_1_77' title='bbox 44 1244 108 1279; x_wconf 83' lang='lat' dir='ltr'><strong>rem</strong></span> <span class='ocrx_word' id='word_1_78' title='bbox 126 1229 187 1294; x_wconf 83' lang='lat' dir='ltr'><strong>sed,</strong></span> <span class='ocrx_word' id='word_1_79' title='bbox 215 1247 282 1283; x_wconf 87' lang='lat' dir='ltr'><strong>cum</strong></span> <span class='ocrx_word' id='word_1_80' title='bbox 300 1230 446 1301; x_wconf 86' lang='lat' dir='ltr'><strong>oppositio</strong></span> <span class='ocrx_word' id='word_1_81' title='bbox 470 1247 537 1282; x_wconf 87' lang='lat' dir='ltr'><strong>cum</strong></span> <span class='ocrx_word' id='word_1_82' title='bbox 557 1231 733 1282; x_wconf 78' lang='lat' dir='ltr'><strong>transitione</strong></span> <span class='ocrx_word' id='word_1_83' title='bbox 752 1229 907 1281; x_wconf 85' lang='lat' dir='ltr'><strong>coniuncta</strong></span> <span class='ocrx_word' id='word_1_84' title='bbox 932 1244 997 1281; x_wconf 86' lang='lat' dir='ltr'><strong>eam</strong></span> <span class='ocrx_word' id='word_1_85' title='bbox 1014 1228 1202 1283; x_wconf 87' lang='lat' dir='ltr'><strong>coniunctio-</strong></span> 
     </span>
     <span class='ocr_line' id='line_1_11' title="bbox 42 1298 1203 1422; baseline 0.003 -73"><span class='ocrx_word' id='word_1_86' title='bbox 42 1313 111 1350; x_wconf 86' lang='lat' dir='ltr'><strong>nem</strong></span> <span class='ocrx_word' id='word_1_87' title='bbox 129 1300 277 1370; x_wconf 51' lang='lat' dir='ltr'><strong>recturam</strong></span> <span class='ocrx_word' id='word_1_88' title='bbox 295 1299 441 1422; x_wconf 79' lang='lat' dir='ltr'><strong>particula</strong></span> <span class='ocrx_word' id='word_1_89' title='bbox 459 1307 497 1363; x_wconf 83' lang='lat' dir='ltr'><strong>et,</strong></span> <span class='ocrx_word' id='word_1_90' title='bbox 514 1307 549 1351; x_wconf 93' lang='lat' dir='ltr'><strong>ut</strong></span> <span class='ocrx_word' id='word_1_91' title='bbox 567 1299 679 1353; x_wconf 86' lang='lat' dir='ltr'><strong>Orellio</strong></span> <span class='ocrx_word' id='word_1_92' title='bbox 697 1298 827 1361; x_wconf 80' lang='lat' dir='ltr'><strong>ridetur,</strong></span> <span class='ocrx_word' id='word_1_93' title='bbox 845 1317 882 1353; x_wconf 86' lang='lat' dir='ltr'><strong>ex</strong></span> <span class='ocrx_word' id='word_1_94' title='bbox 899 1299 1017 1371; x_wconf 76' lang='lat' dir='ltr'><strong>antiqua</strong></span> <span class='ocrx_word' id='word_1_95' title='bbox 1036 1298 1203 1369; x_wconf 69' lang='lat' dir='ltr'><strong>scriptione</strong></span> 
     </span>
     <span class='ocr_line' id='line_1_12' title="bbox 43 1369 1201 1440; baseline 0.006 -21"><span class='ocrx_word' id='word_1_96' title='bbox 43 1374 97 1434; x_wconf 73' lang='lat' dir='ltr'><strong>cet,</strong></span> <span class='ocrx_word' id='word_1_97' title='bbox 124 1371 213 1423; x_wconf 83' lang='lat' dir='ltr'><strong>etiam</strong></span> <span class='ocrx_word' id='word_1_98' title='bbox 237 1373 269 1423; x_wconf 88' lang='lat' dir='ltr'><strong>in</strong></span> <span class='ocrx_word' id='word_1_99' title='bbox 311 1369 540 1440; x_wconf 75' lang='lat' dir='ltr'><strong>ascriptionibus</strong></span> <span class='ocrx_word' id='word_1_100' title='bbox 567 1369 661 1433; x_wconf 84' lang='lat' dir='ltr'><strong>obvia,</strong></span> <span class='ocrx_word' id='word_1_101' title='bbox 687 1377 752 1422; x_wconf 78' lang='lat' dir='ltr'><strong>orta</strong></span> <span class='ocrx_word' id='word_1_102' title='bbox 778 1377 832 1423; x_wconf 83' lang='lat' dir='ltr'><strong>est.</strong></span> <span class='ocrx_word' id='word_1_103' title='bbox 867 1369 911 1422; x_wconf 86' lang='lat' dir='ltr'><strong>Ds</strong></span> <span class='ocrx_word' id='word_1_104' title='bbox 935 1386 968 1423; x_wconf 84' lang='lat' dir='ltr'><strong>ea</strong></span> <span class='ocrx_word' id='word_1_105' title='bbox 987 1369 1047 1423; x_wconf 85' lang='lat' dir='ltr'><strong>scri</strong></span> <span class='ocrx_word' id='word_1_106' title='bbox 1067 1370 1151 1424; x_wconf 84' lang='lat' dir='ltr'><strong>sione</strong></span> <span class='ocrx_word' id='word_1_107' title='bbox 1169 1388 1201 1427; x_wconf 78' lang='lat' dir='ltr'><strong>v,</strong></span> 
     </span>
     <span class='ocr_line' id='line_1_13' title="bbox 43 1436 1201 1517; baseline 0.005 -29"><span class='ocrx_word' id='word_1_108' title='bbox 43 1436 200 1492; x_wconf 83' lang='lat' dir='ltr'><strong>Niebuhrii</strong></span> <span class='ocrx_word' id='word_1_109' title='bbox 218 1436 279 1493; x_wconf 80' lang='lat' dir='ltr'><strong>lud</strong></span> <span class='ocrx_word' id='word_1_110' title='bbox 298 1439 435 1517; x_wconf 76' lang='lat' dir='ltr'><strong>Orthogr.</strong></span> <span class='ocrx_word' id='word_1_111' title='bbox 454 1441 489 1493; x_wconf 90' lang='lat' dir='ltr'><strong>ad</strong></span> <span class='ocrx_word' id='word_1_112' title='bbox 508 1440 569 1494; x_wconf 83' lang='lat' dir='ltr'><strong>Cic.</strong></span> <span class='ocrx_word' id='word_1_113' title='bbox 589 1440 624 1493; x_wconf 88' lang='lat' dir='ltr'><strong>de</strong></span> <span class='ocrx_word' id='word_1_114' title='bbox 642 1440 714 1510; x_wconf 79' lang='lat' dir='ltr'><strong>liep.</strong></span> <span class='ocrx_word' id='word_1_115' title='bbox 734 1438 779 1493; x_wconf 91' lang='lat' dir='ltr'><strong>ed.</strong></span> <span class='ocrx_word' id='word_1_116' title='bbox 797 1448 889 1493; x_wconf 90' lang='lat' dir='ltr'><strong>nostr.</strong></span> <span class='ocrx_word' id='word_1_117' title='bbox 906 1456 937 1511; x_wconf 89' lang='lat' dir='ltr'><strong>p.</strong></span> <span class='ocrx_word' id='word_1_118' title='bbox 955 1440 1017 1495; x_wconf 73' lang='grc'><strong>424.</strong></span> <span class='ocrx_word' id='word_1_119' title='bbox 1075 1454 1110 1493; x_wconf 85' lang='lat' dir='ltr'><strong>ec</strong></span> <span class='ocrx_word' id='word_1_120' title='bbox 1127 1454 1201 1494; x_wconf 80' lang='lat' dir='ltr'><strong>voro</strong></span> 
     </span>
     <span class='ocr_line' id='line_1_14' title="bbox 43 1508 1202 1574; baseline 0.004 -16"><span class='ocrx_word' id='word_1_121' title='bbox 43 1516 145 1561; x_wconf 88' lang='lat' dir='ltr'><strong>nostro</strong></span> <span class='ocrx_word' id='word_1_122' title='bbox 163 1508 229 1564; x_wconf 90' lang='lat' dir='ltr'><strong>loco</strong></span> <span class='ocrx_word' id='word_1_123' title='bbox 247 1512 327 1564; x_wconf 88' lang='lat' dir='ltr'><strong>omui</strong></span> <span class='ocrx_word' id='word_1_124' title='bbox 344 1511 518 1564; x_wconf 86' lang='lat' dir='ltr'><strong>auctoritate</strong></span> <span class='ocrx_word' id='word_1_125' title='bbox 537 1510 711 1564; x_wconf 79' lang='lat' dir='ltr'><strong>destituitur</strong></span> <span class='ocrx_word' id='word_1_126' title='bbox 727 1510 787 1565; x_wconf 83' lang='lat' dir='ltr'><strong>sed.</strong></span> <span class='ocrx_word' id='word_1_127' title='bbox 816 1510 910 1564; x_wconf 79' lang='lat' dir='ltr'><strong>Habet</strong></span> <span class='ocrx_word' id='word_1_128' title='bbox 926 1510 1007 1564; x_wconf 87' lang='lat' dir='ltr'><strong>enim</strong></span> <span class='ocrx_word' id='word_1_129' title='bbox 1024 1508 1083 1564; x_wconf 78' lang='lat' dir='ltr'><strong>Sed</strong></span> <span class='ocrx_word' id='word_1_130' title='bbox 1100 1516 1129 1564; x_wconf 82' lang='lat' dir='ltr'><strong>et</strong></span> <span class='ocrx_word' id='word_1_131' title='bbox 1152 1510 1202 1574; x_wconf 83' lang='lat' dir='ltr'><strong>(ut</strong></span> 
     </span>
     <span class='ocr_line' id='line_1_15' title="bbox 43 1578 1202 1656; baseline 0.006 -28"><span class='ocrx_word' id='word_1_132' title='bbox 43 1578 85 1629; x_wconf 88' lang='lat' dir='ltr'><strong>ait</strong></span> <span class='ocrx_word' id='word_1_133' title='bbox 102 1578 232 1637; x_wconf 83' lang='lat' dir='ltr'><strong>Gronov.</strong></span> <span class='ocrx_word' id='word_1_134' title='bbox 251 1579 287 1634; x_wconf 87' lang='lat' dir='ltr'><strong>ad</strong></span> <span class='ocrx_word' id='word_1_135' title='bbox 304 1589 438 1634; x_wconf 86' lang='lat' dir='ltr'><strong>nostrum</strong></span> <span class='ocrx_word' id='word_1_136' title='bbox 456 1580 554 1634; x_wconf 86' lang='lat' dir='ltr'><strong>locum</strong></span> <span class='ocrx_word' id='word_1_137' title='bbox 572 1581 626 1636; x_wconf 79' lang='lat' dir='ltr'><strong>Ed.</strong></span> <span class='ocrx_word' id='word_1_138' title='bbox 645 1581 737 1656; x_wconf 75' lang='lat' dir='ltr'><strong>Lugd.</strong></span> <span class='ocrx_word' id='word_1_139' title='bbox 756 1581 818 1632; x_wconf 84' lang='lat' dir='ltr'><strong>ilat.</strong></span> <span class='ocrx_word' id='word_1_140' title='bbox 837 1582 917 1637; x_wconf 77' lang='grc'><strong>1622.</strong></span> <span class='ocrx_word' id='word_1_141' title='bbox 935 1583 963 1636; x_wconf 94' lang='grc'><strong>4.</strong></span> <span class='ocrx_word' id='word_1_142' title='bbox 981 1597 1002 1652; x_wconf 88' lang='lat' dir='ltr'><strong>p</strong></span> <span class='ocrx_word' id='word_1_143' title='bbox 1031 1580 1125 1645; x_wconf 88' lang='grc'><strong>1144.)</strong></span> <span class='ocrx_word' id='word_1_144' title='bbox 1142 1580 1202 1635; x_wconf 78' lang='lat' dir='ltr'><strong>Go-</strong></span> 
     </span>
     <span class='ocr_line' id='line_1_16' title="bbox 43 1647 1200 1724; baseline 0.001 -23"><span class='ocrx_word' id='word_1_145' title='bbox 43 1647 100 1701; x_wconf 84' lang='lat' dir='ltr'><strong>dex</strong></span> <span class='ocrx_word' id='word_1_146' title='bbox 117 1651 282 1716; x_wconf 75' lang='lat' dir='ltr'><strong>Vaticanus,</strong></span> <span class='ocrx_word' id='word_1_147' title='bbox 308 1661 458 1724; x_wconf 84' lang='lat' dir='ltr'><strong>praeterea</strong></span> <span class='ocrx_word' id='word_1_148' title='bbox 477 1669 513 1706; x_wconf 85' lang='lat' dir='ltr'><strong>ex</strong></span> <span class='ocrx_word' id='word_1_149' title='bbox 531 1650 603 1703; x_wconf 81' lang='lat' dir='ltr'><strong>Edd.</strong></span> <span class='ocrx_word' id='word_1_150' title='bbox 622 1659 694 1704; x_wconf 83' lang='lat' dir='ltr'><strong>vett.</strong></span> <span class='ocrx_word' id='word_1_151' title='bbox 719 1651 756 1704; x_wconf 85' lang='lat' dir='ltr'><strong>M.</strong></span> <span class='ocrx_word' id='word_1_152' title='bbox 775 1651 809 1707; x_wconf 84' lang='lat' dir='ltr'><strong>L.</strong></span> <span class='ocrx_word' id='word_1_153' title='bbox 828 1651 914 1705; x_wconf 75' lang='lat' dir='ltr'><strong>Laod.</strong></span> <span class='ocrx_word' id='word_1_154' title='bbox 939 1650 989 1707; x_wconf 80' lang='lat' dir='ltr'><strong>Fr.</strong></span> <span class='ocrx_word' id='word_1_155' title='bbox 1007 1650 1094 1705; x_wconf 69' lang='lat' dir='ltr'><strong>sair.</strong></span> <span class='ocrx_word' id='word_1_156' title='bbox 1113 1649 1200 1706; x_wconf 77' lang='lat' dir='ltr'><strong>Boni.</strong></span> 
     </span>
     <span class='ocr_line' id='line_1_17' title="bbox 44 1716 1202 1793; baseline 0.004 -20"><span class='ocrx_word' id='word_1_157' title='bbox 44 1716 72 1769; x_wconf 82' lang='lat' dir='ltr'>G</span> <span class='ocrx_word' id='word_1_158' title='bbox 131 1718 163 1773; x_wconf 75' lang='lat' dir='ltr'><strong>h.</strong></span> <span class='ocrx_word' id='word_1_159' title='bbox 182 1721 272 1778; x_wconf 79' lang='lat' dir='ltr'><strong>Goth.</strong></span> <span class='ocrx_word' id='word_1_160' title='bbox 290 1723 412 1779; x_wconf 81' lang='lat' dir='ltr'><strong>llWolf.</strong></span> <span class='ocrx_word' id='word_1_161' title='bbox 432 1720 497 1774; x_wconf 78' lang='lat' dir='ltr'><strong>Ald.</strong></span> <span class='ocrx_word' id='word_1_162' title='bbox 517 1721 598 1791; x_wconf 79' lang='lat' dir='ltr'><strong>sylb.</strong></span> <span class='ocrx_word' id='word_1_163' title='bbox 618 1721 684 1777; x_wconf 78' lang='lat' dir='ltr'><strong>Car.</strong></span> <span class='ocrx_word' id='word_1_164' title='bbox 704 1720 802 1793; x_wconf 79' lang='lat' dir='ltr'><strong>Steph.</strong></span> <span class='ocrx_word' id='word_1_165' title='bbox 822 1731 860 1786; x_wconf 79' lang='lat' dir='ltr'><strong>et,</strong></span> <span class='ocrx_word' id='word_1_166' title='bbox 878 1730 914 1775; x_wconf 89' lang='lat' dir='ltr'><strong>ut</strong></span> <span class='ocrx_word' id='word_1_167' title='bbox 930 1721 1058 1788; x_wconf 76' lang='lat' dir='ltr'><strong>videtur,</strong></span> <span class='ocrx_word' id='word_1_168' title='bbox 1081 1729 1202 1778; x_wconf 77' lang='lat' dir='ltr'><strong>veteres</strong></span> 
     </span>
     <span class='ocr_line' id='line_1_18' title="bbox 45 1736 1202 1863; baseline 0.003 -20"><span class='ocrx_word' id='word_1_169' title='bbox 45 1736 135 1844; x_wconf 59' lang='lat' dir='ltr'><strong>cili.</strong></span> <span class='ocrx_word' id='word_1_170' title='bbox 154 1792 221 1848; x_wconf 83' lang='lat' dir='ltr'><strong>Car.</strong></span> <span class='ocrx_word' id='word_1_171' title='bbox 241 1793 380 1863; x_wconf 75' lang='lat' dir='ltr'><strong>Stephani</strong></span> <span class='ocrx_word' id='word_1_172' title='bbox 398 1801 427 1848; x_wconf 90' lang='lat' dir='ltr'><strong>et</strong></span> <span class='ocrx_word' id='word_1_173' title='bbox 445 1792 494 1844; x_wconf 82' lang='lat' dir='ltr'><strong>Fr.</strong></span> <span class='ocrx_word' id='word_1_174' title='bbox 513 1792 651 1856; x_wconf 80' lang='lat' dir='ltr'><strong>Fabricii,</strong></span> <span class='ocrx_word' id='word_1_175' title='bbox 678 1809 744 1844; x_wconf 87' lang='lat' dir='ltr'><strong>cum</strong></span> <span class='ocrx_word' id='word_1_176' title='bbox 768 1801 890 1862; x_wconf 86' lang='lat' dir='ltr'><strong>uterque</strong></span> <span class='ocrx_word' id='word_1_177' title='bbox 912 1791 992 1845; x_wconf 84' lang='lat' dir='ltr'><strong>nilsil</strong></span> <span class='ocrx_word' id='word_1_178' title='bbox 1017 1790 1202 1847; x_wconf 78' lang='lat' dir='ltr'><strong>diversitatis</strong></span> 
     </span>
     <span class='ocr_line' id='line_1_19' title="bbox 44 1861 1200 1932; baseline 0.001 -19"><span class='ocrx_word' id='word_1_179' title='bbox 44 1865 243 1919; x_wconf 74' lang='lat' dir='ltr'><strong>annotaverit:</strong></span> <span class='ocrx_word' id='word_1_180' title='bbox 263 1883 299 1920; x_wconf 81' lang='lat' dir='ltr'><strong>ex</strong></span> <span class='ocrx_word' id='word_1_181' title='bbox 316 1882 392 1919; x_wconf 89' lang='lat' dir='ltr'><strong>recc.</strong></span> <span class='ocrx_word' id='word_1_182' title='bbox 410 1862 485 1917; x_wconf 76' lang='lat' dir='ltr'><strong>hell.</strong></span> <span class='ocrx_word' id='word_1_183' title='bbox 504 1861 570 1916; x_wconf 80' lang='lat' dir='ltr'><strong>soh.</strong></span> <span class='ocrx_word' id='word_1_184' title='bbox 589 1861 679 1915; x_wconf 87' lang='lat' dir='ltr'><strong>Nobb.</strong></span> <span class='ocrx_word' id='word_1_185' title='bbox 700 1872 739 1927; x_wconf 85' lang='lat' dir='ltr'><strong>et,</strong></span> <span class='ocrx_word' id='word_1_186' title='bbox 757 1878 829 1932; x_wconf 85' lang='lat' dir='ltr'><strong>quos</strong></span> <span class='ocrx_word' id='word_1_187' title='bbox 847 1863 920 1929; x_wconf 81' lang='lat' dir='ltr'><strong>dixi,</strong></span> <span class='ocrx_word' id='word_1_188' title='bbox 936 1862 1032 1920; x_wconf 79' lang='lat' dir='ltr'><strong>Wolf.</strong></span> <span class='ocrx_word' id='word_1_189' title='bbox 1057 1870 1088 1919; x_wconf 85' lang='lat' dir='ltr'><strong>et</strong></span> <span class='ocrx_word' id='word_1_190' title='bbox 1106 1862 1200 1918; x_wconf 84' lang='lat' dir='ltr'><strong>Orell.</strong></span> 
     </span>
     <span class='ocr_line' id='line_1_20' title="bbox 46 1931 949 2016; baseline -0.007 -29"><span class='ocrx_word' id='word_1_191' title='bbox 46 1932 117 1987; x_wconf 77' lang='lat' dir='ltr'><strong>cod</strong></span> <span class='ocrx_word' id='word_1_192' title='bbox 135 1935 206 2012; x_wconf 76' lang='lat' dir='ltr'><strong>Reg.</strong></span> <span class='ocrx_word' id='word_1_193' title='bbox 224 1940 252 1993; x_wconf 80' lang='lat'><strong>³.</strong></span> <span class='ocrx_word' id='word_1_194' title='bbox 271 1936 360 2003; x_wconf 72' lang='lat' dir='ltr'><strong>egisti</strong></span> <span class='ocrx_word' id='word_1_195' title='bbox 376 1950 431 2016; x_wconf 76' lang='lat' dir='ltr'><strong>pro</strong></span> <span class='ocrx_word' id='word_1_196' title='bbox 450 1933 579 2000; x_wconf 63' lang='lat' dir='ltr'><strong>coegisti.</strong></span> <span class='ocrx_word' id='word_1_197' title='bbox 615 1931 677 1986; x_wconf 85' lang='lat' dir='ltr'><strong>Mr.</strong></span> <span class='ocrx_word' id='word_1_198' title='bbox 942 2002 949 2016; x_wconf 45' lang='lat'><strong>·</strong></span> 
     </span>
     <span class='ocr_line' id='line_1_21' title="bbox 46 2003 1202 2146; baseline 0.002 -20"><span class='ocrx_word' id='word_1_199' title='bbox 46 2003 771 2131; x_wconf 52' lang='lat' dir='ltr'><strong>m,{titt‘titf&#39;ttiff‘tsztlsitl&gt;lta</strong></span> <span class='ocrx_word' id='word_1_200' title='bbox 785 2004 1076 2146; x_wconf 54' lang='lat' dir='ltr'><strong>&#39;&#39;iii‘ffiiiii</strong></span> <span class='ocrx_word' id='word_1_201' title='bbox 1090 2006 1202 2132; x_wconf 60' lang='lat' dir='ltr'><strong>itti</strong></span> 
     </span>
     <span class='ocr_line' id='line_1_22' title="bbox 45 2142 1203 2214; baseline 0.002 -16"><span class='ocrx_word' id='word_1_202' title='bbox 45 2142 163 2198; x_wconf 79' lang='lat' dir='ltr'><strong>Sclsdts.</strong></span> <span class='ocrx_word' id='word_1_203' title='bbox 187 2145 278 2198; x_wconf 86' lang='lat' dir='ltr'><strong>Nobb.</strong></span> <span class='ocrx_word' id='word_1_204' title='bbox 303 2147 351 2198; x_wconf 85' lang='lat' dir='ltr'><strong>Or.</strong></span> <span class='ocrx_word' id='word_1_205' title='bbox 380 2145 534 2199; x_wconf 86' lang='lat' dir='ltr'><strong>ediderunt</strong></span> <span class='ocrx_word' id='word_1_206' title='bbox 560 2145 665 2197; x_wconf 78' lang='lat' dir='ltr'><strong>istud</strong></span> <span class='ocrx_word' id='word_1_207' title='bbox 681 2145 800 2214; x_wconf 77' lang='lat' dir='ltr'><strong>quidem.</strong></span> <span class='ocrx_word' id='word_1_208' title='bbox 824 2145 889 2197; x_wconf 81' lang='lat' dir='ltr'><strong>vid.</strong></span> <span class='ocrx_word' id='word_1_209' title='bbox 930 2162 982 2199; x_wconf 87' lang='lat' dir='ltr'><strong>uae</strong></span> <span class='ocrx_word' id='word_1_210' title='bbox 1004 2154 1107 2199; x_wconf 87' lang='lat' dir='ltr'><strong>monet</strong></span> <span class='ocrx_word' id='word_1_211' title='bbox 1124 2146 1203 2200; x_wconf 81' lang='lat' dir='ltr'><strong>Goe-</strong></span> 
     </span>
     <span class='ocr_line' id='line_1_23' title="bbox 45 2163 1202 2285; baseline 0.003 -18"><span class='ocrx_word' id='word_1_212' title='bbox 45 2231 125 2267; x_wconf 78' lang='lat' dir='ltr'><strong>renz.</strong></span> <span class='ocrx_word' id='word_1_213' title='bbox 154 2217 186 2268; x_wconf 90' lang='lat' dir='ltr'><strong>in</strong></span> <span class='ocrx_word' id='word_1_214' title='bbox 204 2215 290 2269; x_wconf 82' lang='lat' dir='ltr'><strong>Jahn.</strong></span> <span class='ocrx_word' id='word_1_215' title='bbox 317 2214 434 2269; x_wconf 69' lang='lat' dir='ltr'><strong>Jahn-bh.</strong></span> <span class='ocrx_word' id='word_1_216' title='bbox 465 2218 541 2272; x_wconf 81' lang='grc'><strong>1826.</strong></span> <span class='ocrx_word' id='word_1_217' title='bbox 562 2218 585 2268; x_wconf 80' lang='lat'><strong>1·</strong></span> <span class='ocrx_word' id='word_1_218' title='bbox 604 2218 629 2271; x_wconf 87' lang='grc'><strong>2.</strong></span> <span class='ocrx_word' id='word_1_219' title='bbox 656 2232 687 2285; x_wconf 81' lang='lat' dir='ltr'><strong>p·</strong></span> <span class='ocrx_word' id='word_1_220' title='bbox 706 2218 769 2272; x_wconf 80' lang='lat'>3³7.</span> <span class='ocrx_word' id='word_1_221' title='bbox 814 2215 853 2268; x_wconf 77' lang='lat' dir='ltr'><strong>Et</strong></span> <span class='ocrx_word' id='word_1_222' title='bbox 877 2163 985 2270; x_wconf 73' lang='lat' dir='ltr'><strong>halent</strong></span> <span class='ocrx_word' id='word_1_223' title='bbox 1009 2216 1084 2268; x_wconf 74' lang='lat' dir='ltr'><strong>istuc</strong></span> <span class='ocrx_word' id='word_1_224' title='bbox 1111 2216 1202 2271; x_wconf 80' lang='lat' dir='ltr'><strong>codd.</strong></span> 
     </span>
     <span class='ocr_line' id='line_1_24' title="bbox 44 2284 1201 2343; baseline 0.005 -6"><span class='ocrx_word' id='word_1_225' title='bbox 44 2284 87 2338; x_wconf 83' lang='lat' dir='ltr'><strong>lte</strong></span> <span class='ocrx_word' id='word_1_226' title='bbox 110 2323 117 2337; x_wconf 87' lang='lat'><strong>.</strong></span> <span class='ocrx_word' id='word_1_227' title='bbox 139 2291 162 2341; x_wconf 92' lang='grc' dir='ltr'><strong>Ι.</strong></span> <span class='ocrx_word' id='word_1_228' title='bbox 182 2289 208 2341; x_wconf 87' lang='grc'><strong>2.</strong></span> <span class='ocrx_word' id='word_1_229' title='bbox 228 2289 254 2341; x_wconf 80' lang='grc'><strong>3.</strong></span> <span class='ocrx_word' id='word_1_230' title='bbox 275 2291 303 2342; x_wconf 86' lang='grc'><strong>4.</strong></span> <span class='ocrx_word' id='word_1_231' title='bbox 322 2285 407 2341; x_wconf 90' lang='lat' dir='ltr'><strong>Vind.</strong></span> <span class='ocrx_word' id='word_1_232' title='bbox 429 2289 498 2342; x_wconf 82' lang='lat' dir='ltr'><strong>1.t.</strong></span> <span class='ocrx_word' id='word_1_233' title='bbox 518 2285 593 2340; x_wconf 81' lang='lat' dir='ltr'><strong>Gud.</strong></span> <span class='ocrx_word' id='word_1_234' title='bbox 615 2291 639 2341; x_wconf 87' lang='lat' dir='ltr'><strong>l·</strong></span> <span class='ocrx_word' id='word_1_235' title='bbox 658 2288 684 2340; x_wconf 89' lang='grc'><strong>2.</strong></span> <span class='ocrx_word' id='word_1_236' title='bbox 703 2285 805 2339; x_wconf 77' lang='lat' dir='ltr'><strong>Duisb:</strong></span> <span class='ocrx_word' id='word_1_237' title='bbox 824 2287 899 2338; x_wconf 84' lang='lat' dir='ltr'><strong>Mon.</strong></span> <span class='ocrx_word' id='word_1_238' title='bbox 921 2291 945 2342; x_wconf 92' lang='lat' dir='ltr'><strong>l.</strong></span> <span class='ocrx_word' id='word_1_239' title='bbox 964 2289 991 2342; x_wconf 78' lang='lat'><em>2</em></span> <span class='ocrx_word' id='word_1_240' title='bbox 1010 2286 1085 2339; x_wconf 79' lang='lat' dir='ltr'><strong>Edd.</strong></span> <span class='ocrx_word' id='word_1_241' title='bbox 1104 2287 1143 2339; x_wconf 84' lang='lat' dir='ltr'><strong>ld.</strong></span> <span class='ocrx_word' id='word_1_242' title='bbox 1162 2288 1201 2343; x_wconf 82' lang='grc' dir='ltr'><strong>Μ.</strong></span> 
     </span>
     <span class='ocr_line' id='line_1_25' title="bbox 45 2355 1202 2429; baseline 0.006 -23"><span class='ocrx_word' id='word_1_243' title='bbox 45 2355 78 2406; x_wconf 71' lang='lat' dir='ltr'><strong>li.</strong></span> <span class='ocrx_word' id='word_1_244' title='bbox 124 2356 222 2412; x_wconf 83' lang='lat' dir='ltr'><strong>Wolf.</strong></span> <span class='ocrx_word' id='word_1_245' title='bbox 242 2357 357 2429; x_wconf 85' lang='lat' dir='ltr'><strong>Gryph.</strong></span> <span class='ocrx_word' id='word_1_246' title='bbox 376 2358 458 2411; x_wconf 83' lang='lat' dir='ltr'><strong>Boul.</strong></span> <span class='ocrx_word' id='word_1_247' title='bbox 477 2355 586 2412; x_wconf 86' lang='lat' dir='ltr'><strong>Sturm.</strong></span> <span class='ocrx_word' id='word_1_248' title='bbox 606 2356 671 2408; x_wconf 82' lang='lat' dir='ltr'><strong>Ald.</strong></span> <span class='ocrx_word' id='word_1_249' title='bbox 690 2357 709 2410; x_wconf 87' lang='lat' dir='ltr'>S</span> <span class='ocrx_word' id='word_1_250' title='bbox 732 2357 771 2412; x_wconf 87' lang='lat' dir='ltr'><strong>lb.</strong></span> <span class='ocrx_word' id='word_1_251' title='bbox 791 2356 879 2410; x_wconf 80' lang='lat' dir='ltr'><strong>Goth.</strong></span> <span class='ocrx_word' id='word_1_252' title='bbox 900 2357 986 2410; x_wconf 71' lang='lat' dir='ltr'><strong>laod.</strong></span> <span class='ocrx_word' id='word_1_253' title='bbox 1011 2356 1078 2411; x_wconf 82' lang='lat' dir='ltr'><strong>Car.</strong></span> <span class='ocrx_word' id='word_1_254' title='bbox 1097 2356 1202 2428; x_wconf 67' lang='lat' dir='ltr'><strong>steph</strong></span> 
     </span>
     <span class='ocr_line' id='line_1_26' title="bbox 46 2376 1204 2496; baseline 0.001 -17"><span class='ocrx_word' id='word_1_255' title='bbox 46 2426 95 2481; x_wconf 77' lang='lat' dir='ltr'><strong>l&#39;r.</strong></span> <span class='ocrx_word' id='word_1_256' title='bbox 122 2427 207 2483; x_wconf 72' lang='lat' dir='ltr'><strong>l&#39;abr.</strong></span> <span class='ocrx_word' id='word_1_257' title='bbox 228 2431 312 2483; x_wconf 87' lang='lat' dir='ltr'><strong>Grut.</strong></span> <span class='ocrx_word' id='word_1_258' title='bbox 333 2429 423 2483; x_wconf 86' lang='lat' dir='ltr'><strong>Gron.</strong></span> <span class='ocrx_word' id='word_1_259' title='bbox 451 2427 522 2480; x_wconf 78' lang='lat' dir='ltr'><strong>Ero.</strong></span> <span class='ocrx_word' id='word_1_260' title='bbox 542 2428 618 2479; x_wconf 85' lang='lat' dir='ltr'><strong>Lall.</strong></span> <span class='ocrx_word' id='word_1_261' title='bbox 643 2376 740 2483; x_wconf 76' lang='lat' dir='ltr'><strong>aeisl.</strong></span> <span class='ocrx_word' id='word_1_262' title='bbox 778 2427 853 2480; x_wconf 86' lang='lat' dir='ltr'><strong>Tum</strong></span> <span class='ocrx_word' id='word_1_263' title='bbox 879 2427 947 2481; x_wconf 81' lang='lat' dir='ltr'><strong>cod</strong></span> <span class='ocrx_word' id='word_1_264' title='bbox 966 2426 1066 2480; x_wconf 86' lang='lat' dir='ltr'><strong>Duisb.</strong></span> <span class='ocrx_word' id='word_1_265' title='bbox 1091 2428 1204 2496; x_wconf 71' lang='lat' dir='ltr'><strong>negotii</strong></span> 
     </span>
     <span class='ocr_line' id='line_1_27' title="bbox 46 2495 1202 2574; baseline 0 -23"><span class='ocrx_word' id='word_1_266' title='bbox 46 2495 126 2551; x_wconf 75' lang='lat' dir='ltr'><strong>sitit.</strong></span> <span class='ocrx_word' id='word_1_267' title='bbox 163 2496 230 2552; x_wconf 83' lang='lat' dir='ltr'><strong>Post</strong></span> <span class='ocrx_word' id='word_1_268' title='bbox 255 2506 297 2552; x_wconf 85' lang='lat' dir='ltr'><strong>eat</strong></span> <span class='ocrx_word' id='word_1_269' title='bbox 320 2500 421 2574; x_wconf 80' lang='lat' dir='ltr'><strong>pergit</strong></span> <span class='ocrx_word' id='word_1_270' title='bbox 446 2496 517 2552; x_wconf 85' lang='lat' dir='ltr'><strong>Dav.</strong></span> <span class='ocrx_word' id='word_1_271' title='bbox 547 2499 577 2549; x_wconf 88' lang='lat' dir='ltr'><strong>in</strong></span> <span class='ocrx_word' id='word_1_272' title='bbox 596 2497 650 2552; x_wconf 82' lang='lat' dir='ltr'><strong>Ed.</strong></span> <span class='ocrx_word' id='word_1_273' title='bbox 669 2500 696 2553; x_wconf 75' lang='lat'><strong>2.</strong></span> <span class='ocrx_word' id='word_1_274' title='bbox 721 2502 753 2550; x_wconf 82' lang='lat' dir='ltr'><strong>rt</strong></span> <span class='ocrx_word' id='word_1_275' title='bbox 777 2498 890 2552; x_wconf 82' lang='lat' dir='ltr'><strong>maiora</strong></span> <span class='ocrx_word' id='word_1_276' title='bbox 911 2497 1027 2564; x_wconf 78' lang='lat' dir='ltr'><strong>molior,</strong></span> <span class='ocrx_word' id='word_1_277' title='bbox 1046 2498 1202 2553; x_wconf 83' lang='lat' dir='ltr'><strong>adnotans:</strong></span> 
     </span>
     <span class='ocr_line' id='line_1_28' title="bbox 46 2568 1204 2644; baseline 0.004 -27"><span class='ocrx_word' id='word_1_278' title='bbox 46 2568 174 2644; x_wconf 76' lang='lat' dir='ltr'><strong>„Vulgg.</strong></span> <span class='ocrx_word' id='word_1_279' title='bbox 195 2570 245 2622; x_wconf 85' lang='lat' dir='ltr'><strong>sed</strong></span> <span class='ocrx_word' id='word_1_280' title='bbox 263 2570 347 2622; x_wconf 83' lang='lat' dir='ltr'><strong>etiam</strong></span> <span class='ocrx_word' id='word_1_281' title='bbox 364 2568 504 2623; x_wconf 80' lang='lat' dir='ltr'><strong>moioro.“</strong></span> <span class='ocrx_word' id='word_1_282' title='bbox 540 2568 620 2622; x_wconf 85' lang='lat' dir='ltr'><strong>illud</strong></span> <span class='ocrx_word' id='word_1_283' title='bbox 638 2568 867 2632; x_wconf 81' lang='lat' dir='ltr'><strong>undshabucrit,</strong></span> <span class='ocrx_word' id='word_1_284' title='bbox 885 2571 998 2623; x_wconf 86' lang='lat' dir='ltr'><strong>nescio:</strong></span> <span class='ocrx_word' id='word_1_285' title='bbox 1017 2571 1204 2639; x_wconf 78' lang='lat' dir='ltr'><strong>nequeenim</strong></span> 
     </span>
     <span class='ocr_line' id='line_1_29' title="bbox 46 2639 1204 2710; baseline 0.002 -18"><span class='ocrx_word' id='word_1_286' title='bbox 46 2656 121 2693; x_wconf 87' lang='lat' dir='ltr'><strong>unus</strong></span> <span class='ocrx_word' id='word_1_287' title='bbox 141 2657 177 2692; x_wconf 86' lang='lat' dir='ltr'><strong>ex</strong></span> <span class='ocrx_word' id='word_1_288' title='bbox 195 2640 336 2704; x_wconf 88' lang='lat' dir='ltr'><strong>omnibus,</strong></span> <span class='ocrx_word' id='word_1_289' title='bbox 355 2640 407 2708; x_wconf 89' lang='lat' dir='ltr'><strong>qni</strong></span> <span class='ocrx_word' id='word_1_290' title='bbox 425 2640 459 2692; x_wconf 85' lang='lat' dir='ltr'><strong>ad</strong></span> <span class='ocrx_word' id='word_1_291' title='bbox 478 2656 595 2692; x_wconf 85' lang='lat' dir='ltr'><strong>manum</strong></span> <span class='ocrx_word' id='word_1_292' title='bbox 614 2647 691 2702; x_wconf 85' lang='lat' dir='ltr'><strong>sunt,</strong></span> <span class='ocrx_word' id='word_1_293' title='bbox 714 2640 798 2692; x_wconf 79' lang='lat' dir='ltr'><strong>libris</strong></span> <span class='ocrx_word' id='word_1_294' title='bbox 818 2640 936 2710; x_wconf 84' lang='lat' dir='ltr'><strong>scriptia</strong></span> <span class='ocrx_word' id='word_1_295' title='bbox 964 2647 993 2693; x_wconf 90' lang='lat' dir='ltr'><strong>et</strong></span> <span class='ocrx_word' id='word_1_296' title='bbox 1012 2639 1098 2694; x_wconf 83' lang='lat' dir='ltr'><strong>editis</strong></span> <span class='ocrx_word' id='word_1_297' title='bbox 1116 2639 1204 2694; x_wconf 67' lang='lat' dir='ltr'><strong>habu</strong></span> 
     </span>
     <span class='ocr_line' id='line_1_30' title="bbox 47 2709 1204 2782; baseline 0.002 -19"><span class='ocrx_word' id='word_1_298' title='bbox 47 2715 74 2764; x_wconf 76' lang='lat' dir='ltr'><strong>et</strong></span> <span class='ocrx_word' id='word_1_299' title='bbox 91 2728 129 2763; x_wconf 81' lang='lat' dir='ltr'><strong>m.</strong></span> <span class='ocrx_word' id='word_1_300' title='bbox 148 2728 185 2766; x_wconf 89' lang='lat' dir='ltr'><strong>m.</strong></span> <span class='ocrx_word' id='word_1_301' title='bbox 224 2710 280 2764; x_wconf 78' lang='lat' dir='ltr'><strong>Sed</strong></span> <span class='ocrx_word' id='word_1_302' title='bbox 297 2712 401 2764; x_wconf 79' lang='lat' dir='ltr'><strong>absunt</strong></span> <span class='ocrx_word' id='word_1_303' title='bbox 419 2711 487 2764; x_wconf 79' lang='lat' dir='ltr'><strong>illae</strong></span> <span class='ocrx_word' id='word_1_304' title='bbox 526 2717 630 2762; x_wconf 83' lang='lat' dir='ltr'><strong>uatuor</strong></span> <span class='ocrx_word' id='word_1_305' title='bbox 646 2726 732 2764; x_wconf 86' lang='lat' dir='ltr'><strong>voces</strong></span> <span class='ocrx_word' id='word_1_306' title='bbox 750 2729 766 2762; x_wconf 91' lang='lat' dir='ltr'><strong>a</strong></span> <span class='ocrx_word' id='word_1_307' title='bbox 784 2710 888 2763; x_wconf 88' lang='lat' dir='ltr'><strong>multis</strong></span> <span class='ocrx_word' id='word_1_308' title='bbox 898 2709 983 2762; x_wconf 86' lang='lat' dir='ltr'><strong>libris</strong></span> <span class='ocrx_word' id='word_1_309' title='bbox 992 2710 1069 2767; x_wconf 79' lang='lat' dir='ltr'><strong>MSS,</strong></span> <span class='ocrx_word' id='word_1_310' title='bbox 1088 2711 1204 2782; x_wconf 79' lang='lat' dir='ltr'><strong>(quam-</strong></span> 
     </span>
     <span class='ocr_line' id='line_1_31' title="bbox 47 2729 1202 2909; baseline 0.002 -2"><span class='ocrx_word' id='word_1_311' title='bbox 47 2800 144 2907; x_wconf 61' lang='lat' dir='ltr'><strong>ssmi</strong></span> <span class='ocrx_word' id='word_1_312' title='bbox 161 2729 552 2907; x_wconf 54' lang='lat' dir='ltr'><strong>solamitis</strong></span> <span class='ocrx_word' id='word_1_313' title='bbox 568 2777 932 2907; x_wconf 44' lang='lat' dir='ltr'><strong>otiositatis</strong></span> <span class='ocrx_word' id='word_1_314' title='bbox 964 2780 1202 2909; x_wconf 59' lang='lat' dir='ltr'><strong>issisti}</strong></span> 
     </span>
     <span class='ocr_line' id='line_1_32' title="bbox 48 2921 1204 2997; baseline -0.003 -19"><span class='ocrx_word' id='word_1_315' title='bbox 48 2926 83 2979; x_wconf 88' lang='lat' dir='ltr'><strong>ln</strong></span> <span class='ocrx_word' id='word_1_316' title='bbox 101 2922 170 2977; x_wconf 83' lang='lat' dir='ltr'><strong>cod.</strong></span> <span class='ocrx_word' id='word_1_317' title='bbox 191 2923 276 2978; x_wconf 88' lang='lat' dir='ltr'><strong>Vind.</strong></span> <span class='ocrx_word' id='word_1_318' title='bbox 298 2928 321 2977; x_wconf 91' lang='lat'><strong>1.</strong></span> <span class='ocrx_word' id='word_1_319' title='bbox 342 2921 422 2975; x_wconf 82' lang='lat' dir='ltr'><strong>deest</strong></span> <span class='ocrx_word' id='word_1_320' title='bbox 440 2921 535 2977; x_wconf 79' lang='lat' dir='ltr'><strong>etium.</strong></span> <span class='ocrx_word' id='word_1_321' title='bbox 572 2922 636 2997; x_wconf 79' lang='lat' dir='ltr'><strong>Ego</strong></span> <span class='ocrx_word' id='word_1_322' title='bbox 659 2939 730 2975; x_wconf 80' lang='lat' dir='ltr'><strong>vero</strong></span> <span class='ocrx_word' id='word_1_323' title='bbox 756 2923 787 2975; x_wconf 91' lang='lat' dir='ltr'><strong>in</strong></span> <span class='ocrx_word' id='word_1_324' title='bbox 810 2922 867 2975; x_wconf 84' lang='lat' dir='ltr'><strong>hoc</strong></span> <span class='ocrx_word' id='word_1_325' title='bbox 894 2928 939 2974; x_wconf 87' lang='lat' dir='ltr'><strong>tot</strong></span> <span class='ocrx_word' id='word_1_326' title='bbox 961 2922 1107 2976; x_wconf 89' lang='lat' dir='ltr'><strong>librorum</strong></span> <span class='ocrx_word' id='word_1_327' title='bbox 1135 2936 1204 2977; x_wconf 88' lang='lat' dir='ltr'><strong>con·</strong></span> 
     </span>
     <span class='ocr_line' id='line_1_33' title="bbox 49 2992 1204 3077; baseline -0.001 -28"><span class='ocrx_word' id='word_1_328' title='bbox 49 3012 135 3049; x_wconf 85' lang='lat' dir='ltr'><strong>sensu</strong></span> <span class='ocrx_word' id='word_1_329' title='bbox 152 3010 211 3046; x_wconf 91' lang='lat' dir='ltr'><strong>nou</strong></span> <span class='ocrx_word' id='word_1_330' title='bbox 229 3008 352 3077; x_wconf 72' lang='lat' dir='ltr'><strong>agnosco</strong></span> <span class='ocrx_word' id='word_1_331' title='bbox 370 2993 509 3068; x_wconf 79' lang='lat' dir='ltr'><strong>glossam,</strong></span> <span class='ocrx_word' id='word_1_332' title='bbox 538 3010 624 3061; x_wconf 89' lang='lat' dir='ltr'><strong>quam</strong></span> <span class='ocrx_word' id='word_1_333' title='bbox 643 2993 750 3062; x_wconf 86' lang='lat' dir='ltr'><strong>aliquis</strong></span> <span class='ocrx_word' id='word_1_334' title='bbox 770 2993 802 3044; x_wconf 88' lang='lat' dir='ltr'><strong>in</strong></span> <span class='ocrx_word' id='word_1_335' title='bbox 820 2992 949 3063; x_wconf 84' lang='lat' dir='ltr'><strong>reliquos</strong></span> <span class='ocrx_word' id='word_1_336' title='bbox 967 2993 1123 3063; x_wconf 82' lang='lat' dir='ltr'><strong>irrepsisse</strong></span> <span class='ocrx_word' id='word_1_337' title='bbox 1142 2994 1204 3048; x_wconf 78' lang='lat' dir='ltr'><strong>exi·</strong></span> 
     </span>
     <span class='ocr_line' id='line_1_34' title="bbox 49 3062 1204 3141; baseline -0.001 -22"><span class='ocrx_word' id='word_1_338' title='bbox 49 3066 167 3119; x_wconf 88' lang='lat' dir='ltr'><strong>stimare</strong></span> <span class='ocrx_word' id='word_1_339' title='bbox 185 3073 287 3134; x_wconf 81' lang='lat' dir='ltr'><strong>possit,</strong></span> <span class='ocrx_word' id='word_1_340' title='bbox 316 3064 366 3117; x_wconf 88' lang='lat' dir='ltr'><strong>sed</strong></span> <span class='ocrx_word' id='word_1_341' title='bbox 383 3071 515 3117; x_wconf 80' lang='lat' dir='ltr'><strong>veterem</strong></span> <span class='ocrx_word' id='word_1_342' title='bbox 540 3063 673 3116; x_wconf 86' lang='lat' dir='ltr'><strong>lacunam</strong></span> <span class='ocrx_word' id='word_1_343' title='bbox 699 3064 749 3116; x_wconf 86' lang='lat' dir='ltr'><strong>vel</strong></span> <span class='ocrx_word' id='word_1_344' title='bbox 766 3063 883 3117; x_wconf 85' lang='lat' dir='ltr'><strong>librarii</strong></span> <span class='ocrx_word' id='word_1_345' title='bbox 907 3062 1032 3117; x_wconf 82' lang='lat' dir='ltr'><strong>alicuius</strong></span> <span class='ocrx_word' id='word_1_346' title='bbox 1049 3064 1204 3141; x_wconf 74' lang='lat' dir='ltr'><strong>negligen-</strong></span> 
     </span>
     <span class='ocr_line' id='line_1_35' title="bbox 48 3134 1204 3205; baseline -0.003 -16"><span class='ocrx_word' id='word_1_347' title='bbox 48 3137 130 3200; x_wconf 84' lang='lat' dir='ltr'><strong>tiam,</strong></span> <span class='ocrx_word' id='word_1_348' title='bbox 151 3152 186 3188; x_wconf 76' lang='grc' dir='ltr'><strong>ει</strong></span> <span class='ocrx_word' id='word_1_349' title='bbox 206 3137 289 3189; x_wconf 89' lang='lat' dir='ltr'><strong>cuius</strong></span> <span class='ocrx_word' id='word_1_350' title='bbox 308 3134 478 3205; x_wconf 83' lang='lat' dir='ltr'><strong>exemplari,</strong></span> <span class='ocrx_word' id='word_1_351' title='bbox 498 3142 531 3186; x_wconf 88' lang='lat' dir='ltr'><strong>ut</strong></span> <span class='ocrx_word' id='word_1_352' title='bbox 550 3134 717 3202; x_wconf 84' lang='lat' dir='ltr'><strong>saepissime</strong></span> <span class='ocrx_word' id='word_1_353' title='bbox 734 3136 844 3186; x_wconf 70' lang='lat' dir='ltr'><strong>samm</strong></span> <span class='ocrx_word' id='word_1_354' title='bbox 864 3142 917 3200; x_wconf 81' lang='lat' dir='ltr'><strong>est,</strong></span> <span class='ocrx_word' id='word_1_355' title='bbox 946 3135 1053 3187; x_wconf 81' lang='lat' dir='ltr'><strong>vitium</strong></span> <span class='ocrx_word' id='word_1_356' title='bbox 1078 3137 1111 3187; x_wconf 90' lang='lat' dir='ltr'><strong>in</strong></span> <span class='ocrx_word' id='word_1_357' title='bbox 1137 3134 1204 3205; x_wconf 89' lang='lat' dir='ltr'><strong>plu·</strong></span> 
     </span>
     <span class='ocr_line' id='line_1_36' title="bbox 50 3204 1203 3278; baseline -0.001 -18"><span class='ocrx_word' id='word_1_358' title='bbox 50 3207 140 3260; x_wconf 88' lang='lat' dir='ltr'><strong>rimos</strong></span> <span class='ocrx_word' id='word_1_359' title='bbox 165 3207 337 3270; x_wconf 83' lang='lat' dir='ltr'><strong>manaverit,</strong></span> <span class='ocrx_word' id='word_1_360' title='bbox 365 3206 417 3275; x_wconf 87' lang='lat' dir='ltr'><strong>qui</strong></span> <span class='ocrx_word' id='word_1_361' title='bbox 442 3222 479 3257; x_wconf 82' lang='lat' dir='ltr'><strong>ex</strong></span> <span class='ocrx_word' id='word_1_362' title='bbox 506 3219 539 3256; x_wconf 92' lang='lat' dir='ltr'><strong>eo</strong></span> <span class='ocrx_word' id='word_1_363' title='bbox 565 3204 710 3278; x_wconf 80' lang='lat' dir='ltr'><strong>originem</strong></span> <span class='ocrx_word' id='word_1_364' title='bbox 737 3204 884 3260; x_wconf 83' lang='lat' dir='ltr'><strong>ducerent.</strong></span> <span class='ocrx_word' id='word_1_365' title='bbox 930 3205 992 3256; x_wconf 87' lang='lat' dir='ltr'><strong>Nec</strong></span> <span class='ocrx_word' id='word_1_366' title='bbox 1016 3222 1087 3259; x_wconf 79' lang='lat' dir='ltr'><strong>vero</strong></span> <span class='ocrx_word' id='word_1_367' title='bbox 1105 3205 1203 3259; x_wconf 79' lang='lat' dir='ltr'><strong>abesse</strong></span> 
     </span>
     <span class='ocr_line' id='line_1_37' title="bbox 48 3273 1204 3349; baseline -0.003 -18"><span class='ocrx_word' id='word_1_368' title='bbox 48 3286 170 3349; x_wconf 88' lang='lat' dir='ltr'><strong>possunt</strong></span> <span class='ocrx_word' id='word_1_369' title='bbox 188 3278 275 3332; x_wconf 81' lang='lat' dir='ltr'><strong>verba</strong></span> <span class='ocrx_word' id='word_1_370' title='bbox 292 3276 344 3329; x_wconf 81' lang='lat' dir='ltr'><strong>sed</strong></span> <span class='ocrx_word' id='word_1_371' title='bbox 361 3277 446 3328; x_wconf 80' lang='lat' dir='ltr'><strong>etiam</strong></span> <span class='ocrx_word' id='word_1_372' title='bbox 463 3273 574 3327; x_wconf 77' lang='lat' dir='ltr'><strong>maimo</strong></span> <span class='ocrx_word' id='word_1_373' title='bbox 592 3275 705 3339; x_wconf 80' lang='lat' dir='ltr'><strong>molior,</strong></span> <span class='ocrx_word' id='word_1_374' title='bbox 725 3292 792 3327; x_wconf 79' lang='lat' dir='ltr'><strong>cuin</strong></span> <span class='ocrx_word' id='word_1_375' title='bbox 810 3291 879 3327; x_wconf 86' lang='lat' dir='ltr'><strong>mox</strong></span> <span class='ocrx_word' id='word_1_376' title='bbox 897 3275 1092 3329; x_wconf 74' lang='lat' dir='ltr'><strong>interlocutos·</strong></span> <span class='ocrx_word' id='word_1_377' title='bbox 1110 3277 1204 3328; x_wconf 83' lang='lat' dir='ltr'><strong>inter·</strong></span> 
     </span>
     <span class='ocr_line' id='line_1_38' title="bbox 50 3345 1205 3423; baseline -0.002 -21"><span class='ocrx_word' id='word_1_378' title='bbox 50 3355 145 3423; x_wconf 78' lang='lat' dir='ltr'><strong>roget:</strong></span> <span class='ocrx_word' id='word_1_379' title='bbox 175 3355 224 3400; x_wconf 83' lang='lat' dir='ltr'><strong>out</strong></span> <span class='ocrx_word' id='word_1_380' title='bbox 252 3362 322 3416; x_wconf 78' lang='lat' dir='ltr'><strong>quoe</strong></span> <span class='ocrx_word' id='word_1_381' title='bbox 348 3352 412 3399; x_wconf 81' lang='lat' dir='ltr'><strong>sant</strong></span> <span class='ocrx_word' id='word_1_382' title='bbox 440 3346 549 3399; x_wconf 74' lang='lat' dir='ltr'><strong>tandem</strong></span> <span class='ocrx_word' id='word_1_383' title='bbox 568 3345 628 3397; x_wconf 80' lang='lat' dir='ltr'><strong>isto</strong></span> <span class='ocrx_word' id='word_1_384' title='bbox 646 3345 780 3399; x_wconf 75' lang='lat' dir='ltr'><strong>maiora!</strong></span> <span class='ocrx_word' id='word_1_385' title='bbox 812 3352 841 3397; x_wconf 87' lang='lat' dir='ltr'><strong>et</strong></span> <span class='ocrx_word' id='word_1_386' title='bbox 864 3345 963 3415; x_wconf 91' lang='lat' dir='ltr'><strong>paullo</strong></span> <span class='ocrx_word' id='word_1_387' title='bbox 982 3346 1127 3399; x_wconf 77' lang='lat' dir='ltr'><strong>inferius:</strong></span> <span class='ocrx_word' id='word_1_388' title='bbox 1153 3346 1205 3400; x_wconf 76' lang='lat' dir='ltr'><strong>sed</strong></span> 
     </span>
     <span class='ocr_line' id='line_1_39' title="bbox 48 3415 1204 3543; baseline -0.002 -72"><span class='ocrx_word' id='word_1_389' title='bbox 48 3434 119 3543; x_wconf 52' lang='lat' dir='ltr'><strong>gae</strong></span> <span class='ocrx_word' id='word_1_390' title='bbox 138 3425 261 3541; x_wconf 43' lang='lat' dir='ltr'><strong>mutacio,</strong></span> <span class='ocrx_word' id='word_1_391' title='bbox 281 3434 351 3487; x_wconf 77' lang='lat' dir='ltr'><strong>quae</strong></span> <span class='ocrx_word' id='word_1_392' title='bbox 368 3417 444 3470; x_wconf 80' lang='lat' dir='ltr'><strong>dicis</strong></span> <span class='ocrx_word' id='word_1_393' title='bbox 462 3423 489 3469; x_wconf 84' lang='lat' dir='ltr'><strong>te</strong></span> <span class='ocrx_word' id='word_1_394' title='bbox 506 3416 617 3469; x_wconf 77' lang='lat' dir='ltr'><strong>maiora</strong></span> <span class='ocrx_word' id='word_1_395' title='bbox 634 3417 754 3470; x_wconf 74' lang='lat' dir='ltr'><strong>moliri!</strong></span> <span class='ocrx_word' id='word_1_396' title='bbox 778 3424 812 3468; x_wconf 91' lang='lat' dir='ltr'><strong>ut</strong></span> <span class='ocrx_word' id='word_1_397' title='bbox 835 3425 916 3470; x_wconf 82' lang='lat' dir='ltr'><strong>recte</strong></span> <span class='ocrx_word' id='word_1_398' title='bbox 940 3417 999 3470; x_wconf 82' lang='lat' dir='ltr'><strong>iam</strong></span> <span class='ocrx_word' id='word_1_399' title='bbox 1023 3416 1099 3470; x_wconf 81' lang='lat' dir='ltr'><strong>vidit</strong></span> <span class='ocrx_word' id='word_1_400' title='bbox 1126 3415 1204 3471; x_wconf 77' lang='lat' dir='ltr'><strong>Gelo-</strong></span> 
     </span>
    </p>

    <p class='ocr_par' dir='ltr' id='par_1_5' title="bbox 88 3490 262 3544">
     <span class='ocr_line' id='line_1_40' title="bbox 88 3490 262 3544; baseline 0.011 -2"><span class='ocrx_word' id='word_1_401' title='bbox 88 3490 165 3542; x_wconf 81' lang='lat' dir='ltr'><strong>rdus·</strong></span> <span class='ocrx_word' id='word_1_402' title='bbox 239 3507 262 3544; x_wconf 88' lang='lat' dir='ltr'><strong>r.</strong></span> 
     </span>
    </p>

    <p class='ocr_par' dir='ltr' id='par_1_6' title="bbox 50 3556 1228 4040">
     <span class='ocr_line' id='line_1_41' title="bbox 121 3556 1204 3627; baseline -0.004 -12"><span class='ocrx_word' id='word_1_403' title='bbox 121 3560 265 3615; x_wconf 79' lang='lat' dir='ltr'><strong>Quomodo</strong></span> <span class='ocrx_word' id='word_1_404' title='bbox 283 3556 424 3611; x_wconf 71' lang='lat' dir='ltr'><strong>toenitii</strong></span> <span class='ocrx_word' id='word_1_405' title='bbox 442 3558 550 3627; x_wconf 79' lang='lat' dir='ltr'><strong>negotii</strong></span> <span class='ocrx_word' id='word_1_406' title='bbox 568 3558 645 3625; x_wconf 69' lang='lat' dir='ltr'><strong>esti]</strong></span> <span class='ocrx_word' id='word_1_407' title='bbox 674 3557 743 3611; x_wconf 84' lang='lat' dir='ltr'><strong>Cod.</strong></span> <span class='ocrx_word' id='word_1_408' title='bbox 762 3557 862 3609; x_wconf 85' lang='lat' dir='ltr'><strong>Duisb.</strong></span> <span class='ocrx_word' id='word_1_409' title='bbox 882 3560 1014 3626; x_wconf 71' lang='lat' dir='ltr'><strong>quomodo</strong></span> <span class='ocrx_word' id='word_1_410' title='bbox 1040 3556 1142 3611; x_wconf 76' lang='lat' dir='ltr'><strong>istac</strong></span> <span class='ocrx_word' id='word_1_411' title='bbox 1158 3559 1204 3612; x_wconf 83' lang='lat' dir='ltr'><strong>sti·</strong></span> 
     </span>
     <span class='ocr_line' id='line_1_42' title="bbox 51 3627 1203 3699; baseline -0.006 -14"><span class='ocrx_word' id='word_1_412' title='bbox 51 3630 95 3685; x_wconf 77' lang='lat' dir='ltr'><strong>tit</strong></span> <span class='ocrx_word' id='word_1_413' title='bbox 112 3649 175 3699; x_wconf 74' lang='lat' dir='ltr'><strong>neg.</strong></span> <span class='ocrx_word' id='word_1_414' title='bbox 201 3631 264 3683; x_wconf 77' lang='lat' dir='ltr'><strong>est?</strong></span> <span class='ocrx_word' id='word_1_415' title='bbox 288 3632 364 3682; x_wconf 85' lang='lat' dir='ltr'><strong>Mon.</strong></span> <span class='ocrx_word' id='word_1_416' title='bbox 383 3633 410 3685; x_wconf 77' lang='grc'><strong>2.</strong></span> <span class='ocrx_word' id='word_1_417' title='bbox 429 3629 563 3699; x_wconf 78' lang='lat' dir='ltr'><strong>quomodo</strong></span> <span class='ocrx_word' id='word_1_418' title='bbox 587 3627 637 3681; x_wconf 73' lang='lat' dir='ltr'><strong>doc</strong></span> <span class='ocrx_word' id='word_1_419' title='bbox 655 3629 796 3699; x_wconf 79' lang='lat' dir='ltr'><strong>quidem</strong></span> <span class='ocrx_word' id='word_1_420' title='bbox 823 3627 896 3681; x_wconf 72' lang='lat' dir='ltr'><strong>asiis</strong></span> <span class='ocrx_word' id='word_1_421' title='bbox 912 3629 1043 3696; x_wconf 73' lang='lat' dir='ltr'><strong>negotii!</strong></span> <span class='ocrx_word' id='word_1_422' title='bbox 1069 3644 1127 3682; x_wconf 86' lang='lat' dir='ltr'><strong>om.</strong></span> <span class='ocrx_word' id='word_1_423' title='bbox 1152 3636 1203 3683; x_wconf 83' lang='lat' dir='ltr'><strong>eat.</strong></span> 
     </span>
     <span class='ocr_line' id='line_1_43' title="bbox 51 3699 1228 3769; baseline -0.005 -14"><span class='ocrx_word' id='word_1_424' title='bbox 51 3703 126 3755; x_wconf 82' lang='lat' dir='ltr'><strong>Tum</strong></span> <span class='ocrx_word' id='word_1_425' title='bbox 145 3700 222 3754; x_wconf 87' lang='lat' dir='ltr'><strong>Gud.</strong></span> <span class='ocrx_word' id='word_1_426' title='bbox 242 3707 290 3751; x_wconf 79' lang='lat' dir='ltr'><strong>out</strong></span> <span class='ocrx_word' id='word_1_427' title='bbox 311 3717 381 3769; x_wconf 80' lang='lat' dir='ltr'><strong>quoe</strong></span> <span class='ocrx_word' id='word_1_428' title='bbox 400 3707 464 3753; x_wconf 81' lang='lat' dir='ltr'><strong>sunt</strong></span> <span class='ocrx_word' id='word_1_429' title='bbox 483 3700 594 3753; x_wconf 75' lang='lat' dir='ltr'><strong>nioioro</strong></span> <span class='ocrx_word' id='word_1_430' title='bbox 613 3699 671 3752; x_wconf 79' lang='lat' dir='ltr'><strong>isto</strong></span> <span class='ocrx_word' id='word_1_431' title='bbox 690 3702 813 3752; x_wconf 80' lang='lat' dir='ltr'><strong>tandem.</strong></span> <span class='ocrx_word' id='word_1_432' title='bbox 851 3699 1121 3765; x_wconf 66' lang='lat' dir='ltr'><strong>Scribimrtosdem</strong></span> <span class='ocrx_word' id='word_1_433' title='bbox 1138 3708 1228 3754; x_wconf 68' lang='lat' dir='ltr'><strong>aaut.</strong></span> 
     </span>
     <span class='ocr_line' id='line_1_44' title="bbox 52 3769 1204 3839; baseline -0.003 -13"><span class='ocrx_word' id='word_1_434' title='bbox 52 3775 83 3826; x_wconf 87' lang='lat' dir='ltr'><strong>in</strong></span> <span class='ocrx_word' id='word_1_435' title='bbox 102 3772 171 3826; x_wconf 82' lang='lat' dir='ltr'><strong>eod.</strong></span> <span class='ocrx_word' id='word_1_436' title='bbox 191 3773 265 3824; x_wconf 76' lang='lat' dir='ltr'><strong>ltton.</strong></span> <span class='ocrx_word' id='word_1_437' title='bbox 289 3775 313 3825; x_wconf 91' lang='grc'><strong>1.</strong></span> <span class='ocrx_word' id='word_1_438' title='bbox 333 3770 406 3826; x_wconf 81' lang='lat' dir='ltr'><strong>Edd.</strong></span> <span class='ocrx_word' id='word_1_439' title='bbox 427 3775 463 3823; x_wconf 76' lang='lat' dir='ltr'><strong>tt.</strong></span> <span class='ocrx_word' id='word_1_440' title='bbox 482 3773 516 3824; x_wconf 82' lang='lat' dir='ltr'><strong>L.</strong></span> <span class='ocrx_word' id='word_1_441' title='bbox 536 3772 585 3823; x_wconf 84' lang='lat' dir='ltr'><strong>Fr.</strong></span> <span class='ocrx_word' id='word_1_442' title='bbox 605 3770 690 3823; x_wconf 81' lang='lat' dir='ltr'><strong>Fabr.</strong></span> <span class='ocrx_word' id='word_1_443' title='bbox 710 3771 800 3824; x_wconf 85' lang='lat' dir='ltr'><strong>Goth.</strong></span> <span class='ocrx_word' id='word_1_444' title='bbox 821 3770 886 3823; x_wconf 78' lang='lat' dir='ltr'><strong>Car.</strong></span> <span class='ocrx_word' id='word_1_445' title='bbox 907 3769 1007 3839; x_wconf 81' lang='lat' dir='ltr'><strong>steph.</strong></span> <span class='ocrx_word' id='word_1_446' title='bbox 1022 3769 1204 3825; x_wconf 72' lang='lat' dir='ltr'><strong>Laod-Bonl.</strong></span> 
     </span>
     <span class='ocr_line' id='line_1_45' title="bbox 51 3842 1203 3913; baseline -0.004 -15"><span class='ocrx_word' id='word_1_447' title='bbox 51 3842 166 3913; x_wconf 84' lang='lat' dir='ltr'><strong>Gryph.</strong></span> <span class='ocrx_word' id='word_1_448' title='bbox 186 3842 250 3896; x_wconf 86' lang='lat' dir='ltr'><strong>Ald.</strong></span> <span class='ocrx_word' id='word_1_449' title='bbox 271 3844 379 3897; x_wconf 82' lang='lat' dir='ltr'><strong>Sturm.</strong></span> <span class='ocrx_word' id='word_1_450' title='bbox 399 3843 478 3912; x_wconf 86' lang='lat' dir='ltr'><strong>Sylb.</strong></span> <span class='ocrx_word' id='word_1_451' title='bbox 500 3843 534 3893; x_wconf 89' lang='lat' dir='ltr'><strong>lu</strong></span> <span class='ocrx_word' id='word_1_452' title='bbox 554 3842 622 3894; x_wconf 79' lang='lat' dir='ltr'><strong>cod.</strong></span> <span class='ocrx_word' id='word_1_453' title='bbox 641 3843 730 3894; x_wconf 83' lang='lat' dir='ltr'><strong>ltlarb.</strong></span> <span class='ocrx_word' id='word_1_454' title='bbox 750 3850 809 3894; x_wconf 87' lang='lat' dir='ltr'><strong>est:</strong></span> <span class='ocrx_word' id='word_1_455' title='bbox 833 3844 890 3895; x_wconf 77' lang='lat' dir='ltr'><strong>iata</strong></span> <span class='ocrx_word' id='word_1_456' title='bbox 908 3843 1023 3894; x_wconf 77' lang='lat' dir='ltr'><strong>tandem</strong></span> <span class='ocrx_word' id='word_1_457' title='bbox 1041 3858 1203 3896; x_wconf 81' lang='lat' dir='ltr'><strong>memoro.</strong></span> 
     </span>
     <span class='ocr_line' id='line_1_46' title="bbox 51 3910 1206 3984; baseline -0.003 -16"><span class='ocrx_word' id='word_1_458' title='bbox 51 3915 133 3968; x_wconf 90' lang='lat' dir='ltr'><strong>Unde</strong></span> <span class='ocrx_word' id='word_1_459' title='bbox 151 3915 243 3966; x_wconf 86' lang='lat' dir='ltr'><strong>nolim</strong></span> <span class='ocrx_word' id='word_1_460' title='bbox 263 3914 408 3984; x_wconf 84' lang='lat' dir='ltr'><strong>quispiam</strong></span> <span class='ocrx_word' id='word_1_461' title='bbox 426 3914 532 3966; x_wconf 78' lang='lat' dir='ltr'><strong>faciat:</strong></span> <span class='ocrx_word' id='word_1_462' title='bbox 558 3913 618 3964; x_wconf 84' lang='lat' dir='ltr'><strong>Aut</strong></span> <span class='ocrx_word' id='word_1_463' title='bbox 637 3920 787 3981; x_wconf 77' lang='lat' dir='ltr'><strong>quoerant</strong></span> <span class='ocrx_word' id='word_1_464' title='bbox 806 3912 865 3965; x_wconf 80' lang='lat' dir='ltr'><strong>isto</strong></span> <span class='ocrx_word' id='word_1_465' title='bbox 883 3914 1013 3967; x_wconf 68' lang='lat' dir='ltr'><strong>tondenti</strong></span> <span class='ocrx_word' id='word_1_466' title='bbox 1037 3910 1206 3966; x_wconf 80' lang='lat' dir='ltr'><strong>memoro!</strong></span> 
     </span>
     <span class='ocr_line' id='line_1_47' title="bbox 50 3984 686 4040; baseline 0 -1"><span class='ocrx_word' id='word_1_467' title='bbox 50 3987 129 4039; x_wconf 85' lang='lat' dir='ltr'><strong>ldaoc</strong></span> <span class='ocrx_word' id='word_1_468' title='bbox 149 3984 318 4038; x_wconf 85' lang='lat' dir='ltr'><strong>Ciceronem</strong></span> <span class='ocrx_word' id='word_1_469' title='bbox 336 4001 394 4036; x_wconf 89' lang='lat' dir='ltr'><strong>uon</strong></span> <span class='ocrx_word' id='word_1_470' title='bbox 414 3984 587 4037; x_wconf 87' lang='lat' dir='ltr'><strong>redolerent.</strong></span> <span class='ocrx_word' id='word_1_471' title='bbox 625 3985 686 4040; x_wconf 89' lang='lat' dir='ltr'><strong>Mr.</strong></span> 
     </span>
    </p>

    <p class='ocr_par' dir='ltr' id='par_1_7' title="bbox 50 4051 1208 4478">
     <span class='ocr_line' id='line_1_48' title="bbox 121 4051 1206 4131; baseline 0.002 -23"><span class='ocrx_word' id='word_1_472' title='bbox 121 4056 202 4120; x_wconf 85' lang='lat' dir='ltr'><strong>Quia,</strong></span> <span class='ocrx_word' id='word_1_473' title='bbox 230 4056 366 4123; x_wconf 85' lang='lat' dir='ltr'><strong>quoniam</strong></span> <span class='ocrx_word' id='word_1_474' title='bbox 389 4061 454 4122; x_wconf 85' lang='lat' dir='ltr'><strong>post</strong></span> <span class='ocrx_word' id='word_1_475' title='bbox 478 4054 605 4119; x_wconf 80' lang='lat' dir='ltr'><strong>mortem]</strong></span> <span class='ocrx_word' id='word_1_476' title='bbox 641 4056 747 4131; x_wconf 80' lang='lat' dir='ltr'><strong>Vulgo,</strong></span> <span class='ocrx_word' id='word_1_477' title='bbox 773 4051 878 4109; x_wconf 83' lang='lat' dir='ltr'><strong>omissa</strong></span> <span class='ocrx_word' id='word_1_478' title='bbox 904 4057 1001 4127; x_wconf 86' lang='lat' dir='ltr'><strong>prima</strong></span> <span class='ocrx_word' id='word_1_479' title='bbox 1018 4057 1133 4121; x_wconf 84' lang='lat' dir='ltr'><strong>vocula,</strong></span> <span class='ocrx_word' id='word_1_480' title='bbox 1159 4074 1206 4110; x_wconf 89' lang='lat' dir='ltr'><strong>re·</strong></span> 
     </span>
     <span class='ocr_line' id='line_1_49' title="bbox 51 4124 1207 4197; baseline 0.002 -18"><span class='ocrx_word' id='word_1_481' title='bbox 51 4133 244 4197; x_wconf 85' lang='lat' dir='ltr'><strong>praesentant,</strong></span> <span class='ocrx_word' id='word_1_482' title='bbox 264 4125 403 4193; x_wconf 66' lang='lat' dir='ltr'><strong>posonium,</strong></span> <span class='ocrx_word' id='word_1_483' title='bbox 427 4124 455 4176; x_wconf 87' lang='lat' dir='ltr'><strong>si</strong></span> <span class='ocrx_word' id='word_1_484' title='bbox 476 4133 540 4192; x_wconf 80' lang='lat' dir='ltr'><strong>post</strong></span> <span class='ocrx_word' id='word_1_485' title='bbox 566 4131 683 4177; x_wconf 82' lang='lat' dir='ltr'><strong>mortem</strong></span> <span class='ocrx_word' id='word_1_486' title='bbox 711 4125 784 4179; x_wconf 75' lang='lat' dir='ltr'><strong>nisit</strong></span> <span class='ocrx_word' id='word_1_487' title='bbox 800 4132 841 4179; x_wconf 82' lang='lat' dir='ltr'><strong>est</strong></span> <span class='ocrx_word' id='word_1_488' title='bbox 865 4129 943 4180; x_wconf 80' lang='lat' dir='ltr'><strong>moli.</strong></span> <span class='ocrx_word' id='word_1_489' title='bbox 981 4128 1058 4180; x_wconf 87' lang='lat' dir='ltr'><strong>Bene</strong></span> <span class='ocrx_word' id='word_1_490' title='bbox 1077 4127 1207 4197; x_wconf 83' lang='lat' dir='ltr'><strong>quidem,</strong></span> 
     </span>
     <span class='ocr_line' id='line_1_50' title="bbox 51 4195 1206 4262; baseline 0.003 -13"><span class='ocrx_word' id='word_1_491' title='bbox 51 4199 77 4249; x_wconf 92' lang='lat' dir='ltr'><strong>si</strong></span> <span class='ocrx_word' id='word_1_492' title='bbox 95 4199 249 4250; x_wconf 87' lang='lat' dir='ltr'><strong>Msstorum</strong></span> <span class='ocrx_word' id='word_1_493' title='bbox 271 4198 325 4250; x_wconf 83' lang='lat' dir='ltr'><strong>tide</strong></span> <span class='ocrx_word' id='word_1_494' title='bbox 343 4197 451 4249; x_wconf 88' lang='lat' dir='ltr'><strong>nititur</strong></span> <span class='ocrx_word' id='word_1_495' title='bbox 470 4195 522 4248; x_wconf 86' lang='lat' dir='ltr'><strong>illa</strong></span> <span class='ocrx_word' id='word_1_496' title='bbox 542 4197 646 4262; x_wconf 72' lang='lat' dir='ltr'><strong>tectio,</strong></span> <span class='ocrx_word' id='word_1_497' title='bbox 665 4197 715 4250; x_wconf 88' lang='lat' dir='ltr'><strong>sed</strong></span> <span class='ocrx_word' id='word_1_498' title='bbox 734 4213 786 4250; x_wconf 87' lang='lat' dir='ltr'><strong>nos</strong></span> <span class='ocrx_word' id='word_1_499' title='bbox 804 4199 836 4250; x_wconf 89' lang='lat' dir='ltr'><strong>in</strong></span> <span class='ocrx_word' id='word_1_500' title='bbox 854 4198 1060 4253; x_wconf 83' lang='lat' dir='ltr'><strong>nostrisGodd.</strong></span> <span class='ocrx_word' id='word_1_501' title='bbox 1080 4199 1206 4252; x_wconf 81' lang='lat' dir='ltr'><strong>alteram</strong></span> 
     </span>
     <span class='ocr_line' id='line_1_51' title="bbox 50 4268 281 4322; baseline -0.004 -3"><span class='ocrx_word' id='word_1_502' title='bbox 50 4284 83 4320; x_wconf 87' lang='lat' dir='ltr'><strong>re</strong></span> <span class='ocrx_word' id='word_1_503' title='bbox 104 4268 221 4322; x_wconf 88' lang='lat' dir='ltr'><strong>erimus.</strong></span> <span class='ocrx_word' id='word_1_504' title='bbox 245 4268 281 4320; x_wconf 85' lang='lat' dir='ltr'><strong>D.</strong></span> 
     </span>
     <span class='ocr_line' id='line_1_52' title="bbox 66 4285 1206 4405; baseline 0.003 -13"><span class='ocrx_word' id='word_1_505' title='bbox 66 4285 102 4392; x_wconf 17' lang='lat' dir='ltr'><strong>ap</strong></span> <span class='ocrx_word' id='word_1_506' title='bbox 122 4337 228 4402; x_wconf 78' lang='lat' dir='ltr'><strong>Ouio,</strong></span> <span class='ocrx_word' id='word_1_507' title='bbox 249 4338 411 4405; x_wconf 73' lang='lat' dir='ltr'><strong>quoniam</strong></span> <span class='ocrx_word' id='word_1_508' title='bbox 427 4344 492 4405; x_wconf 85' lang='lat' dir='ltr'><strong>post</strong></span> <span class='ocrx_word' id='word_1_509' title='bbox 512 4338 641 4404; x_wconf 74' lang='lat' dir='ltr'><strong>scorteos]</strong></span> <span class='ocrx_word' id='word_1_510' title='bbox 687 4339 731 4390; x_wconf 85' lang='lat' dir='ltr'><strong>lta</strong></span> <span class='ocrx_word' id='word_1_511' title='bbox 750 4339 837 4393; x_wconf 82' lang='lat' dir='ltr'><strong>Godd.</strong></span> <span class='ocrx_word' id='word_1_512' title='bbox 866 4340 907 4392; x_wconf 84' lang='lat' dir='ltr'><strong>Re</strong></span> <span class='ocrx_word' id='word_1_513' title='bbox 930 4345 982 4395; x_wconf 88' lang='grc'><strong>,1.</strong></span> <span class='ocrx_word' id='word_1_514' title='bbox 1010 4340 1111 4395; x_wconf 85' lang='lat' dir='ltr'><strong>Duisb·</strong></span> <span class='ocrx_word' id='word_1_515' title='bbox 1131 4342 1206 4395; x_wconf 87' lang='lat' dir='ltr'><strong>Gud.</strong></span> 
     </span>
     <span class='ocr_line' id='line_1_53' title="bbox 51 4407 1208 4478; baseline 0.003 -17"><span class='ocrx_word' id='word_1_516' title='bbox 51 4408 139 4466; x_wconf 87' lang='lat' dir='ltr'><strong>llehd.</strong></span> <span class='ocrx_word' id='word_1_517' title='bbox 163 4408 284 4476; x_wconf 78' lang='lat' dir='ltr'><strong>(hiduo</strong></span> <span class='ocrx_word' id='word_1_518' title='bbox 303 4411 373 4478; x_wconf 74' lang='lat' dir='ltr'><strong>piis.)</strong></span> <span class='ocrx_word' id='word_1_519' title='bbox 400 4410 477 4464; x_wconf 81' lang='lat' dir='ltr'><strong>Mon.</strong></span> <span class='ocrx_word' id='word_1_520' title='bbox 498 4414 522 4464; x_wconf 88' lang='lat' dir='ltr'><strong>l.</strong></span> <span class='ocrx_word' id='word_1_521' title='bbox 542 4411 626 4464; x_wconf 86' lang='lat' dir='ltr'><strong>Bern.</strong></span> <span class='ocrx_word' id='word_1_522' title='bbox 646 4407 718 4463; x_wconf 85' lang='lat' dir='ltr'><strong>Edd.</strong></span> <span class='ocrx_word' id='word_1_523' title='bbox 739 4410 767 4460; x_wconf 88' lang='lat' dir='ltr'><strong>P.</strong></span> <span class='ocrx_word' id='word_1_524' title='bbox 786 4410 857 4463; x_wconf 82' lang='lat' dir='ltr'><strong>Dav.</strong></span> <span class='ocrx_word' id='word_1_525' title='bbox 931 4413 953 4463; x_wconf 76' lang='lat' dir='ltr'><strong>i.</strong></span> <span class='ocrx_word' id='word_1_526' title='bbox 973 4412 1020 4467; x_wconf 85' lang='lat' dir='ltr'><strong>Or.</strong></span> <span class='ocrx_word' id='word_1_527' title='bbox 1040 4412 1132 4465; x_wconf 79' lang='lat' dir='ltr'><strong>Nobis.</strong></span> <span class='ocrx_word' id='word_1_528' title='bbox 1170 4412 1208 4465; x_wconf 86' lang='lat' dir='ltr'><strong>ln</strong></span> 
     </span>
    </p>
   </div>
   <div class='ocr_carea' id='block_1_4' title="bbox 0 0 1425 5070">
    <p class='ocr_par' dir='ltr' id='par_1_8' title="bbox 0 0 1425 5070">
     <span class='ocr_line' id='line_1_54' title="bbox 0 0 1425 5070; baseline 0 0"><span class='ocrx_word' id='word_1_529' title='bbox 0 0 1425 5070; x_wconf 95' lang='lat' dir='ltr'><strong> </strong></span> 
     </span>
    </p>
   </div>
  </div>
 </body>
</html>
