2828 5070
117 303 181 374 lb!
326 298 559 368 CICERONIS
579 298 828 368 ‘tuscanum
851 299 1080 366 DlSPUTAT.

120 470 268 556 quinque
298 469 409 532 stellas
437 469 524 532 terri
551 467 682 533 eosdem
705 486 822 531 curans
853 469 1121 532 constantissime
1141 486 1273 533 serran-

119 565 184 634 tes,
210 553 401 635 disparibus
429 554 519 615 inter
547 571 583 614 se
614 551 777 612 motibus:
810 560 1073 634 nocturnamque
1104 551 1190 614 caeli
1211 553 1272 613 lor·

120 656 208 700 marn
230 634 378 719 undique
399 634 568 699 sideribus
589 643 758 698 ornatam:
787 641 858 696 tum
891 635 1026 720 globum
1053 642 1170 698 terrae
1197 635 1273 696 emi·

121 728 254 782 nentem
276 719 413 795 amari,
445 719 549 779 lixum
577 717 612 777 in
635 716 744 778 medio
765 715 883 778 mundi
904 718 1056 779 universi
1079 717 1166 794 loco,
1199 715 1272 778 dua-

121 802 182 864 bus
205 802 276 862 oris
298 799 497 902 distantibus
519 798 733 863 habitabilem
756 807 790 861 et
811 800 956 876 cultum3
990 819 1131 881 quarum
1159 799 1275 876 altera,

121 883 551 1047 quarpsppsdqpcppsptqszd
570 963 685 1027 ste'llas
706 972 834 1043 septem,
855 963 939 1025 ande
959 961 1104 1045 birrifer

202 1047 369 1132 Aquilone
392 1050 517 1112 stridor
535 1047 667 1131 gelidas
686 1046 817 1109 molitsir
836 1050 937 1125 aines,

121 1238 163 1293 De
185 1237 222 1290 iis
245 1237 312 1291 vide
335 1238 421 1310 plura
447 1237 640 1308 disputantem
664 1236 723 1288 cte.
745 1235 779 1289 de
797 1237 834 1288 N.
854 1235 887 1288 D.
908 1235 945 1288 ll.
966 1238 1009 1290 to.
1037 1241 1065 1288 et
1084 1233 1119 1286 tle
1136 1233 1207 1302 Rep.
1228 1230 1273 1284 Vl.

124 1312 165 1365 17.
190 1307 250 1374 ubi,
276 1309 311 1361 ad
337 1318 437 1362 utrum
480 1325 495 1360 e
517 1307 624 1372 locum,
649 1306 709 1359 vid.
736 1315 847 1359 annott.
876 1314 995 1359 nostras.
1022 1337 1055 1347 -
1091 1306 1146 1357 Pro
1165 1302 1274 1355 eosdem

121 1395 220 1433 cursat
238 1378 294 1432 dua
313 1378 382 1432 Oxx.
403 1395 434 1432 eo
456 1395 497 1430 em
515 1395 616 1431 curan.-
643 1396 715 1429 unus
733 1378 844 1431 eaedem
862 1377 1002 1430 careia:
1027 1385 1091 1428 tum
1117 1374 1188 1438 du03
1216 1389 1273 1426 ser·

121 1450 237 1505 natira
256 1449 330 1502 Gud.
352 1454 618 1518 tumutitaque.
656 1449 759 1501 borma
776 1449 806 1500 h.
826 1449 847 1500 l.
868 1449 949 1500 esti.
970 1467 998 1518 q.
1018 1446 1136 1519 species,
1165 1444 1224 1509 rel,
1250 1443 1273 1495 si

121 1521 222 1586 mavis,
241 1526 375 1573 nocturna
393 1519 466 1572 caeli
488 1519 582 1583 forma
606 1527 648 1573 est
674 1519 786 1572 caelum
805 1527 988 1584 nocturnum,
1014 1517 1113 1589 prouti
1131 1532 1161 1568 se
1179 1514 1273 1567 homi·

121 1608 194 1657 num
211 1590 358 1664 adspectui
377 1589 501 1644 exbibet.
539 1591 604 1642 Alia
623 1599 665 1642 est
684 1591 759 1643 ratio
785 1590 843 1642 loci
870 1588 904 1643 de
923 1591 959 1643 N.
979 1589 1012 1642 D.
1032 1589 1069 1642 11.
1090 1589 1133 1642 to.
1162 1585 1212 1638 ubi
1238 1584 1274 1636 si·

121 1661 190 1715 dena
207 1660 346 1714 dicuntur
363 1661 466 1730 igneae
482 1662 606 1727 formae:
626 1660 667 1712 ibi
686 1662 773 1725 euim,
793 1662 921 1731 apposite
940 1661 976 1712 ad
993 1668 1118 1712 nostram
1136 1674 1215 1709 rem:
1243 1654 1272 1708 in

122 1746 174 1803 quo
198 1728 338 1797 [aethere]
366 1749 428 1785 cam
453 1731 679 1785 admirabilitate
704 1731 827 1785 maxima
854 1730 982 1798 igneae
1009 1732 1148 1797 formae
1176 1741 1274 1780 eversas

120 1800 268 1856 ordinatae
287 1800 430 1870 definiunt.
467 1804 522 1855 Pro
540 1802 661 1872 undique
679 1802 736 1856 tls.
757 1821 801 1873 ap.
820 1802 905 1855 Verb.
925 1803 1082 1871 mandique,
1102 1798 1274 1853 adhaerente

120 1873 169 1927 illi
186 1874 348 1945 particulae
365 1872 468 1925 ultimi
485 1873 682 1943 praecedentis
700 1873 778 1927 vocis
796 1874 890 1926 litera.
929 1875 990 1927 Mr.

192 1948 251 1998 tum
268 1943 380 2011 globum
398 1948 493 1997 terrae
510 1944 671 1998 eminentem
689 1960 704 1997 e
722 1943 807 2010 masi]
844 1946 898 1997 Pro
917 1943 976 1997 tussi
994 1943 1061 1997 Cod.
1078 1941 1123 1996 Au
1145 1947 1272 2013 ..lamen

120 2015 241 2068 Confert
263 2015 297 2067 ad
323 2032 385 2068 rem
404 2014 565 2067 chsnerus
592 2015 652 2067 Cic.
680 2015 777 2068 Sornn.
803 2014 878 2086 Scip.
899 2015 924 2069 4.
945 2018 971 2071 6.
998 2015 1033 2068 de
1051 2016 1088 2067 N.
1144 2052 1150 2064 .
1171 2014 1209 2067 ll.
1230 2014 1273 2069 36.

120 2088 164 2142 39.
184 2084 319 2155 additque
337 2084 420 2154 loqui
438 2084 556 2154 quidem
573 2084 620 2138 his
638 2086 709 2138 locis
727 2086 849 2154 aliisque
868 2085 1039 2139 Ciceronem
1065 2086 1100 2139 ad
1122 2082 1275 2160 vulgarem

120 2155 309 2210 senteutiam:
330 2171 389 2209 esse
407 2163 504 2208 tamen
523 2155 589 2209 inde
607 2173 665 2209 non
684 2157 759 2209 illud
777 2155 974 2223 efficiendum,
999 2166 1032 2209 ut
1050 2173 1159 2223 veram,
1189 2171 1274 2225 quam

120 2226 212 2282 denua
237 2225 414 2299 Caper-nicus
435 2227 570 2296 protulit,
601 2227 773 2281 sententiam
803 2227 948 2302 ignorasse
972 2227 1141 2282 Ciceronem
1175 2224 1275 2279 existi·

120 2297 255 2383 mendum
281 2296 327 2350 sit.
364 2295 536 2381 Philolaum·
553 2299 687 2382 antem}²
726 2298 885 2421 baffieum
908 2299 967 2383 iam
990 2298 1100 2382 rectius
1124 2297 1159 2350 de
1184 2313 1216 2350 ea
1243 2311 1275 2380 ee

119 2368 581 2512 titthtttdtzllltt
595 2369 679 2492 iiii
715 2386 794 2493 tlt.
818 2368 1228 2510 1ttl¹¹tsl0¹lthltl
1228 2366 1275 2491 ¹²13?

119 2513 292 2585 Lipstorpii,
312 2511 363 2583 qui
381 2511 553 2565 inscribitur
570 2511 610 2564 Co
632 2510 747 2563 ernicus
772 2511 919 2563 redivivus
943 2510 980 2574 (d.
1000 2510 1042 2563 lm
1086 2511 1171 2563 .Bat.
1195 2511 1272 2566 1663.

119 2583 262 2650 Elaerir.)
301 2621 307 2634 .
331 2585 372 2638 16.
408 2583 437 2635 P.
458 2580 595 2635 Gassendi
610 2529 768 2635 Nicolaum
786 2580 978 2652 Copernicum
996 2600 1025 2655 p.
1082 2586 1106 2637 'l-
1136 2581 1182 2646 (ad
1201 2581 1273 2634 calc.

119 2654 202 2708 Vitae
220 2654 284 2724 Tyc
307 2655 370 2706 onis
388 2653 423 2706 de
440 2652 542 2706 Erebe.
563 2654 590 2706 11
628 2653 733 2706 .Com.
755 2655 833 2709 1666.
853 2653 892 2720 4.)
921 2651 1058 2708 ceterum
1077 2652 1188 2720 globum
1206 2651 1235 2705 h.
1252 2650 1273 2703 1.

118 2741 173 2799 pro
193 2724 287 2778 orbem
306 2723 381 2776 dixit
398 2724 446 2777 vel
463 2723 577 2793 planam
594 2726 718 2791 golam,
736 2732 769 2776 ut
788 2732 829 2777 est
848 2725 883 2776 de
901 2725 938 2776 N.
957 2724 992 2777 D.
1012 2725 1050 2777 11.
1077 2727 1118 2779 18.
1156 2725 1217 2779 Mr.

189 2798 276 2863 fixum
303 2792 345 2849 s'n'
361 2794 451 2849 medio
478 2795 577 2850 mundi
601 2794 725 2848 antemi
751 2793 822 2862 loco]
867 2795 920 2848 Ed.
946 2795 982 2846 tt.
1007 2793 1136 2848 antemi
1162 2794 1273 2848 mandi:

119 2884 194 2920 unns
213 2868 263 2922 Ox.
284 2867 394 2919 omittit
411 2866 519 2919 mandi.
557 2866 700 2921 Scribitur
726 2864 805 2920 botis
828 2883 882 2936 pro
910 2865 972 2920 orie
995 2866 1027 2918 iu
1046 2865 1131 2919 Codd.
1152 2866 1226 2918 Gud.
1247 2866 1273 2920 2.

120 2938 208 2992 blarb.
229 2937 303 2991 Gud.
322 2935 419 2990 Duisb.
439 2939 513 2990 Man.
534 2940 559 2992 2.
597 2938 632 2992 In
656 2936 868 2992 Commentario
892 2938 956 2990 Jan.
983 2937 1105 3013 Pagnini
1130 2944 1172 2990 est
1190 2937 1225 2989 ad
1243 2934 1273 2988 h.

119 3008 141 3062 l.
161 3008 268 3062 lemma
287 3007 394 3061 duabus
411 3006 589 3072 horridis,
619 3008 651 3060 in
669 3025 761 3077 quoe
824 3024 977 3079 operarum
995 3024 1125 3062 errorem
1142 3007 1275 3080 agnovis-

120 3097 190 3144 sem,
214 3080 271 3132 nisi
296 3080 414 3134 eandem
436 3080 592 3133 lectionem
617 3097 652 3132 ex
676 3079 742 3132 eod.
762 3024 825 3132 1106.
846 3080 878 3131 in
896 3097 986 3155 marg.
1006 3079 1069 3132 Asc.
1098 3085 1210 3129 nostrae
1229 3093 1273 3128 se-

120 3151 229 3207 cundae
248 3160 390 3206 enotatam
407 3151 552 3216 vidissem,
572 3159 602 3203 et
618 3149 695 3203 hanc
712 3152 740 3204 J.
759 3150 878 3223 Pagnini
898 3149 1124 3204 annotationem:
1150 3146 1274 3213 „Arcti-

121 3241 183 3277 cam
202 3231 233 3277 et
251 3223 439 3277 antarcticam
457 3225 548 3275 zonas
567 3221 721 3296 intelligit,
740 3230 881 3291 perpetuo
927 3223 973 3275 clu
999 3219 1212 3274 inhabitabiles:
1239 3218 1274 3273 de

161 3296 222 3348 ibus
241 3294 389 3371 eleganter
406 3293 487 3347 ovid.
507 3293 567 3346 Nt'a
585 3293 660 3362 legit
680 3293 737 3345 atta
763 3291 861 3345 daar“
889 3241 1088 3364 [Netamorpb.
1108 3292 1131 3345 1.
1151 3290 1208 3358 etl]
1239 3292 1274 3345 ln

151 3366 169 3381 '⁸
209 3365 291 3418 libris
316 3365 430 3417 nullum
457 3371 500 3417 est
519 3365 579 3418 eius
597 3363 732 3447 lectionis
750 3362 916 3446 vestigium.
955 3362 1096 3429 Quaenam
1121 3362 1180 3414 sint
1204 3361 1274 3414 illae

120 3435 240 3561 {tel}
257 3433 656 3578 t..¹.tt;‚⁰t.ll.“tt,lttz;
672 3434 1041 3588 ‘elttitlztlttt
1065 3433 1224 3574 titt?
1237 3442 1273 3558 §.t

119 3576 262 3631 sententia
279 3585 420 3642 veterum,
440 3575 515 3629 solae
534 3575 712 3642 habitabiles,
731 3576 790 3628 vid.
811 3575 870 3629 cie.
899 3576 933 3629 de
957 3578 1025 3648 Rep.
1045 3577 1094 3630 Vl.
1121 3578 1164 3631 lt.
1190 3594 1274 3629 accu-

120 3648 211 3702 ratius
239 3647 410 3717 expositum,
435 3646 485 3699 ubi
507 3647 565 3701 vid.
594 3655 689 3700 annot.
715 3655 804 3699 nostr.
855 3649 934 3704 ,496
952 3665 993 3714 sq.
1019 3648 1100 3722 Vir-g.
1123 3647 1230 3722 (ἔασι-ς.
1249 3647 1272 3700 1.

120 3720 282 3778 tte-²39.
307 3718 377 3788 ibiq.
403 3718 428 3770 J.
438 3718 472 3770 tt.
481 3717 560 3771 Vols.
587 3716 667 3770 Ovid.
696 3719 809 3771 Metam.
833 3663 858 3770 1.
884 3721 921 3773 tt
944 3737 1005 3788 sqq.
1032 3718 1102 3788 ibiq.
1132 3718 1272 3789 interprr.

119 3789 303 3846 Eratosthen.
328 3806 376 3912 api
399 3788 544 3843 Heraclid.
567 3789 676 3843 Pontic.
702 3807 730 3861 p.
752 3791 811 3844 166.
838 3787 881 3840 ed.
906 3790 943 3842 N.
969 3788 1083 3845 Scbow.
1113 3789 1272 3866 (Allegorr.

119 3861 299 3926 Homerico.)
318 3876 351 3914 co
379 3877 433 3931 .p.
454 3861 515 3915 282.
553 3861 613 3918 Mr.

191 3930 374 3986 habitabilem
390 3936 418 3985 et
435 3931 586 3999 cultam]
622 3931 769 3987 Scribitur
793 3933 896 3985 callam
924 3931 954 3984 in
979 3932 1065 3985 codd.
1091 3932 1184 3985 tribus
1203 3933 1273 3986 Oxx.

121 4003 195 4058 Gud.
218 4008 241 4058 l.
262 4006 287 4058 1.
308 4001 380 4077 Aug.
401 4004 441 4057 lie
463 4042 469 4054 .
489 4003 577 4055 Marb.
596 4003 668 4057 de.
688 4005 717 4055 Ρ.
738 4001 766 4056 S.
787 4002 822 4057 E.
852 4013 881 4056 et
899 4020 990 4080 marg.
1011 4002 1068 4057 tls.
1088 4003 1153 4056 Asc.
1173 4005 1199 4058 2.
1228 4002 1274 4056 ἐκ·

120 4075 227 4131 cultam
245 4074 277 4125 in
296 4073 362 4127 cod.
382 4021 466 4128 Vini
488 4078 512 4130 1.
532 4077 597 4127 Mox
615 4075 701 4129 Marb.
721 4073 883 4128 incolamus.
902 4074 1045 4129 DuoOnr.
1060 4077 1192 4128 alteram.
1213 4075 1273 4127 Mr.

124 4193 127 4197 .
193 4144 249 4199 set
267 4160 320 4197 aas
334 4145 432 4214 posita
450 4178 484 4189 -
503 4145 592 4214 niusa]
629 4147 693 4199 Vid.
717 4146 843 4199 Bentleii
868 4165 932 4198 ann.
959 4145 1039 4200 adh.
1059 4146 1081 4198 l.
1105 4144 1274 4198 beroaldus:

121 4213 205 4293 „Sub
222 4231 275 4269 aze
293 4215 313 4268 i.
329 4232 353 4268 e.
373 4216 424 4269 sub
441 4218 508 4289 polo
526 4219 587 4271 sive
606 4218 718 4271 vertice
736 4235 765 4269 se
786 4218 966 4271 tentrionali.
1004 4217 1082 4270 Alias
1100 4235 1183 4270 anem
1201 4216 1277 4269 acci-

121 4286 217 4412 tae
233 4289 508 4429 mittete.
522 4236 1140 4414 ‘tillut
1165 4293 1278 4429 tttt

511 4400 517 4413 ·
1138 4397 1146 4425 s

122 4428 165 4485 sic
182 4429 225 4488 ait
241 4427 380 4503 Apuleias
398 4433 430 4486 in
448 4432 620 4508 Gosmagmp
644 4431 685 4483 'at
742 4445 773 4486 oa
787 4431 869 4501 polos
886 4431 1015 4499 dietmar,
1043 4448 1062 4486 a
1080 4432 1177 4502 quibua
1204 4431 1277 4484 velat
