2828 5070
526 320 656 386 LIBER
678 320 707 402 1,
729 320 777 386 17.
1172 317 1233 391 ltt

441 421 464 465 a

75 493 222 556 virtute!
259 509 322 578 ego
350 489 439 552 euim
454 476 537 572 'ipse
565 509 642 553 cum
670 488 785 554 eodem
807 490 881 575 ipso
903 509 969 556 non
990 495 1116 562 invitos
1137 513 1229 563 erra·

75 576 198 637 verim.
242 573 333 635 Num
354 573 467 658 igitur,
482 570 685 652 dubitamus,
717 576 804 638 sicut
831 576 1004 658 pleraquet
1034 585 1267 666 quemquami.

78 757 111 808 in
129 754 368 826 praecedentibus
386 757 500 810 omittit
517 772 610 827 quam,
630 757 705 810 elius
723 774 799 814 aera.
836 757 971 825 Quamvis
997 770 1093 816 autem
1117 763 1232 818 dicatur

78 828 263 882 sentirentur
281 828 385 895 aliquo,
412 827 469 880 hoc
488 826 553 881 ioco
571 843 639 880 aera
667 829 764 883 abesse
791 831 903 900 nequit,
928 849 995 885 cum
1022 832 1109 887 verbo
1132 850 1232 891 errare

77 897 528 1026 tt⁹⁰tss3‘·1,⁰tt⁶333³*³¹‘
542 894 1023 1027 ‘tietmarum‘
1040 904 1076 1024 ’θ
1095 903 1232 1029 ⁰i⁰²li⁰

76 988 203 1094 adddnus
221 1006 257 1095 aid
275 1007 391 1110 liubnir.
412 988 502 1097 Oraflt.
517 988 577 1095 iic.
598 1043 621 1094 1.
635 987 670 1111 ς
689 986 873 1113 dimid&
890 982 1179 1100 aqucdiprlqeqqoqu,
1197 992 1233 1101 :d

79 1112 141 1165 cic.
163 1111 225 1167 Cat.
245 1111 283 1164 11.
302 1116 329 1169 5.
347 1130 376 1181 1).
398 1115 458 1168 131.
485 1113 537 1182 qui
553 1121 603 1165 aut
621 1113 684 1182 ipso
703 1113 868 1179 delendum,
897 1122 947 1168 aut
974 1132 1041 1169 cum
1060 1119 1159 1171 Matth.
1179 1116 1231 1170 illo

77 1253 713 1308 ,m
754 1184 852 1308 ae
870 1184 942 1308 m
1077 1186 1136 1273 u-

207 1293 213 1306 .
289 1275 299 1306 ι
539 1274 549 1306 ι
644 1273 696 1308 ιιι
823 1272 998 1312 macrea
1065 1274 1182 1311 raruse

78 1334 109 1379 et
134 1325 198 1387 ille,
227 1343 313 1395 quam
337 1325 399 1392 ipse
423 1332 453 1377 et
475 1326 531 1381 isle
553 1272 772 1397 permutandi:
810 1334 840 1378 et
866 1328 964 1397 ipsum
991 1325 1067 1380 illud
1090 1329 1140 1381 illo
1170 1274 1242 1386 did.

77 1403 251 1469 promptum
270 1403 332 1451 orat
350 1396 509 1470 corrigere,
528 1404 562 1448 ut
580 1397 733 1451 conveniat
756 1412 823 1449 cum
841 1398 990 1451 locutione
1014 1398 1135 1474 vulgata
1158 1398 1231 1453 iden

77 1469 139 1533 ille,
157 1475 193 1520 ut
210 1467 328 1521 facilius
346 1466 456 1531 credas,
484 1467 520 1519 ab
542 1466 641 1537 aliquo
667 1467 749 1521 illam
776 1460 988 1522 correctionem
1012 1465 1093 1535 (illo)
1117 1469 1230 1525 illatam

80 1557 143 1593 esse
161 1538 350 1610 (quamquam
373 1536 429 1590 boc
445 1539 556 1591 factum
574 1553 633 1591 non
659 1539 725 1605 est),
807 1556 835 1590 m
863 1540 888 1592 si
913 1539 1064 1603 adfuisset,
1087 1547 1229 1595 mutatum

78 1611 169 1664 faiam
196 1609 247 1663 illo
277 1611 309 1662 in
335 1608 408 1676 ipso.
446 1607 501 1662 Pro
529 1609 689 1662 erraverim
775 1652 782 1664 .
807 1611 883 1663 Mon.
901 1615 927 1665 l.
956 1608 1043 1663 babet
1070 1611 1229 1664 oraverima

78 1681 128 1735 ubi
200 1680 295 1733 noscis
327 1675 499 1732 Monachum
527 1680 673 1734 formulae
702 1679 814 1734 Oremae
845 1679 1015 1750 quotidiano
1046 1698 1101 1734 usu
1131 1681 1231 1738 adsue·
1340 1746 1344 1754 ¹

77 1760 151 1806 tum·
223 1768 247 1803 Y·
1223 1776 1229 1797 r

150 1821 220 1876 Nam
240 1822 337 1892 igitur
355 1821 523 1889 dubitamus,
548 1838 605 1889 an,
629 1822 703 1877 sicut
725 1823 869 1892 pleraque,
895 1822 947 1877 eie
974 1831 1005 1877 et
1023 1823 1123 1890 boel]
1158 1826 1229 1879 Dav.

80 1898 110 1948 in
129 1894 185 1947 Ed.
207 1897 232 1948 Ι.
260 1893 351 1948 baec:
389 1893 540 1960 „Ultimas
570 1903 629 1947 tres
658 1894 776 1949 voculas
806 1911 961 1965 perperam
989 1897 1129 1949 omittunt
1153 1895 1229 1950 MSS.

78 1968 155 2020 Petr.
172 1964 309 2021 cantabr.
331 1973 360 2018 et
377 1983 453 2017 unus
471 1983 486 2019 e
501 1965 737 2019 Norricensibus.
774 1964 874 2018 Alter:
893 1966 1073 2032 Dabitamue,
1093 1982 1138 2032 an,
1157 1968 1232 2020 sicul

76 2039 225 2108 pleraque,
255 2036 306 2089 aab
332 2035 509 2089 dubitatione
531 2035 693 2104 accepimus,
721 2037 763 2090 eic
781 2043 807 2088 et
824 2034 897 2089 baal
930 2037 1168 2092 Additamentum
1187 2043 1232 2091 est

79 2127 116 2163 ex
143 2108 247 2184 glossa.
285 2105 339 2162 Ed.
365 2109 435 2159 Ven.
464 2105 520 2158 hoc
544 2107 629 2160 modo
654 2107 854 2182 interpungit:
879 2108 1067 2162 Dubitamuel
1095 2124 1132 2160 aa
1158 2108 1231 2161 sieut

77 2181 210 2249 pleraque
226 2177 270 2231 sic
289 2184 316 2231 et
333 2175 403 2230 loc?
440 2176 516 2243 Quae
534 2195 603 2231 sane
622 2178 772 2231 distinctio
792 2179 896 2231 exinde
915 2188 1012 2232 ortum
1030 2179 1143 2244 babuit,
1163 2178 1231 2248 quia

80 2251 210 2305 nesciret
227 2245 377 2314 librarius,
396 2248 516 2309 verbum
536 2248 611 2301 illud
629 2250 724 2300 active
741 2249 820 2317 poni,
845 2249 922 2318 quod
939 2256 1035 2302 tamen
1060 2248 1130 2302 alibi
1149 2267 1164 2301 a
1183 2249 1231 2302 Gi·

79 2337 186 2377 acrone
203 2322 315 2373 factum
335 2336 395 2374 esse
413 2320 512 2373 docuit
521 2318 602 2390 Casp.
622 2317 776 2388 Scioppius
788 2318 823 2370 ad
833 2317 943 2371 Sanctii
962 2320 1083 2371 Minerv.
1104 2319 1165 2368 Lib.
1177 2318 1230 2371 111.

79 2411 104 2447 e.
124 2390 172 2449 Μ
208 2390 407 2443 Lallemarmue
425 2391 460 2443 ad
478 2389 506 2441 b.
527 2388 564 2447 l.:
595 2388 756 2454 „Voculam
775 2403 811 2441 aa
828 2405 893 2440 cum
912 2389 1041 2441 Bentleio
1059 2387 1230 2453 delevimus,

46 2494 55 2507 ·
80 2463 208 2518 additam
227 2480 243 2514 a
261 2461 401 2526 librariis,
428 2462 479 2531 qui
504 2459 676 2545 ignorabant
698 2459 819 2511 verbum
843 2459 974 2512 dubitare
1002 2459 1097 2510 active
1125 2457 1230 2510 sumi.“

80 2532 254 2588 Boabieriue
284 2547 398 2602 quoque
422 2531 549 2585 Bentleii
572 2529 733 2584 sententiae
756 2529 916 2593 accedebat,
948 2544 1033 2598 quam
1061 2546 1089 2582 r.
1114 2528 1145 2580 iu
1169 2531 1230 2582 eius

79 2611 179 2660 annot.
199 2604 334 2657 Erneelus
352 2603 482 2656 serravit
500 2602 700 2671 scriptionem,
725 2616 811 2668 quam
829 2602 860 2652 in
879 2599 1016 2652 lemmate
1038 2599 1124 2652 huius
1142 2615 1232 2653 anno·

80 2676 201 2731 tationis
220 2674 398 2737 exhibemus,
418 2675 460 2725 ita
477 2680 584 2737 umen,
603 2678 637 2723 ut
655 2687 692 2724 an
710 2671 826 2723 uncinis
850 2670 1024 2731 includeret,
1049 2678 1151 2739 utpote
1170 2685 1231 2724 mo·

80 2749 198 2807 lectum,
216 2763 282 2798 cum
300 2743 379 2796 nibil
397 2745 444 2809 sit,
464 2760 521 2812 quo
540 2744 695 2796 referatur.
733 2741 776 2795 Ad
794 2741 881 2794 verba
899 2743 941 2794 sic
958 2747 984 2792 el
1002 2739 1052 2793 ltoc
1070 2741 1158 2794 dicit:
1190 2757 1229 2794 sc.

80 2819 158 2890 quod
176 2816 213 2870 de
231 2816 397 2869 animorum
416 2814 585 2867 aeternitate
612 2812 714 2866 statuit
741 2827 807 2864 cum
826 2811 988 2888 Pythagora
1005 2812 1094 2867 Plato.
1131 2810 1229 2877 „Edu

82 2887 231 2962 quaedam,
248 2886 364 2960 pergit,
390 2885 479 2938 etiam
497 2892 551 2955 pro
570 2899 633 2936 nuru
650 2882 757 2935 babent
780 2898 926 2938 nomnen
949 2882 1054 2937 male.“
1088 2883 1231 2935 lleiabiaer

81 2961 252 3028 „Fortassm
283 2972 347 3008 oon
375 2955 468 3022 igitur
492 2955 657 3008 dubitamus.
696 2956 752 3014 Aa,
781 2954 852 3005 eieut
877 2953 1015 3022 pleraque,
1044 2952 1088 3004 eie
1110 2959 1136 3005 et
1163 2951 1232 3004 boel

81 3031 198 3086 scilicet
217 3026 390 3081 dubitamus.
430 3026 585 3078 Observavi
613 3026 699 3078 etiam
718 3024 789 3077 alibi
807 3025 838 3076 in
856 3025 909 3076 Ed.
929 3023 1002 3076 Med.
1023 3039 1086 3074 auin
1104 3039 1158 3092 pro
1176 3037 1233 3075 aare

81 3099 241 3173 positum.“
274 3097 383 3150 Nicaea.
404 3097 424 3148 1.
445 3113 469 3147 c.
506 3095 679 3161 „Sententia
701 3111 759 3165 quo
777 3095 883 3146 melius
906 3093 1051 3162 procedat,
1076 3092 1147 3145 baec
1166 3099 1234 3144 sunt

82 3175 123 3226 ita
140 3169 362 3245 distinguenda:
381 3182 446 3220 num
463 3165 557 3234 igitur
577 3197 610 3209 -
628 3167 671 3218 et'c
688 3172 714 3218 et
728 3164 778 3217 lsoc
797 3163 978 3232 (quamquam
987 3193 1017 3203 --
1028 3160 1233 3226 accidentalia)

81 3251 191 3297 terram
212 3241 287 3294 etc.“
313 3239 382 3292 Cod.
400 3238 443 3290 Au
468 3236 580 3292 ,habet
599 3252 636 3288 aa
654 3236 727 3288 sicat
747 3241 782 3288 ut
799 3234 933 3302 plerique.
971 3232 1033 3283 lam
1056 3231 1124 3284 ride
1146 3231 1232 3283 etiam

81 3315 118 3368 de
134 3312 193 3367 bc'c
211 3310 276 3364 loco
295 3307 433 3364 Censoris
446 3254 526 3378 inps.
545 3306 599 3362 Ed.
615 3306 709 3358 Kiibn.
731 3305 904 3359 seutentiam
923 3301 1015 3368 (1831.
1027 3303 1129 3371 toap.
1142 3300 1233 3367 159³.)

82 3385 134 3456 qui
152 3386 186 3437 in
203 3382 234 3436 le
271 3381 328 3434 ndo
346 3380 410 3432 loco
429 3381 579 3432 nobiscum
597 3378 679 3430 facit.
716 3376 759 3431 De
784 3379 810 3427 el
832 3390 891 3426 non
913 3388 968 3443 pro
997 3371 1083 3424 etiam
1099 3370 1233 3442 ponendo

82 3475 109 3510 r.
137 3455 206 3509 otto
230 3472 261 3505 rn
286 3452 408 3504 Excurs.
438 3448 472 3502 ad
498 3447 557 3501 Cic.
582 3446 617 3501 de
639 3448 726 3502 Finn.
749 3463 778 3516 p.
800 3448 896 3501 ³79-
910 3446 977 3499 387:
1008 3443 1043 3497 de
1060 3441 1118 3495 boc
1136 3449 1232 3495 autem

82 3527 148 3580 loco
166 3541 196 3594 p.
215 3525 277 3579 384.
316 3520 372 3575 Sed
389 3521 447 3573 rid.
469 3519 557 3573 etiam
575 3535 649 3588 quae
667 3518 832 3571 monuimus
852 3517 930 3567 infra
949 3512 985 3566 ad
1002 3513 1051 3566 lv.
1070 3516 1113 3570 34.
1135 3515 1178 3569 7³,
1197 3512 1233 3567 ad

81 3597 169 3653 rerba
187 3593 275 3647 Probe
294 3599 321 3644 et
339 3592 396 3645 ille.
416 3607 419 3612 ·
436 3590 496 3644 Mr.
941 3606 945 3617 ·

154 3664 320 3720 Dubitamue
337 3663 409 3715 aicta
426 3662 559 3730 pleraque
580 3659 648 3725 etc]
685 3659 779 3734 Vulgo
798 3658 959 3712 dubitamus
984 3674 1019 3708 an
1038 3655 1110 3709 meat
1136 3655 1232 3724 plera-

83 3756 147 3811 que,
166 3737 208 3789 sio
227 3744 256 3788 et
273 3734 338 3787 hoc.
376 3729 432 3786 Sed
455 3732 522 3784 illas
546 3739 605 3784 tres
628 3730 745 3782 voculas
772 3731 912 3782 omittunt
935 3727 1005 3801 Reg.
1025 3728 1135 3779 Eliens.
1164 3732 1231 3779 tert.

83 3810 152 3865 Bek.
173 3808 249 3861 Petr.
270 3814 299 3860 et
317 3803 434 3857 cantab.
454 3802 609 3870 locumque
637 3802 828 3876 perpurgavit
852 3798 1015 3852 doctissimi
1037 3796 1162 3850 Bentleii
1188 3810 1233 3849 so·

153 3949 229 4003 Nam
246 3947 342 4015 igitur
359 3943 527 4007 dubitamus,
545 3943 619 3995 sicul
633 3943 782 4012 pleraque:
807 3954 972 4009 quamquam
991 3969 1022 3978 -
1043 3934 1234 3989 mathematici

85 4019 204 4086 terram]
242 4020 324 4072 Hanc
342 4032 394 4069 nos
413 4015 613 4084 scriptionem,
637 4020 666 4065 et
690 4031 723 4066 re
742 4021 771 4066 ot
795 4013 926 4064 virorum
950 4009 1100 4062 doctorum
1119 4014 1234 4061 senten·

84 4094 136 4146 tiis
153 4088 332 4163 ponderatis,
359 4086 556 4155 recipiendam
575 4084 718 4136 duximus.
756 4082 812 4135 Sed
828 4081 958 4151 primum
977 4078 1011 4131 de
1030 4078 1115 4132 libris
1134 4078 1234 4130 dicen·

83 4164 163 4218 dum.
201 4163 257 4214 Pro
281 4175 348 4210 num
372 4164 416 4210 est
440 4173 500 4208 cam
525 4156 556 4207 in
580 4152 649 4208 Cod.
674 4154 761 4207 Marb.
798 4153 904 4205 Vocem
928 4165 967 4201 aa
991 4147 1099 4204 babent
1117 4148 1232 4218 quidem

83 4233 166 4298 iibri,
191 4233 242 4285 sed
260 4246 327 4282 cum
346 4227 433 4280 facile
451 4225 582 4298 intelligi
606 4225 708 4292 possit,
736 4222 877 4292 quomodo
903 4220 1067 4289 irrepserit,
1092 4236 1155 4272 eam
1180 4217 1233 4271 eii-

85 4303 218 4358 ciendam
237 4301 371 4354 duximus
390 4315 456 4349 cum
473 4297 544 4348 Ern.
581 4293 694 4347 Absunt
711 4300 806 4345 autem
823 4291 910 4345 verba
927 4290 971 4343 sic
995 4297 1021 4342 el
1040 4290 1091 4343 lsoc
1108 4308 1125 4341 a
1143 4286 1232 4342 Codd.
1292 4308 1300 4323 ·

85 4377 165 4429 bion,
182 4379 206 4429 l.
226 4375 253 4428 2
279 4369 363 4422 vind.
387 4373 410 4421 1.
438 4365 528 4419 Rebd.
558 4363 632 4418 Gud.
659 4363 732 4416 Gud.
754 4367 779 4417 1.
798 4364 825 4417 2
852 4361 898 4414 Au
921 4399 927 4412 .
956 4361 1084 4432 quinque
1108 4358 1178 4411 Oxx.
1205 4362 1234 4407 ot

84 4445 154 4520 Reg.
192 4444 235 4497 Ea
253 4439 369 4494 uncinis
388 4437 509 4491 inclusit
526 4435 572 4487 Or.
593 4453 659 4488 oum
678 4453 705 4487 v.
725 4449 771 4498 aa,
789 4448 880 4502 paren
932 4431 957 4483 si
971 4439 1067 4485 autem
1086 4425 1234 4496 sequentia
