2828 5070
566 294 696 357 maun
717 294 758 366 11,
788 250 838 359 aa.
1215 298 1278 363 oar

124 459 306 542 cupiditate
333 461 500 522 honorum
527 459 667 542 loquaci
717 460 809 524 Quae
833 463 964 520 flemma
992 469 1053 537 est,
1088 481 1148 543 per
1180 481 1276 544 quam

123 564 190 604 non
203 551 429 606 cucurrerunt
441 545 476 616 ii,
500 545 557 626 qui
574 544 654 604 haec
666 544 744 605 olim
758 544 891 623 punctis
900 543 1041 686 sinpulis
1055 545 1275 629 colligebant?

120 626 235 708 Itaque
256 646 386 708 semper
409 628 586 688 Africanus
608 627 815 687 Socraticum
837 624 955 705 Xenop
980 633 1092 687 cutem
1114 628 1148 688 iu
1170 629 1275 690 mani·

122 711 181 771 bus
203 709 360 771 habebat:
385 713 479 770 cuius
501 711 536 770 in
558 712 675 791 primis
705 707 861 770 laudabat
886 707 980 784 illud,
1009 707 1097 790 quod
1125 709 1274 786 diceret,

120 794 242 855 eosdem
276 793 402 854 totores
434 813 498 855 nore
529 812 627 875 oeque
647 811 765 874 graves
797 811 864 854 esse
890 794 1078 872 imperatori
1105 801 1135 854 et
1167 793 1274 873 militi,

117 912 126 918 -
158 912 310 920 —------
627 912 639 921 .
679 911 1268 921 .-ψνηῇ--σοο-..ψ--ηψ

120 955 204 1024 plane
223 954 366 1007 librorum
385 954 569 1008 auctoritate:
589 972 684 1024 neque
703 973 770 1007 cum
790 954 957 1008 aelectione
966 953 1183 1017 concordarent,
1203 972 1275 1025 quae

120 1034 295 1095 sequuntur:
324 1025 371 1092 qai
397 1023 464 1078 boec
492 1026 560 1079 otim
582 1026 732 1095 punctis
759 1024 923 1094 eiogutie
941 1025 1119 1093 colligebant.
1158 1023 1214 1078 Sed
1234 1034 1276 1079 est

121 1113 274 1166 operarum
302 1098 422 1161 vitium,
460 1098 556 1166 qualia
585 1098 676 1151 multa
707 1116 742 1151 ex
771 1097 992 1168 repetitionibus
1023 1096 1217 1179 Lambinianis
1245 1096 1276 1149 in

121 1167 260 1290 {tlttt
279 1168 1096 1311 tttt.„lzztff⁰t:.t⁵{.{t¹ttt⁹¹.tttttt‘tfft‘alt
1123 1167 1189 1291 lt
1203 1185 1277 1292 {tlt

122 1257 207 1362 habet
226 1307 370 1363 bonorum.
407 1309 569 1364 Ediderunt
587 1321 682 1364 tamon
706 1314 842 1365 bonorum
882 1329 920 1382 ip.
941 1309 1025 1362 Schz.
1054 1318 1092 1375 et,
1120 1310 1196 1379 quod
1222 1311 1277 1361 mi·

123 1383 205 1445 reris,
224 1381 315 1433 Nobb.
344 1389 373 1434 et
391 1379 463 1432 Tbn.
495 1384 549 1434 Pro
568 1383 665 1451 loquar
685 1386 758 1436 lton.
780 1388 803 1439 1.
828 1381 914 1435 babet
941 1382 1054 1449 loquor:
1087 1380 1177 1434 idem:
1207 1395 1277 1451 quae

121 1454 218 1519 famu
237 1457 288 1505 eet.
328 1452 369 1504 Ad
392 1467 493 1504 vocem
519 1454 630 1517 tiammo
655 1456 682 1507 J.
701 1454 858 1530 Pagninus:
883 1457 1076 1524 μεταφορικῶς
1094 1451 1209 1504 nullum
1228 1469 1277 1523 pe-

122 1524 248 1576 riculum
267 1523 393 1575 recusari
412 1522 487 1575 dicit
502 1524 535 1577 ab
553 1525 720 1586 ambitiosis,
748 1526 816 1578 dum
835 1525 894 1577 voti
914 1533 1058 1594 compotes
1077 1524 1156 1575 liant.
1193 1523 1276 1577 Unde

121 1596 270 1669 eleganter
289 1595 440 1648 Sallustius
460 1593 556 1658 [catil.
576 1598 609 1648 X.
630 1596 669 1664 5.]
687 1596 812 1650 Ambitio
832 1595 932 1648 multoe
950 1597 1082 1649 mortales
1099 1595 1189 1660 falsos
1211 1595 1278 1661 {ieri

121 1666 232 1733 subegit
252 1674 306 1719 etc.
334 1667 386 1719 Est
404 1674 499 1718 autem
517 1668 697 1737 proverbiale
712 1685 766 1737 per
784 1668 924 1730 flamarum
942 1682 1063 1720 currere.
1084 1666 1171 1731 Quale
1189 1666 1276 1718 etiam

121 1748 163 1790 est
183 1738 258 1790 illud
276 1737 410 1791 Terentii
430 1737 515 1802 [Eun.
538 1741 580 1803 ta,
599 1742 626 1802 2,
645 1738 703 1805 38.]
723 1740 747 1790 E
766 1739 908 1803 stenima
924 1743 1018 1806 petere
1039 1743 1068 1791 te
1086 1735 1177 1790 cibum
1192 1752 1276 1805 poree

122 1809 258 1862 arbitror.
296 1810 334 1860 Et
354 1808 488 1891 ttoratius
514 1809 598 1881 [Epp.
619 1812 642 1863 1.
665 1815 687 1866 1.
708 1811 764 1877 aa]
787 1826 840 1879 per
865 1823 943 1862 more
964 1807 1128 1879 pauperiem
1152 1808 1275 1877 fugiens,

120 1896 173 1949 lm
190 1895 347 2020 bilabidbe
359 1881 697 2019 trabiecllctiliriwrunt]
723 1953 865 2007 Revocavi
882 1952 1071 2024 scriptionem
1090 1949 1275 2004 coddllebd.

123 2025 164 2076 lle
186 2062 192 2073 .
213 2021 286 2074 Gud.
309 2026 332 2076 l.
353 2024 379 2076 2.
400 2021 472 2096 Aug.
492 2022 589 2074 Duisb.
611 2022 685 2076 Gud.
706 2024 792 2076 Marb.
812 2023 934 2077 duorum
953 2025 1022 2076 Oxx.
1044 2040 1109 2076 cum
1123 2022 1194 2074 Edd.
1204 2021 1274 2074 Dav.

124 2103 154 2146 et
197 2093 255 2156 bn,
275 2093 442 2162 dictumque
461 2094 604 2160 existimo,
624 2097 704 2167 quasi
723 2104 858 2167 ponatur:
876 2112 929 2165 per
945 2096 1050 2148 nuttam
1068 2109 1122 2148 noo
1138 2093 1278 2158 dammam

71 2176 72 2181 ’
124 2170 325 2219 cucurrerunt:
357 2182 530 2234 quamquam
552 2167 646 2219 fateor
672 2184 728 2232 ma,
756 2167 781 2219 si
805 2166 910 2236 optimi
934 2167 1101 2219 addicerent
1124 2164 1204 2229 libri,
1230 2181 1278 2217 re-

124 2247 278 2308 cepturum
303 2237 389 2288 tuisse
409 2236 628 2289 coninua-tivum
655 2236 841 2303 cucurrerint,
867 2238 918 2307 qui
944 2246 987 2290 est
1004 2237 1043 2288 in
1067 2235 1199 2305 reliquis,
1219 2235 1277 2288 nisi

123 2309 198 2377 quod
217 2327 288 2360 unus
308 2308 357 2360 Ox.
377 2306 462 2359 habet
491 2318 698 2373 concurrerunt,
724 2309 779 2362 duo
805 2314 959 2374 currerent,
983 2326 1056 2360 unus
1082 2320 1278 2360 concurreren-

124 2385 181 2431 tur.
219 2381 273 2430 Pro
292 2376 359 2432 laec
377 2378 432 2429 duo
452 2379 519 2431 Oxx.
540 2377 599 2444 doc,
619 2380 671 2432 Ed.
691 2381 720 2431 P.
740 2377 794 2433 lic.
832 2380 891 2433 Mr.

193 2447 308 2502 Punctie
335 2448 471 2534 singulis]
491 2440 661 2533 'suffragiis
687 2469 759 2520 quae
778 2452 850 2504 olim
874 2452 989 2523 punctis
1014 2449 1198 2502 notabantur.
1235 2448 1278 2501 Ad

123 2521 667 2661 ‘³¹¹”⁶532:tt‘5t.355t{;t..32t2²t’
685 2522 1099 2665 tt.¹'tt.}t..³.⁴.³·..tt..
1123 2602 1152 2646 a
1172 2609 1278 2646 aa...

123 2664 213 2717 tiores
240 2664 274 2715 ad
298 2663 395 2715 locum
413 2663 526 2715 Horatii
548 2680 564 2715 a
587 2662 701 2716 Davisio
721 2665 880 2730 laudatum3
908 2674 1056 2737 praeterea
1084 2664 1223 2734 intarprr.
1244 2664 1279 2722 ad

124 2734 184 2787 Cic.
206 2736 252 2789 Or.
293 2750 326 2786 ro
344 2734 460 2785 Plancio
478 2735 522 2788 tt.
549 2751 602 2806 pro
630 2737 701 2788 lttur.
722 2739 765 2792 34.
804 2740 901 2789 Monet
925 2736 1070 2792 FAWolf.
1101 2736 1131 2788 in
1150 2734 1277 2789 Scholia:

126 2805 226 2869 „Ante
246 2753 364 2859 tabellas
383 2806 528 2858 institutas
547 2803 685 2881 suffragia
703 2808 736 2859 ad
755 2808 979 2877 uniuscuiusque
1006 2807 1147 2860 candidati
1172 2823 1278 2861 nomen

124 2877 240 3003 pompis
258 2875 694 3001 ab⁵irib⁹byinmriosih⁰lii³t³⁰
706 2879 856 3004 Hfigzatiimpi
868 2879 1022 3003 {spplicgio
1038 2877 1276 3000 talsadepthr
1298 2921 1305 2938 ‚

218 2963 286 3001 ocra
300 2964 373 3000 ecum
421 2964 452 3000 en
522 2965 595 3001 nem
612 2966 642 3003 m
659 2965 723 3004 man
771 2965 786 3003 e
822 2966 872 3003 oe
989 2965 1138 3003 ommena
1190 2963 1279 3002 ,icero

125 3019 323 3090 Xenophontis
342 3020 376 3072 de
395 2964 638 3091 Gyripdisciplina
655 3021 772 3085 librum,
792 2951 1113 3092 enrnqneiabmrtcano
1131 3028 1280 3089 nunquam

125 3093 159 3144 de
178 3092 308 3144 manibus
326 3091 396 3161 poni
415 3091 533 3143 solitum
552 3092 593 3144 ait
613 3092 644 3143 in
662 3092 716 3163 Ep.
737 3092 770 3144 ad
789 3093 819 3159 Q.
840 3091 889 3146 Fr.
909 3092 931 3144 l.
952 3094 978 3147 2·
998 3095 1024 3148 8.
1054 3091 1136 3144 (tons.
1163 3090 1218 3159 Ep.
1246 3089 1282 3142 ad

127 3164 234 3214 Famm.
255 3163 303 3213 1x.
324 3165 368 3218 25.
407 3162 514 3215 Laudat
531 3163 684 3216 litihnerus
702 3165 832 3219 Weiskii
850 3165 942 3217 Praei.
971 3163 1006 3217 ad
1023 3161 1153 3233 Xenoph.
1172 3162 1279 3230 Cyrop.

126 3253 153 3303 p.
175 3234 295 3286 CXXIV.
321 3241 351 3284 et
374 3234 409 3285 de
427 3233 579 3298 sententia,
607 3251 679 3303 quae
706 3235 847 3305 sequitur,
881 3234 1061 3289 Freinshem.
1089 3233 1124 3288 ad
1146 3231 1281 3285 Curtium

128 3307 189 3358 Vll.
209 3308 235 3360 3.
265 3309 307 3359 17.
336 3303 406 3356 Add.
431 3303 505 3378 Aug.
531 3303 595 3370 Mai.
620 3304 655 3357 ad
678 3305 736 3358 Cic.
764 3306 798 3359 de
822 3309 891 3377 llep.
919 3323 948 3376 p.
970 3309 1029 3362 11³.
1058 3305 1101 3358 ed.
1128 3312 1217 3357 nostr.
1248 3329 1280 3340 ·-

128 3376 219 3430 Verba
237 3375 268 3428 in
291 3376 417 3428 manibus
442 3376 542 3427 absunt
569 3376 601 3428 ab
626 3393 683 3429 uno
702 3377 753 3434 Ox.
790 3379 843 3431 Pro
872 3376 983 3431 eosdem
1007 3377 1083 3430 idem
1112 3375 1198 3428 habet
1225 3389 1279 3428 ece.

127 3450 161 3500 lu
181 3447 247 3500 Cod.
267 3446 364 3499 Duisb.
384 3446 496 3522 legitur
513 3445 550 3499 id
567 3445 701 3500 tarentas
719 3446 749 3500 in
765 3448 879 3516 primis.
904 3450 938 3502 ln
957 3466 1036 3534 seqq.
1057 3448 1142 3501 Oodd.
1161 3448 1232 3520 Reg.
1253 3454 1283 3499 et

128 3519 200 3572 Gud.
222 3524 246 3603 t.
267 3533 322 3602 nori
340 3533 416 3571 esee
433 3532 519 3587 aeque
537 3533 640 3584 grooee
658 3533 749 3584 eree,
768 3520 817 3572 sed
837 3521 867 3572 in
885 3520 954 3594 Reg.
973 3537 1057 3590 prius
1074 3534 1136 3604 eece
1155 3518 1189 3571 ab
1209 3517 1283 3601 eius-

126 3588 739 3732 {33.¹¹ltlt.2”ttt.t⁹¹ttttitt}
758 3606 824 3715 tt?
832 3591 903 3716 ¹331.
920 3590 1157 3733 {timet
1170 3605 1285 3714 ‘tte

127 3733 177 3785 Ox.
198 3738 282 3802 atque
300 3750 353 3802 pro
372 3747 465 3804 oeque.
504 3731 546 3785 De
564 3733 779 3786 constructione
797 3748 884 3803 aeque
902 3760 935 3772 ·-
954 3739 981 3786 et
1007 3734 1038 3784 vi
1060 3772 1065 3785 .
1087 3733 1191 3786 Handii
1209 3730 1285 3783 Tur·

127 3804 223 3855 sellin.
243 3805 266 3857 l.
286 3822 314 3888 p.
337 3807 395 3860 19⁰.
417 3834 449 3846 -
470 3804 538 3857 Ood.
558 3803 631 3880 Aug.
657 3801 744 3857 hebet
765 3805 895 3858 tectorem
912 3804 1044 3869 laborem,
1071 3820 1144 3857 unus
1163 3804 1213 3856 Ox.
1243 3801 1285 3856 itt·

128 3875 221 3928 dorem
239 3875 380 3928 lentorem.
419 3875 479 3928 Mr.

200 3945 325 3999 laborem
342 3947 473 3999 leviorem
490 3948 597 4012 taceret
616 3943 894 4014 imperatorum]
914 3944 1195 4014 „ImperatoriumG
1253 3944 1283 3997 li.

128 4036 185 4071 non
205 4017 311 4070 male.“
330 4018 446 4070 Brutus.
486 4017 727 4084 „imperatorium
752 4019 860 4072 Victor.
881 4018 951 4071 Pell.
978 4026 1047 4070 tert.
1077 4018 1171 4086 quint.
1197 3961 1284 4070 l'yabr.

128 4090 202 4144 Pith.
224 4089 297 4140 mihi
317 4096 413 4141 tamen
432 4090 523 4164 magis
541 4089 636 4158 placet
655 4090 752 4158 quarti
771 4090 927 4160 scriptura,
951 4088 1082 4143 leuiorem
1102 4090 1209 4154 faceret
1232 4088 1290 4141 tm:

127 4158 269 4231 peratori.
294 4160 382 4235 vulgo
410 4159 645 4228 iniperoromorf‘
671 4158 754 4214 cett.
779 4163 814 4215 ln
839 4160 892 4214 Ed.
912 4163 938 4217 t.
958 4161 1027 4213 Dav.
1053 4160 1145 4214 edidit
1161 4160 1287 4227 imperc-

130 4237 189 4288 tori
215 4252 251 4287 ex
269 4233 325 4285 Pal.
346 4240 440 4301 quart.
468 4240 497 4284 et
520 4231 629 4284 Elicns.
655 4231 828 4300 praesertim
853 4249 919 4284 cum
944 4232 976 4284 in
1000 4232 1197 4301 Xenophontis
1222 4230 1287 4282 loco

131 4303 169 4372 [q.
190 4324 216 4356 v.
239 4307 269 4355 in
286 4305 320 4369 ej.
341 4303 419 4370 ann]
436 4304 474 4356 sit
492 4306 530 4368 τῷ
548 4301 670 4373 ἄρχοντι.
711 4301 824 4365 Merito,
847 4303 887 4354 ait
910 4303 1012 4368 Βοιὼ,
1038 4304 1205 4356 restitutum
1230 4315 1287 4352 esse

130 4394 146 4426 a
165 4375 233 4425 Dav.
264 4377 295 4427 in
308 4377 373 4429 Ed.
395 4379 420 4430 3.
449 4372 675 4445 imperatorium,
704 4372 781 4443 quod
804 4374 969 4427 confirmari
997 4373 1070 4428 dicit
1097 4373 1131 4426 ab
1158 4370 1288 4427 omnibu

131 4447 194 4498 tere
214 4445 299 4499 Codd.
321 4462 496 4519 quemquam
513 4447 569 4502 duc
588 4444 667 4501 haid.
688 4444 809 4500 habeant
827 4443 1039 4516 imperatorum·
1080 4445 1138 4500 Mr.
