2828 5070
565 312 697 379 LIBER
716 312 760 386 ΙΙ.
789 311 838 379 16.
899 321 906 332 ’
1217 311 1279 379 bii

128 485 280 554 habeant,
302 481 412 544 vides:
433 479 565 558 deindo,
588 484 645 563 qni
667 481 777 558 labor,
797 484 832 540 et
852 487 993 558 quantus
1006 475 1166 562 agminiss
1187 483 1279 542 ferre

130 615 137 622 ι
148 608 333 621 ι-ω--ι-αο--ὴ-

126 671 275 745 Agellium
294 670 343 721 lib.
366 669 388 719 1.
415 685 476 738 cap.
495 668 541 719 XI.
580 669 737 720 Maximum
755 665 879 735 Tyrium
897 665 971 718 Diss.
991 666 1129 730 XXXVII,
1148 668 1172 722 6.
1212 667 1279 718 Piu-

127 742 261 796 sarchum
293 739 374 793 Tam.
391 740 438 793 11.
465 757 531 814 pag.
564 742 627 805 456,
654 743 733 795 1140.
769 739 894 804 deniquo
918 739 1078 791 oudinum
1107 738 1143 791 da
1175 737 1275 793 Saltat.

126 814 208 868 Tam.
229 813 252 865 1.
282 829 347 886 pag.
368 815 428 866 iso.
464 812 501 863 o.

198 902 339 957 Militiam
357 916 422 952 sero
448 896 515 1022 stop
550 898 685 964 „Durior
711 904 754 949 est
777 898 956 951 constructio
978 895 1115 952 mititiam
1139 904 1194 952 etc.
1224 912 1280 950 uec

127 988 199 1027 vera
224 975 254 1025 in
285 973 369 1024 libris
399 970 488 1039 alloni
538 969 690 1022 subsidii.“
715 969 855 1034 FAWots.
909 968 988 1034 „Sed
1015 977 1113 1024 tamen
1144 969 1280 1021 mititiam

126 1053 255 1115 praestat
273 1044 403 1095 rnilitiae.
443 1041 522 1094 lliud
538 1041 653 1110 quidem
671 1046 736 1108 post
758 1043 944 1110 parenthesin
964 1058 996 1096 eo
1015 1044 1107 1117 magis
1126 1040 1280 1115 negligere

128 1116 183 1170 sibi
202 1116 292 1167 licere
320 1114 499 1168 existimavit
519 1114 630 1173 Cicero,
658 1112 726 1180 qnia
754 1113 877 1183 quodam
900 1115 1082 1165 attractionis
1106 1126 1213 1188 genere
1232 1126 1280 1163 co-

127 1188 229 1239 haeret
253 1203 318 1238 cum
345 1192 470 1236 nostram
494 1186 566 1237 dico.
615 1183 695 1236 Addo
719 1180 748 1235 h.
779 1186 797 1237 l.
825 1185 943 1237 Lusacii
968 1185 1173 1237 coniecturam
1205 1180 1280 1250 apud

128 1253 296 1312 Santonium
316 1256 350 1308 ad
369 1255 576 1308 Terentianum
596 1271 624 1324 p.
645 1259 692 1309 ii:
720 1256 844 1309 Militiae
863 1272 929 1308 cero
949 1284 981 1298 -
1001 1283 1035 1298 -
1053 1255 1177 1307 hortatio
1195 1253 1281 1305 nosti·

127 1328 267 1382 sancitus
286 1328 361 1381 etc.“
382 1325 469 1380 Orelt.
507 1328 669 1393 „Militiam
686 1344 769 1381 ocra.-
788 1359 820 1370 -
839 1328 943 1382 Rectes
967 1329 1136 1380 referantur
1154 1325 1227 1376 haec
1245 1288 1280 1375 ad
1310 1384 1313 1389 ,

128 1400 262 1469 superins
281 1399 399 1460 (militia
418 1399 451 1450 t‘rt
465 1401 633 1463 stuatosum,
653 1400 701 1451 ubi
720 1400 851 1451 nominat
870 1398 1012 1450 mititiam.
1037 1400 1118 1450 Hanc
1132 1396 1279 1457 utitinam,
1315 1405 1321 1415 ’

126 1472 177 1522 hic
197 1474 327 1533 resumit,
357 1486 445 1540 quum
464 1472 540 1535 dico,
571 1486 627 1522 non
653 1472 736 1523 illam
760 1469 930 1538 Spartanam
949 1470 1023 1534 dico,
1052 1469 1101 1522 sed
1120 1464 1281 1520 nostram.“

127 1542 265 1594 Reisiius.
299 1543 351 1594 Vel
369 1558 415 1593 me
434 1556 492 1594 non
511 1547 648 1594 monente
667 1542 747 1595 vides
761 1541 833 1593 haec
853 1541 942 1593 nihili
960 1558 1029 1593 esse·
1041 1567 1075 1577 -
1093 1538 1278 1592 Bouhierinss

127 1615 224 1676 nimis,
245 1613 360 1683 cupide,
380 1621 413 1664 ut
431 1615 556 1675 videtur,
582 1614 717 1666 Davisius
736 1609 886 1683 amplexus
906 1618 948 1665 est
967 1610 1111 1664 Gronorii
1130 1612 1280 1663 coniectu·

127 1701 189 1736 ram
206 1686 337 1751 procedit
355 1696 435 1735 niara
453 1687 492 1737 ad
510 1685 620 1746 tibiam,
655 1701 829 1755 quamquam
856 1700 916 1737 eam
942 1685 1124 1759 ingeniosam
1143 1699 1202 1734 esse
1221 1694 1281 1733 non

127 1773 208 1829 nego.
247 1757 318 1808 Cum
338 1774 412 1807 unius
432 1755 500 1807 cua.
523 1754 655 1811 Cantabr.
676 1756 808 1808 exhibeat
824 1755 951 1823 procedit
970 1754 1091 1805 arodus
1115 1754 1153 1804 ad
1171 1753 1279 1814 tibiam,

126 1843 225 1878 veram
245 1828 312 1879 inde
332 1827 490 1879 lectionem
509 1828 623 1896 reperi:
656 1843 771 1894 qnorum
794 1826 923 1894 procedit
951 1830 1066 1877 neotus
1089 1825 1127 1876 ud
1145 1823 1280 1875 tibiam.“

127 1899 248 1949 hleliors
279 1900 341 1949 iure
366 1897 570 1950 Lallumannus
596 1900 730 1965 cupidius
756 1898 900 1966 recepisse
924 1897 982 1949 dici
1008 1902 1105 1965 potest
1129 1888 1281 1947 Bouhierii

128 1968 336 2029 coniecturam,
357 1985 442 2037 quiam
462 1970 572 2038 scripto
591 1968 683 2022 codici
702 1968 800 2021 deberi
823 1982 976 2039 perperam
995 1967 1045 2018 ait.
1083 1964 1157 2032 Quid
1181 1966 1280 2018 enim?

126 2055 163 2090 an
182 2055 307 2106 unquam
329 2041 457 2092 scribere
475 2041 572 2109 potuit
592 2038 710 2092 Ciceros
737 2038 940 2108 Spartanorum
964 2045 1077 2090 motus
1107 2035 1282 2105 procedit

125 2112 165 2161 ad
182 2109 301 2161 tibiam!
328 2108 446 2163 Praeter
463 2111 543 2163 hunc
561 2118 590 2162 et
609 2111 764 2175 Olivetum,
794 2120 861 2180 post
886 2109 954 2163 Dav.
980 2125 1079 2161 omnes
1104 2108 1282 2178 receperunt

125 2197 215 2233 mora·
254 2180 385 2234 Olivetus
405 2190 499 2235 autem
521 2199 586 2234 cum
605 2182 742 2235 Larnbino
763 2183 885 2250 scripsit
903 2182 941 2232 ad
958 2181 1075 2232 rnodunt·
1109 2178 1193 2233 Solus
1212 2178 1283 2230 Nis-

127 2271 185 2305 sen.
207 2254 237 2304 in
258 2252 341 2304 Curis
362 2254 535 2307 Novissimis
557 2270 664 2305 novum
686 2254 757 2322 quid
775 2253 885 2313 attulit,
915 2252 1042 2304 scribens
1061 2268 1088 2319 p.
1110 2255 1158 2305 52:
1186 2251 1282 2315 „For⁴

123 2332 209 2386 tasse,
229 2327 320 2398 signis
340 2326 546 2392 parentheseos
566 2325 678 2388 deletis,
700 2325 848 2377 lenissima
866 2323 938 2376 haec
956 2324 994 2375 sit
1014 2323 1194 2375 emendatio:
1219 2317 1283 2371 Mt·

125 2393 218 2447 titiam
237 2395 303 2446 iam
322 2412 387 2448 sero
407 2401 533 2448 nostram
553 2392 625 2458 dico,
645 2413 696 2448 non
716 2397 939 2463 Spartiatarum,
961 2411 1078 2461 priorum
1096 2393 1149 2457 (sc.
1171 2392 1282 2443 militia

126 2466 145 2516 i.
164 2484 188 2517 e.
211 2466 332 2528 milites)
358 2469 487 2532 procedit
513 2466 661 2530 admodum
684 2467 721 2530 (i.
741 2484 765 2518 e.
785 2466 916 2536 prorsus)
937 2467 974 2517 ad
991 2464 1122 2517 tibiarn.“
1152 2463 1283 2538 Egregia

127 2537 257 2588 scilicet!
290 2539 343 2588 Vir
362 2538 461 2590 doctiss
489 2539 519 2589 in
541 2557 632 2612 suarg.
652 2540 721 2593 Ven.
742 2539 838 2589 Alteri
857 2536 892 2589 ad
911 2557 937 2589 v.
959 2535 1108 2589 admodum
1126 2530 1282 2602 adscripsit

127 2607 228 2658 aliter:
256 2623 364 2673 agonen.
404 2609 495 2660 Possit
519 2607 576 2659 hoo
600 2607 696 2661 videri
726 2626 761 2661 ex
787 2608 840 2659 Ed.
867 2607 963 2662 hamb.
988 2607 1179 2675 desumptum.
1224 2603 1281 2657 Sed

126 2679 222 2729 Larnb.
243 2693 301 2730 non
326 2677 422 2733 dedit:
456 2680 582 2745 procedit
602 2695 701 2747 agmen
720 2682 758 2732 ad
776 2677 885 2744 tibiam,
912 2679 975 2732 sed:
1004 2678 1133 2746 procedit
1154 2689 1282 2742 agmen

126 2751 169 2801 ad
192 2751 342 2814 aradium,
370 2753 409 2802 ad
435 2751 544 2802 tibiam.
581 2747 624 2804 De
642 2767 721 2804 mora
744 2751 1032 2803 bacsdaemoniornm
1053 2749 1111 2801 vid.
1139 2750 1280 2817 interprr.

125 2821 160 2872 ad
180 2818 268 2872 Corn.
288 2822 362 2889 Nep.
383 2821 494 2891 iphicr.
508 2822 544 2873 11.
565 2826 590 2876 3.
607 2841 634 2891 p.
652 2826 703 2877 371
723 2824 765 2874 ed.
786 2822 892 2874 burdii.
914 2822 979 2886 maj.
1001 2839 1028 2876 v.
1049 2822 1134 2873 etiam
1154 2819 1281 2872 Passovii

124 2893 192 2944 Lex.
214 2890 264 2943 Gr.
302 2890 406 2944 Exstat
434 2895 519 2946 etium
548 2893 679 2946 Prolusio
710 2894 745 2944 G.
772 2892 807 2945 11.
833 2894 962 2946 hiartinii
991 2891 1034 2945 De
1066 2891 1280 2959 Spartiatarum

123 2965 211 3016 blora.
232 2964 339 3016 Ratisb.
362 2968 439 3019 1771.
461 2982 545 3034 quam
565 2964 639 3016 mihi
658 2965 804 3034 inspicere
828 2981 886 3017 non
906 2965 1039 3038 contigit.
1078 2963 1138 3015 Mr.

195 3069 244 3106 trec
262 3051 410 3105 adhibetur
428 3055 488 3105 ulia
506 3053 567 3107 siue
585 3054 748 3122 anapaestis
763 3056 881 3121 pedibus
901 3050 1057 3116 bortatia:]
1087 3051 1183 3103 valer.
1206 3051 1279 3102 trax.

125 3122 162 3174 ll.
184 3128 208 3177 6.
229 3127 260 3177 2:
285 3124 570 3177 Lacedaemoniorum
589 3127 728 3178 caercitus
746 3143 797 3177 nim
817 3132 882 3178 ants
901 3126 939 3179 ad
957 3123 1149 3176 dimicandum
1169 3122 1281 3173 descen-

125 3194 190 3245 dere
209 3195 344 3253 soiebant‚
366 3211 445 3261 qumn
466 3197 552 3249 tibiae
572 3204 699 3249 coricentu
719 3202 744 3247 et
764 3197 913 3264 anapaesti
929 3197 1011 3263 pedis
1030 3193 1139 3246 rrraduio
1152 3189 1281 3244 cotona-

125 3265 210 3315 iionis
229 3265 350 3316 calorem
374 3267 467 3318 animo
493 3268 662 3332 traxissent,
689 3274 786 3336 uegeto
815 3276 839 3319 et
860 3268 957 3320 crebro
985 3268 1057 3320 ictus
1082 3280 1150 3316 sorio
1170 3272 1282 3316 strenue

124 3333 228 3386 hostem
249 3336 385 3388 incudere
405 3339 551 3393 admoniti.
589 3339 633 3391 Ad
652 3357 738 3408 quem
758 3340 853 3391 locum
881 3338 940 3391 rid.
961 3354 1032 3407 quos
1052 3335 1170 3389 laudant
1189 3335 1283 3387 inter.

122 3413 220 3527 pratee
246 3406 277 3458 in
303 3406 355 3462 Ed.
378 3406 515 3461 Torrenii
564 3449 569 3460 .
592 3411 652 3464 167.
678 3405 768 3473 (oeta
790 3413 866 3466 1776.
888 3412 928 3474 t.)
953 3410 1037 3462 conf.
1065 3413 1218 3478 praeterea
1245 3404 1282 3459 de

145 3494 177 3528 ac
203 3494 236 3530 re
260 3475 465 3532 Thierschium
492 3482 522 3531 in
575 3482 621 3534 iss.
649 3482 683 3533 de
714 3479 865 3534 Gnomicis
891 3480 1073 3534 Carminibus
1100 3477 1281 3530 Graecorum

122 3550 151 3603 P.
179 3555 288 3617 poster.
319 3568 390 3620 quas
416 3559 458 3603 est
483 3552 514 3602 in
539 3552 616 3604 Acts.
644 3551 762 3605 Philolt
791 3555 915 3615 hionacc,
942 3550 993 3604 111.
1024 3554 1049 3606 4.
1077 3549 1145 3634 ibicp¹
1166 3566 1194 3618 p.
1216 3548 1277 3602 647.

121 3614 285 3689 Thucydid.
307 3621 338 3672 V.
359 3624 400 3676 to.
439 3621 548 3675 Madet
566 3622 689 3675 Neidius
707 3623 741 3675 ad
759 3623 788 3675 h.
809 3622 830 3674 1.
850 3642 967 3676 versum
987 3627 1202 3692 anapaesticum
1220 3617 1283 3672 hun

113 3689 276 3754 ‚facientem
298 3710 332 3745 ex
350 3692 581 3762 Hephaestione:
596 3689 678 3761 ”Apri
699 3690 721 3749 d
741 3692 828 3760 [susle
840 3693 935 3751 Kiihn.
956 3691 1056 3760 ἀγέτω]
1075 3695 1203 3759 Σπάρτας
1218 3692 1280 3741 ἕνα·

121 3763 184 3811 rrios
202 3764 297 3831 κοῦροι
315 3767 379 3816 nori
397 3767 448 3816 τάν
461 3766 562 3833 Ἄρεως
580 3774 696 3818 airaon.
722 3783 750 3836 p.
770 3769 813 3823 to.
840 3766 881 3821 ed.
902 3767 937 3819 de
956 3764 1051 3819 Pauw.
1071 3760 1149 3826 Trai.
1171 3761 1205 3813 ad
1223 3759 1277 3812 tth.

119 3833 199 3886 1726.
219 3835 244 3886 t.
283 3834 370 3885 Addit
389 3834 435 3887 Or.
456 3835 578 3890 Frankii
599 3837 704 3889 Callia.
723 3856 753 3908 p.
772 3840 840 3893 200:
874 3837 925 3905 qui
950 3854 1016 3890 cum
1042 3833 1077 3887 ad
1101 3850 1202 3884 suanus
1221 3848 1280 3885 non

120 3903 169 3959 sit,
197 3902 317 3956 laudabo
343 3905 451 3958 librum
479 3905 645 3960 Thierschii
671 3907 691 3962 l.
719 3926 743 3959 c.
771 3927 799 3978 p.
820 3909 880 3963 446.
910 3907 959 3959 ubi
987 3907 1065 3959 idem
1091 3903 1205 3974 opinor,
1233 3908 1279 3956 est

119 3971 284 4040 ἐμβατηρίων
304 3977 518 4049 fragmentum:
539 3980 635 4047 uper,
660 3975 681 4030 ui
700 3981 827 4049 Σπάρτας
851 3979 985 4041 abiiciens,
1010 3976 1134 4046 iKocipos
1152 3974 1280 4044 πατέρων

119 4046 274 4113 suavique,
309 4049 373 4114 λαιᾷ
395 4050 448 4110 μὲν
466 4053 525 4103 icor
548 4052 751 4118 προβαλέσθαι·
765 4051 769 4118 Ι
785 4053 855 4121 dopo
873 4048 1035 4118 d'a’naipas
1053 4050 1205 4110 nanturra,
1221 4050 1225 4107 Ι
1239 4048 1278 4113 μ’)

119 4118 280 4184 φειδόμενοι
297 4119 345 4178 τῆς
364 4117 467 4187 ζωᾶς]
488 4120 526 4172 Οὐ
545 4125 600 4191 γὰρ
626 4126 743 4189 πάτριον
761 4128 808 4184 τᾶς
827 4123 963 4185 Σπάρτας.
1001 4122 1033 4173 ln
1057 4119 1124 4174 cna.
1155 4119 1228 4170 blon.
1248 4119 1278 4171 2.

120 4189 259 4271 scribitur
279 4187 429 4242 adhibetur
447 4207 501 4245 nec.
524 4192 599 4248 Gud.
619 4195 644 4248 1.
666 4195 779 4246 omittit
796 4196 861 4250 atta.
889 4191 961 4246 Edd.
981 4192 1007 4247 S.
1028 4192 1062 4244 E.
1082 4189 1189 4242 habent
1208 4202 1279 4240 ana-

115 4260 1276 4406 certissimae..acrotomi-.adrisit-..sastatsuz

121 4398 272 4465 atisuapar
300 4403 518 4462 Commendo
536 4409 592 4462 bai
611 4408 679 4464 den
697 4408 870 4482 Truppen
889 4409 960 4463 und
978 4411 1166 4462 histrosen
1184 4397 1277 4453 nach

118 4468 194 4521 dem
217 4469 315 4524 Tact.
352 4477 411 4527 Mr.
822 4496 825 4501 ·
