2828 5070
506 313 674 392 LIBERI,
701 315 754 382 dd.
1154 321 1218 387 363

143 474 258 559 It'e'qae
279 480 339 542 arei
361 487 393 542 te
413 477 557 546 miseret:
580 500 687 562 sarge,
709 491 741 544 et
761 479 862 559 se‘pets'
882 491 1001 562 natam,
1022 505 1081 548 oro
1103 514 1143 529 -

60 560 171 639 (Haec
192 583 294 643 quam
315 565 439 644 pressis
460 572 495 625 et
522 564 690 626 flebilibus
716 565 835 638 modis,
872 569 929 648 qai
959 569 1041 631 totis
1073 569 1216 632 theatris

59 649 262 707 maestitiam
284 648 442 726 inferant,
471 649 708 726 concinantur,
735 647 876 712 difficile
897 659 1037 714 estnon
1059 671 1125 726 eos,
1158 654 1217 735 qai

58 727 227 790 inhumati
248 738 337 808 sunt,
359 732 497 794 miseros
519 729 701 809 iudicares)

165 915 272 982 Mattr,
292 919 320 968 te
338 917 456 986 appetis,
483 919 524 982 ti,
552 932 621 986 qaae
640 932 735 972 euram
753 920 849 973 sanna
867 920 1031 990 suspensius
1058 921 1149 976 terrase
1175 921 1218 978 sl·

857 1001 967 1045 terum:

166 1057 261 1128 Neque
279 1062 307 1113 tt
324 1059 380 1112 mei
398 1058 562 1113 miseretur.-
588 1077 674 1129 sarge
693 1068 719 1114 et
736 1064 825 1130 stpetr‘
852 1071 949 1117 natum
969 1067 1046 1119 susm
1064 1093 1099 1103 -
1116 1064 1218 1120 Prias-

683 1150 763 1203 quam
782 1137 862 1201 ferae
879 1136 1065 1208 columesque.
1087 1169 1121 1180 -
1156 1137 1216 1192 Mr.

129 1201 224 1271 Neque
242 1202 308 1255 mei
326 1210 359 1256 te
376 1202 504 1267 miseret3
529 1221 616 1273 surge
635 1205 770 1273 strepeti
791 1214 894 1273 natam,
914 1225 978 1262 oro
997 1207 1047 1276 -]
1082 1211 1127 1262 lta
1150 1207 1217 1263 dedi

59 1291 95 1326 ex
111 1273 243 1326 vestiariis
262 1275 396 1344 antiquae
415 1275 592 1346 scriptionis,
613 1294 698 1346 quarn
717 1279 844 1330 servavit
863 1279 946 1332 nobis
962 1278 1038 1334 Acro
1061 1279 1215 1333 adflorat.

58 1342 80 1394 l.
101 1361 125 1397 c.
145 1320 204 1397 ubi'
219 1353 261 1398 est
288 1362 394 1399 sorar
411 1362 513 1414 sarge.-
550 1348 636 1418 quod,
664 1364 732 1402 cuin
751 1366 812 1401 eam
830 1349 972 1404 allocutus
1000 1352 1038 1405 sit
1056 1351 1139 1405 modo
1158 1368 1217 1407 ms-

55 1423 146 1480 trem,
165 1425 239 1469 stare
258 1433 315 1470 non
355 1418 441 1482 otuit‚
466 1426 495 1470 et
523 1435 558 1471 ex
581 1418 707 1496 genuina
730 1420 888 1492 scriptione
917 1422 1028 1476 factum
1046 1422 1164 1476 videtur
1181 1421 1216 1478 ab

56 1486 166 1557 aliquo,
191 1489 241 1556 qui
260 1436 435 1559 Polyiorum
452 1488 534 1558 loqui
553 1489 694 1556 crederet,
713 1490 842 1545 Jlionsm
861 1491 1042 1547 excitantem.
1073 1492 1217 1549 Emenda-

56 1558 167 1611 tionem
187 1559 319 1612 debemus
337 1559 501 1613 Bouhierio.
539 1562 665 1632 Recepto
691 1562 779 1615 verbo
806 1580 871 1616 are
894 1563 1001 1618 desinit
1029 1565 1118 1619 etiam
1136 1564 1216 1618 claa-

57 1629 154 1683 dicare
173 1648 282 1695 versus,
301 1632 325 1683 si
344 1631 485 1685 addideris
504 1631 641 1687 ultimum
659 1633 760 1702 pedem
779 1651 814 1688 ex
832 1653 911 1706 seqq.
928 1631 1025 1702 prius,
1053 1654 1147 1720 neque
1165 1652 1216 1689 ne-

57 1701 213 1755 cessarium
232 1711 284 1766 est,
312 1703 374 1758 sine
393 1703 565 1758 auctoritate
583 1704 681 1778 legere
709 1722 775 1757 cum
793 1705 886 1759 Bentl.
915 1715 943 1758 et
962 1706 1043 1760 Grot.
1063 1714 1217 1762 meteretur

57 1780 87 1824 et
106 1773 208 1826 addere
227 1773 313 1827 tuam:
342 1775 426 1828 Vind.
446 1777 471 1828 2.
491 1774 576 1826 habet
594 1793 651 1828 nec.
689 1776 743 1829 Pro
761 1775 864 1830 meite
902 1776 1004 1831 lurimi
1024 1783 1050 1830 te
1067 1777 1133 1832 rnes'.
1160 1776 1216 1834 sed

57 1841 134 1895 illud
152 1844 258 1897 habent
277 1846 351 1899 Gud.
372 1849 397 1900 2.
417 1845 514 1898 Duisb.
535 1845 625 1900 Gerh.
645 1848 690 1899 Jo.
700 1847 814 1900 Vossius
832 1849 867 1900 ed
875 1796 980 1922 isagg.
993 1848 1055 1902 Lat.
1065 1849 1213 1924 Frsgrnm.

57 1931 87 1984 p-
108 1917 151 1970 32.
173 1916 317 1971 FAWolf.
338 1916 423 1971 Schz.
459 1917 501 1972 De
520 1916 735 1971 constructione
754 1927 853 1971 monet
872 1918 970 1971 Oeder.
991 1918 1022 1971 in
1035 1919 1129 1991 Epist.
1140 1919 1213 1973 orit.

57 1989 151 2067 pum·
171 1987 349 2062 pergendum
367 1989 454 2041 tuisse
472 1987 507 2042 ad
524 1989 742 2072 grammaticam
761 1991 890 2050 σύνταξιν
906 2005 999 2074 'qaam
1018 2005 1058 2075 ae⁸
1079 1989 1139 2045 mes'
1159 2006 1215 2046 nats

58 2064 192 2110 miseret:
218 2058 313 2113 laudat
336 2069 433 2113 sutem
459 2060 639 2113 consimilem
671 2059 768 2114 locum
792 2061 914 2116 Phaedri
939 2061 978 2114 11.
1029 2061 1082 2132 psl.
1113 2065 1148 2119 16
1170 2080 1215 2146 σᾳ.

57 2127 189 2184 Sinistra
209 2146 292 2200 quos
310 2130 341 2184 in
360 2132 448 2185 tricem
467 2138 572 2184 natura
600 2132 707 2195 estatit,
736 2131 961 2205 necquicquam
985 2139 1137 2201 poseant
1156 2132 1214 2188 ns'ss

56 2201 189 2256 meliores
208 2218 340 2270 carpere.-
358 2203 408 2255 ubi
427 2202 484 2255 vid.
505 2204 699 2257 Burmannum
717 2204 747 2255 in
767 2204 874 2258 Corma.
895 2219 968 2257 novo
986 2221 1015 2275 p.
1037 2206 1088 2260 136
1106 2222 1148 2287 “t-
1169 2203 1213 2261 ed.

56 2273 155 2327 Mitav.
176 2273 314 2327 Schwabe
334 2274 377 2338 (in
395 2274 448 2329 Ed.
469 2274 532 2327 Hel.
555 2275 644 2339 1279.)
663 2293 690 2344 p.
711 2275 771 2330 2θᾶ
809 2272 854 2328 Ad
872 2276 994 2327 formam
1022 2275 1159 2329 orationis
1183 2294 1212 2329 r.

56 2347 201 2398 Mareotae
229 2345 411 2411 Quaestionn.
439 2345 675 2400 Lucullianarum
694 2346 725 2398 1..
746 2344 799 2398 111.
823 2363 851 2417 p.
872 2347 933 2401 208.
966 2344 1116 2399 Nissenius
1134 2345 1156 2398 l.
1176 2362 1213 2413 c.‚

56 2423 90 2469 ut
108 2434 206 2469 versus
224 2417 274 2468 fiat
293 2418 417 2494 integer,
437 2424 500 2487 post
519 2414 632 2469 miseret
650 2415 715 2468 addi
733 2414 847 2468 volebat
865 2415 929 2470 sede
958 2431 1015 2486 quo
1037 2415 1129 2477 nihil,
1141 2425 1214 2472 esset

58 2487 91 2541 in
109 2496 194 2558 poeta
211 2487 385 2562 languidius.
423 2488 483 2541 Me.

127 2560 205 2614 Haec
229 2577 310 2629 paam
332 2557 443 2628 pressis
468 2563 495 2612 et
518 2557 657 2622 flebilibus
681 2555 785 2625 modis]
821 2556 896 2612 Gad.
921 2562 948 2611 et
973 2555 1049 2613 daec.
1087 2559 1141 2613 Per
1200 2566 1215 2612 t

56 2648 130 2684 unus
155 2632 205 2684 Ox.
232 2631 305 2684 Gud.
327 2634 351 2685 2.
381 2629 470 2684 Rehd.
498 2629 571 2705 Aug.
591 2628 662 2684 Eud.
683 2647 751 2700 quas
769 2628 865 2682 Reisk.
886 2629 1022 2694 contulit,
1049 2628 1119 2683 Ven.
1159 2631 1212 2687 .2

56 2703 86 2755 P.
107 2703 140 2755 A.
159 2705 191 2757 B.
211 2711 274 2754 tum
293 2704 362 2754 Ven.
384 2711 471 2753 nostr.
492 2699 556 2753 Asc.
578 2703 602 2758 l.
622 2702 648 2756 2.
668 2700 748 2752 Junt.
769 2699 946 2769 compressis.
967 2702 1001 2755 In
1012 2700 1085 2754 Gud.
1098 2705 1122 2757 l.
1138 2700 1213 2757 Gud.

56 2773 144 2826 Marb.
166 2792 222 2827 uno
242 2775 292 2827 Ox.
313 2782 355 2826 ost
371 2772 525 2840 pressisset
542 2788 596 2842 pro
611 2772 721 2840 pressis
746 2777 782 2836 et,
811 2773 842 2825 in
860 2771 956 2829 Daisb.
979 2771 1153 2840 planxisset:
1182 2772 1215 2826 in

56 2845 141 2897 Vind.
164 2852 187 2902 l.
209 2844 403 2913 expressisset,
423 2854 451 2897 et
470 2843 501 2895 in
521 2861 610 2918 marg.
631 2842 780 2910 expressis.
800 2843 881 2897 Unus
900 2843 949 2895 Ox.
967 2842 1133 2911 pressisset.
1170 2842 1216 2898 Ad

57 2935 85 2967 v.
105 2917 213 2983 pressis
232 2918 381 2970 annotavit
398 2915 582 2969 Bouhierius:
603 2914 649 2979 ,‚i.
670 2931 694 2967 e.
714 2914 797 2968 teretis
817 2912 958 2991 [adagio],
978 2914 1080 3037 gaules
1098 2915 1215 2969 numeri

57 2988 189 3040 tristibus
209 2998 238 3042 et
258 2990 387 3059 querulis
405 2985 553 3040 affectibus
572 2994 753 3059 congruunt.
783 2985 843 3038 Cic.
864 2984 898 3039 dc
922 2986 959 3037 N.
1006 2985 1071 3038 .11.
1092 2988 1141 3042 59:
1170 3002 1216 3039 so·

57 3075 107 3110 nos
126 3061 202 3113 vocis
221 3060 372 3113 distinctos
391 3066 419 3112 et
435 3073 557 3128 pressos.
595 3057 637 3109 De
656 3057 703 3110 Or.
723 3058 775 3110 111.
797 3058 842 3110 12:
859 3071 966 3124 presse,
985 3055 1169 3123 aequabiliter
1187 3063 1215 3109 et

56 3131 162 3183 leniter
190 3131 274 3202 toqui.
304 3133 367 3183 hir.
395 3134 439 3189 ts.
469 3132 515 3185 14:
551 3144 650 3197 presso
674 3127 745 3197 pede
767 3127 980 3181 interimis.
1009 3128 1100 3180 lento.
1131 3126 1215 3183 Orid.

56 3203 125 3252 Met.
146 3205 197 3254 111.
222 3208 267 3255 17:

165 3271 362 3342 Subsequitur,
384 3285 536 3339 pressaque
554 3269 625 3339 tegit
642 3269 765 3339 vestigia
780 3284 875 3354 passa.

56 3342 162 3395 Vellei.
183 3346 290 3397 Patere.
312 3344 349 3395 11.
371 3345 435 3398 lto:
455 3356 557 3396 causas
572 3342 699 3410 pressius
718 3342 809 3406 audet,
830 3339 849 3391 i.
867 3357 891 3392 e.
912 3338 1103 3412 patientias.“
1139 3338 1215 3409 Quid

56 3413 116 3466 sint
142 3415 230 3478 modi,
270 3414 397 3484 explicat
425 3411 577 3466 Ruhnken.
608 3407 684 3465 Dirt.
717 3414 753 3470 sd
777 3413 896 3465 Terent.
925 3409 1015 3464 Andr.
1042 3416 1076 3486 tp.
1104 3414 1131 3469 8.
1170 3410 1213 3466 ed.

56 3486 157 3541 Brans.
196 3488 257 3541 Mr.
1133 3507 1134 3510 ¹

128 3575 180 3646 qai
198 3575 268 3630 tatis
287 3573 406 3629 theatris
423 3569 594 3629 maestitiam
610 3569 750 3639 inferant]
786 3571 872 3626 codd.
901 3571 985 3624 Wnd.
1007 3575 1032 3628 1.
1059 3571 1085 3628 Δ
1127 3611 1134 3624 .
1159 3572 1214 3627 Ed

57 3646 94 3698 H.
114 3665 193 3716 qaae.
234 3647 358 3701 Tlseatra
387 3645 485 3702 intelli
507 3662 522 3700 e
545 3652 728 3714 spectatores.
766 3644 873 3698 tendat
896 3641 991 3697 Kiihn.
1019 3642 1079 3696 cto.
1125 3645 1213 3699 eOr.

58 3718 110 3768 111.
131 3722 173 3773 50.
196 3723 254 3776 196.
275 3721 344 3772 intr.
365 3719 402 3771 ll.
423 3721 467 3780 26,
524 3756 530 3766 .
568 3713 667 3784 spaldi
711 3713 773 3771 .ad
790 3713 912 3784 Quintil.
932 3715 1002 3767 Inst.
1023 3715 1075 3796 Οι·.ο
1091 3715 1114 3767 Ι.
1140 3717 1166 3770 2.
1187 3718 1213 3773 9.

57 3787 203 3841 Adaeum
220 3792 303 3844 verbi
320 3789 463 3856 inserendi
490 3789 526 3840 ct.
548 3786 607 3841 Cic.
636 3785 670 3839 de
713 3805 736 3839 r.
758 3785 795 3841 11.
815 3788 858 3844 ts.
879 3788 945 3843 214:
971 3785 1214 3851 misericordiam,

57 3866 107 3911 aut
127 3858 274 3925 inuidiam,
293 3869 342 3915 aat
359 3858 539 3914 iracundiam
556 3856 643 3911 simul
659 3863 743 3928 atpae
761 3856 894 3910 intuleris
913 3865 967 3912 etc.
995 3856 1050 3910 Pro
1068 3854 1216 3913 concinun-

57 3937 106 3983 tar
126 3940 168 3984 est
186 3933 346 3985 cantitentur
373 3933 404 3985 in
423 3932 490 3985 Cod.
511 3929 615 3993 Mara,
644 3928 696 3998 qai
719 3928 751 3981 in
776 3946 867 4002 marg.
895 3927 983 3982 habet
1001 3943 1069 3981 curn
1086 3941 1144 3981 ano
1163 3927 1213 3983 Ox.

55 4003 125 4057 Rob.
146 4012 176 4055 et
195 4003 257 4055 Car.
278 4004 319 4058 St.
340 4006 557 4059 concinuntur.-
575 4000 648 4052 alius
667 4001 717 4052 Ox.
737 3999 959 4065 conclamantes,
984 3997 1061 4069 quod
1079 4007 1123 4054 est
1159 3999 1216 4055 los·

56 4074 168 4127 satoris.
207 4074 379 4129 Condantur
398 4075 489 4129 estin
507 4071 622 4126 Lasnbb.
643 4079 672 4123 et
691 4069 779 4125 Goth.
806 4070 933 4123 Verbum
951 4075 993 4124 est
1009 4076 1073 4140 post
1092 4068 1125 4124 dt‘
1146 4069 1216 4127 tct'le

56 4146 167 4198 omittit
187 4147 254 4200 Cod.
281 4147 354 4200 Gud.
391 4148 444 4200 Pro
469 4141 608 4198 s'nlsamats'
629 4160 703 4195 unas
722 4142 773 4196 Ox.
799 4138 913 4196 hmati.
950 4143 1005 4196 Pro
1034 4146 1099 4205 sunt
1123 4140 1214 4199 Bauli.

56 4216 88 4269 in
107 4217 173 4271 Cod.
194 4220 263 4293 Peg.
284 4220 326 4270 ait
345 4235 403 4271 esse
421 4215 492 4281 sint,
519 4223 548 4270 et
565 4215 597 4268 in
615 4231 665 4267 saa
683 4211 726 4267 ed.
746 4220 806 4268 vet.
824 4213 968 4283 habetque
988 4211 1055 4268 cod.
1073 4212 1168 4295 Rern·
1187 4219 1217 4295 st

56 4289 168 4358 recepit
186 4300 302 4360 praeter
320 4289 520 4344 necessitatem
538 4286 621 4349 Ern,
647 4283 700 4354 qui
724 4283 828 4338 multis
850 4282 992 4340 eiusmodi
1015 4282 1217 4341 coniunctivae

57 4359 228 4414 Ciceronem
247 4363 373 4426 ornavit,
392 4377 515 4431 eumque
534 4356 627 4411 secuti
644 4354 708 4426 Rip.
745 4354 807 4410 Mr.

126 4451 318 4518 estseressae}
353 4450 441 4506 Addit
466 4448 535 4506 tat.
568 4446 653 4505 tint.
679 4449 707 4504 l·
732 4445 859 4524 pte-sm
881 4443 1026 4534 reptans„
1041 4444 1117 4519 nug
1145 4457 1216 4501 tero
