2828 5070
569 310 797 392 manaae.
1223 316 1266 382 ιι

127 494 210 556 qaam
230 454 341 557 ouum
375 476 423 536 sit
448 473 637 554 decursum,
669 476 753 537 nihil
780 478 825 537 sit
853 484 1027 558 praetores
1048 478 1265 543 extimescen-

125 660 190 715 Ιοιι.
210 664 236 715 1.
253 658 309 713 Ed.
329 660 365 716 Η.
395 660 507 714 calcem
526 659 665 736 intellige
694 660 838 716 curriculi
861 662 960 719 finem.
985 661 1111 717 'l'urnsh
1131 664 1202 718 Ado.
1224 663 1263 717 11.

123 735 189 800 hp·
206 732 260 786 51:
290 730 359 795 „ux
377 748 412 785 co
430 739 528 786 autem
545 731 611 783 cole
629 731 771 784 curriculi
789 732 858 786 hnic
887 732 931 801 [in
948 733 1041 800 circo]
1067 742 1186 788 vocatus
1210 743 1265 799 eet,

123 801 190 870 qma
208 808 290 854 creta
314 808 365 855 ant
390 804 478 858 etiarn
504 804 579 855 coloe
606 809 773 856 notaretur:
801 802 879 875 quod
896 812 927 858 ct
943 804 1096 857 Lucretius
1115 804 1266 870 indicarit,

123 888 179 924 ιιιιι
193 872 376 940 praescripto
393 872 514 925 conlido
532 871 608 925 dixit
626 870 686 936 [w.
705 875 755 928 91:
777 873 818 926 lu
836 871 904 926 niti
919 889 1064 943 supremae
1079 873 1267 943 praescri·

122 947 173 1009 ple
191 943 237 995 od
253 943 411 995 condida
430 941 548 996 calcis
566 943 701 995 ementi
760 944 1039 1011 liumproemoaelro
1051 944 1266 999 collidoMoeo=

122 1009 164 1065 ahi
180 1011 241 1064 vid,
260 1012 370 1078 hamb,
388 1013 500 1083 Fayum
519 1019 549 1067 et
566 1010 687 1067 Greech.
733 1012 769 1067 ed
785 1014 821 1067 A.
839 1014 992 1090 Forbiger.
1018 1013 1059 1067 ihi
1081 1013 1164 1066 collis
1181 1013 1268 1066 resti-

123 1080 200 1148 nitJ,
229 1082 328 1136 intel’
351 1101 401 1137 ene
427 1083 559 1155 praescri
580 1090 642 1136 tum
667 1082 750 1136 velut
780 1093 925 1139 crciatum
959 1085 1057 1139 finem.
1104 1081 1212 1138 senec·
1235 1082 1268 1135 in

123 1152 258 1223 Epistolis
278 1152 306 1219 [l
343 1155 449 1208 ·circa
466 1153 529 1221 fin]
569 1153 649 1208 eirde
668 1154 770 1208 trosses‘l
789 1156 828 1209 od
845 1171 889 1220 eo,
907 1170 978 1226 quoe
996 1154 1165 1209 corruendo
1178 1151 1269 1205 seculi

123 1222 243 1290 micuit,
264 1229 393 1294 lanquoris
412 1224 484 1294 quod
501 1224 545 1277 cit
563 1224 680 1277 Cicero.-
698 1224 827 1293 quonium
844 1243 938 1279 eumue
957 1227 991 1280 oh
1009 1225 1073 1295 ipso
1091 1225 1192 1278 coloe
1206 1222 1268 1276 eius

124 1294 347 1363 interpellatione
372 1294 516 1349 reuocati.-
550 1292 620 1348 lanc
643 1310 728 1365 quom
754 1313 826 1350 nanc
850 1296 884 1349 s'a
907 1296 985 1350 circo
1011 1301 1119 1349 crelam
1135 1308 1269 1360 oceanus,

125 1365 229 1437 misas·
245 1367 352 1419 calcem
370 1363 527 1422 dicebonl.“
562 1364 618 1419 Pro
641 1367 742 1419 calcem
761 1377 805 1421 set
823 1369 921 1421 callem
947 1368 979 1421 in
1002 1366 1063 1419 Pal.
1081 1369 1110 1434 3,
1136 1366 1219 1419 colen
1236 1363 1269 1418 in

125 1434 174 1490 lal.
192 1438 220 1493 1.
240 1443 316 1491 teste
335 1435 504 1490 Gebhardo:
532 1443 567 1490 ut
591 1437 680 1490 etiem
705 1437 762 1491 hoc
789 1436 854 1491 loco
881 1439 962 1493 inter
985 1437 1086 1492 collem
1112 1445 1143 1490 et
1165 1435 1270 1489 calcem

126 1506 259 1563 nouem
277 1506 364 1560 libri:
383 1514 414 1561 et
429 1506 517 1577 plane
535 1508 577 1560 ite
594 1506 682 1561 etiam
701 1507 777 1578 apud
794 1508 934 1565 Gellium.
951 1510 988 1566 N.
1008 1509 1041 1562 A.
1059 1508 1135 1561 nv.
1153 1509 1180 1563 3.
1203 1521 1269 1559 our·

125 1592 334 1703 wsselrnnm
343 1576 524 1701 ffimgim
542 1576 661 1703 viatoris
668 1579 808 1705 {4³1⁶}er
823 1582 1014 1705 ffffsssmffim
1039 1578 1090 1633 uhi
1112 1577 1171 1632 vid.
1191 1577 1269 1633 Gro-

125 1664 184 1703 ιιι.
284 1666 324 1701 ss.
505 1665 566 1701 eros
619 1666 649 1719 p.
724 1687 731 1701 .
797 1687 804 1700 .
851 1669 902 1717 ιιι.
976 1668 1002 1706 r.

184 1737 235 1790 Ad
252 1754 339 1808 quam
357 1752 421 1791 oasa
437 1737 475 1790 es't
493 1736 651 1803 decureum]
686 1736 784 1812 Vulgo
801 1739 841 1791 od
858 1755 946 1808 quem
967 1738 1023 1793 Sed
1037 1739 1108 1815 liog.
1129 1739 1168 1792 ud
1180 1754 1268 1809 quen,

126 1824 172 1861 aco
187 1807 278 1863 aliter
294 1806 366 1861 Νι
384 1814 454 1861 tert
474 1816 568 1876 quast
589 1816 620 1862 et
636 1807 729 1861 Vatic.
757 1816 859 1861 contra
886 1824 968 1880 qnos-
981 1817 1058 1864 stare
1083 1824 1143 1863 non
1169 1809 1269 1864 dshuit

126 1876 295 1931 Gebhardue.
333 1876 443 1933 &noca
459 1878 554 1948 Epist.
575 1878 678 1934 lell.
712 1878 753 1931 To
793 1893 859 1932 scm
883 1881 956 1950 quod
979 1878 1021 1932 oil
1047 1880 1164 1942 Cicero,
1189 1878 1269 1947 Quo·

127 1949 195 2002 aian
213 1967 314 2004 eumne
331 1950 366 2004 ah
383 1949 448 2017 ipro
466 1949 542 2003 colos
568 1950 631 2002 cius
657 1948 771 2020 interpr
815 1951 894 2005 tione
912 1950 1059 2006 revocati:
1093 1947 1164 2004 tusc
1187 1963 1271 2019 qum

127 2035 186 2073 ιιι
207 2019 241 2073 ir
269 2021 347 2073 circo
371 2028 477 2074 metam
503 2035 643 2085 roomo,
673 2020 783 2074 calcem
818 2021 929 2091 antiqui
957 2022 1094 2077 dicebant.
1139 2020 1268 2074 Nonius:

127 2089 191 2143 dclx
207 2097 251 2143 ecl
269 2091 386 2158 gereris
403 2090 540 2155 seminini.
577 2090 649 2144 Vide
677 2093 718 2145 eis
741 2091 892 2167 Agellium
910 2092 985 2160 xw,
1004 2096 1030 2149 3.
1061 2100 1090 2147 ct
1112 2091 1175 2149 vil.
1200 2090 1269 2144 Pro·

127 2159 186 2215 iarn
204 2160 320 2216 cathol.
340 2160 395 2214 col.
415 2164 494 2217 14⁶2.
531 2163 567 2215 D.

187 2231 227 2286 ad
244 2247 346 2302 quom
364 2233 502 2300 quamsit
521 2232 678 2300 decureum]
698 2234 763 2299 „lta
781 2234 877 2287 hamb.
899 2252 935 2288 ex
947 2234 1025 2303 Mos.
1042 2234 1149 2299 edidit,
1168 2234 1267 2304 probo.

127 2330 155 2341 -
168 2303 282 2357 Errant
302 2310 412 2367 sutem,
439 2303 491 2372 qui
519 2303 597 2357 illud
623 2303 662 2356 od
678 2306 777 2358 oolcsn
793 2305 942 2371 pervenire
958 2324 975 2358 a
993 2320 1116 2375 corporo
1142 2304 1270 2357 humsno

126 2381 245 2427 tractem
263 2390 327 2428 ereo
344 2373 553 2426 arbitrantur.“
576 2374 625 2427 Fr.
645 2374 729 2427 Fabr.
767 2374 830 2427 Hoc
855 2375 932 2428 vidit
956 2377 1044 2429 etiarn
1069 2375 1106 2430 Α.
1126 2373 1272 2427 Masurius

126 2445 153 2497 ia
167 2452 266 2499 snnot.
284 2445 347 2497 lem
366 2442 402 2495 de
419 2461 527 2519 genere
548 2446 629 2498 vocis
642 2445 707 2497 cole
723 2463 750 2497 r.
761 2445 797 2497 11.
811 2446 843 2498 L.
854 2444 1024 2499 Schneider.
1042 2444 1123 2500 Aust.
1140 2444 1270 2498 Gramm.

126 2515 149 2573 d.
171 2516 235 2569 isat.
262 2513 504 2586 Spr.·Formenl.
524 2515 549 2566 1.
574 2532 603 2584 p.
624 2518 684 2571 119.
706 2533 747 2585 sq.
775 2515 845 2584 ibiq.
874 2515 969 2570 laudd.
988 2514 1179 2570 lluddimunn.
1199 2515 1270 2567 lust.

125 2587 171 2640 (ir.
196 2587 263 2639 hat.
281 2588 305 2639 1.
329 2603 359 2654 p.
378 2588 424 2641 37.
443 2588 487 2642 38.
514 2585 564 2639 ubi
587 2601 703 2656 quoque
729 2586 764 2638 dc
786 2593 888 2640 nostro
915 2587 989 2640 loco.
1034 2586 1148 2640 liabent
1174 2594 1271 2639 autem

125 2674 193 2726 qaeu
210 2655 286 2709 Edd.
306 2664 375 2709 vett.
396 2656 553 2726 pleraeque
572 2665 601 2709 et
618 2657 707 2708 multi
727 2657 816 2712 Oodd.
853 2656 911 2711 Sed
939 2674 1016 2726 quom
1044 2656 1182 2711 exhibent
1197 2656 1270 2731 Reg.

124 2731 191 2785 31.
216 2727 306 2783 Mcrh.
332 2725 430 2779 Duish.
452 2726 549 2781 Goell.
575 2727 658 2781 Bern.
687 2728 763 2780 Mon.
783 2730 809 2783 3.
828 2728 914 2781 Vind.
934 2734 958 2783 l.
985 2728 1057 2783 Edd.
1077 2728 1150 2784 Med.
1177 2746 1270 2811 marg.
1333 2762 1347 2783 .·

123 2798 217 2853 lamis
242 2815 280 2851 ex
303 2805 362 2851 vet.
388 2797 451 2851 cod.
479 2797 545 2853 Asc.
567 2805 591 2853 1.
614 2815 708 2872 marg.
736 2797 858 2853 Hwolf.
887 2808 916 2851 et
943 2816 1016 2852 recc.
1044 2798 1210 2853 Schellerus
1239 2816 1272 2849 ιιι
1342 2792 1346 2805 ’

124 2868 197 2925 obes
225 2869 264 2922 ad
288 2870 378 2938 prisc.
405 2870 462 2922 scri
485 2876 519 2921 tt.
548 2886 577 2938 p.
598 2871 658 2924 198.
681 2870 760 2922 tueri
787 2869 902 2923 volebat
928 2870 1131 2925 masculinum.
1170 2872 1225 2924 Per
1248 2869 1273 2919 it

123 2938 187 2995 cod.
207 2939 297 2994 Marh.
317 2938 367 2993 all.
386 2938 442 2991 Ed.
461 2886 544 2991 Sunt.
564 2940 676 2992 omittit
693 2939 744 3003 cil,
771 2947 801 2993 et
819 2942 894 2994 Mon.
917 2946 940 2996 1.
968 2940 1040 2993 mili
1067 2949 1131 3010 post
1159 2947 1199 2992 lu.
1226 2888 1272 2991 gln

122 3013 238 3065 nomios
263 3007 430 3075 Epicharmi
456 3009 590 3062 errabant
623 3010 748 3073 librarii,
779 3017 813 3061 ut
836 3011 940 3076 solent,
973 3013 1015 3064 ita
1039 3021 1072 3063 ut
1097 3030 1124 3065 ι.
1145 3028 1171 3064 c.
1198 3010 1272 3082 Aug.

120 3083 208 3135 llarh.
235 3079 361 3133 habeant
388 3078 550 3146 Epicurius,
581 3086 611 3133 ot
635 3087 702 3149 post
724 3080 838 3149 aliquot
863 3082 956 3134 lineas
974 3081 1103 3148 Epicuri.
1142 3081 1185 3133 De
1203 3081 1273 3147 Epi·

121 3151 233 3205 cmo
253 3169 281 3207 ι.
300 3151 570 3204 vetustissimorum
590 3149 773 3203 (iomioorum
792 3152 845 3204 Gr.
865 3153 1022 3205 sententiae
1046 3150 1089 3206 cd.
1110 3152 1136 3202 J.
1157 3150 1272 3204 Hertcl.

121 3240 146 3293 p.
166 3224 329 3279 aro-289.
366 3219 409 3272 De
427 3220 605 3292 Epicharmo
625 3239 679 3273 scr.
700 3222 737 3272 ll.
757 3221 883 3274 Harless.
903 3224 928 3276 8.
948 3221 1069 3275 Essend.
1092 3222 1169 3275 1833.
1195 3217 1227 3271 0.
1243 3222 1272 3276 J.

122 3296 243 3362 orynr.
265 3292 300 3345 dc
317 3291 505 3346 Doriensium
524 3291 679 3346 Comoedia
698 3291 883 3358 Quaestioncs
910 3291 973 3344 Vol.
993 3293 1015 3344 1.
1037 3294 1055 3346 8
1074 3289 1174 3343 Goion.
1195 3292 1272 3347 1838.

121 3362 239 3430 [Insunt
256 3362 428 3433 Epicharmi
454 3372 485 3416 ct
502 3363 619 3416 italicae
636 3362 800 3416 comoediae
818 3364 993 3432 scriptorum
1011 3359 1200 3437 fragmenta]
1239 3361 1273 3414 ln

120 3452 201 3505 seqq.
223 3433 295 3487 God-
312 3431 403 3488 Rehd.
429 3450 496 3486 non
522 3431 635 3487 insulsi.
663 3434 738 3487 Mon.
758 3436 784 3488 2
813 3431 932 3485 dominis
949 3432 1050 3499 Siculi,
1078 3448 1135 3485 om.
1152 3437 1183 3485 ul
1203 3432 1272 3486 Cod.

120 3506 196 3563 (ind.
215 3508 244 3560 3.
272 3509 303 3554 ul
328 3502 450 3557 sioclim.
477 3505 576 3557 Duisb.
601 3503 740 3557 ridicule:
767 3511 799 3555 ul
823 3505 856 3569 si
889 3502 953 3555 ule'.
991 3504 1034 3558 De
1061 3522 1116 3557 usu
1133 3505 1214 3558 vocic
1232 3510 1273 3569 ut,

120 3576 169 3631 cni
187 3574 361 3629 simillimus
380 3582 425 3628 est
440 3593 509 3628 oeus
527 3577 653 3629 Graecas
671 3574 832 3645 particulae
878 3594 900 3635 ς,
924 3590 984 3627 ιιοιι
1010 3576 1206 3629 necessarium
1229 3582 1274 3628 cst

119 3644 242 3703 isodoro
267 3646 453 3716 interpretes,
485 3646 537 3716 qui
567 3652 610 3697 sat
640 3644 730 3697 multi
753 3644 788 3699 do
807 3662 840 3700 eo
864 3653 1090 3715 praeceperunt:
1114 3646 1181 3699 vide
1204 3661 1273 3698 mox

119 3720 219 3789 iprum
244 3716 398 3771 Ciceronis
422 3724 524 3770 usum:
561 3716 642 3770 Brut.
662 3719 706 3771 lo.
725 3718 760 3771 33
785 3725 814 3769 et
831 3721 875 3773 dt.
905 3716 940 3770 ds
957 3716 1022 3770 Scn.
1043 3720 1068 3773 l.
1090 3720 1137 3772 12:
1175 3719 1273 3770 oollae

120 3790 220 3851 etim,
239 3793 271 3839 ul
289 3789 320 3841 ιἰι
338 3785 448 3840 homine
466 3787 600 3848 Romano,
619 3787 727 3839 literae.
765 3786 843 3853 Quod
866 3803 936 3840 vero
962 3786 1118 3841 liiihneros
1142 3784 1214 3839 dicit
1241 3784 1274 3836 in

121 3860 249 3914 micas
271 3857 415 3913 eiusmodi
438 3858 513 3911 locis
531 3858 708 3927 particulam
735 3863 766 3909 ul
787 3857 838 3910 vel
855 3853 896 3918 ὡς
922 3858 1061 3917 indicare,
1086 3874 1147 3909 rem
1172 3871 1227 3925 per
1244 3871 1274 3906 so

120 3938 282 4001 spectatam
301 3944 360 3982 non
378 3929 478 4004 magni
495 3929 636 3982 momenti
655 3944 717 3982 esso
735 3928 919 3991 censendam,
945 3927 994 3981 sed
1019 3935 1131 3980 tantum
1157 3942 1211 3997 pro
1230 3926 1275 3978 rei

119 4002 170 4055 vel
194 4017 349 4071 personae,
373 3998 409 4050 de
436 4016 493 4068 qua
519 3996 614 4052 sereno
640 4007 693 4062 est,
718 3997 901 4051 conditione:
929 3998 958 4050 id
977 3998 1072 4067 ipsum
1090 3998 1124 4050 in
1141 4006 1275 4052 nostrum

121 4072 221 4126 locum
240 4088 301 4125 non
319 4068 402 4123 cadit.
441 4069 507 4122 Non
526 4071 604 4122 enim
622 4068 690 4121 vult
707 4068 821 4135 Cicero,
839 4067 1050 4140 Epicharmum
1078 4086 1133 4139 per
1159 4087 1188 4122 ee
1212 4084 1276 4136 epe·

122 4151 234 4197 mtnm
254 4159 315 4196 non
332 4139 485 4193 admodum
501 4142 592 4194 fuisse
609 4147 737 4203 acutum,
763 4140 812 4194 vel
830 4141 856 4193 si
874 4148 1061 4211 comparetur
1087 4157 1153 4193 cum
1171 4140 1275 4190 Roma·

123 4216 169 4267 nis
183 4212 351 4268 niceteria
360 4209 496 4265 Graccis:
516 4211 566 4265 sed
584 4228 651 4264 eum
669 4211 761 4264 luisse
779 4228 812 4265 re
830 4230 898 4266 vera
916 4211 1000 4264 valde
1019 4218 1149 4275 acutum,
1167 4208 1275 4279 quippe

123 4302 191 4339 cam
209 4284 307 4340 Siculi
324 4280 458 4335 homines
475 4299 546 4352 prae
564 4281 669 4335 ceteris
696 4290 791 4336 essent
809 4283 952 4335 acuminis
980 4289 1008 4333 et
1031 4280 1166 4338 solertiae
1190 4277 1276 4359 laude

124 4357 283 4410 celebrati:
311 4350 489 4423 eundemque
510 4352 668 4417 solertiam,
687 4369 760 4422 quse
779 4354 941 4423 exspectari
966 4358 1082 4420 poterat
1108 4352 1139 4403 in
1156 4348 1276 4399 homine

124 4426 234 4493 Siculo,
251 4426 346 4480 luisse
364 4423 452 4479 stiam
470 4425 503 4477 in
519 4421 706 4495 Epicharmo.
742 4423 784 4477 hit
800 4431 881 4480 recte
898 4421 996 4479 laudat
1020 4423 1082 4492 ipse
1100 4420 1134 4473 K.
1154 4417 1214 4470 cic.
1240 4415 1276 4469 de
