<?xml version="1.0" encoding="UTF-8"?>
<!DOCTYPE html PUBLIC "-//W3C//DTD XHTML 1.0 Transitional//EN"
    "http://www.w3.org/TR/xhtml1/DTD/xhtml1-transitional.dtd">
<html xmlns="http://www.w3.org/1999/xhtml" xml:lang="en" lang="en">
 <head>
  <title>
</title>
<meta http-equiv="Content-Type" content="text/html;charset=utf-8" />
  <meta name='ocr-system' content='tesseract 3.04.00' />
  <meta name='ocr-capabilities' content='ocr_page ocr_carea ocr_par ocr_line ocrx_word'/>
</head>
<body>
  <div class='ocr_page' id='page_1' title='image "./mtulliiciceroni01davigoog_0075.png"; bbox 0 0 2828 5070; ppageno 0'>
   <div class='ocr_carea' id='block_1_1' title="bbox 157 278 1116 354">
    <p class='ocr_par' dir='ltr' id='par_1_1' title="bbox 157 278 1116 354">
     <span class='ocr_line' id='line_1_1' title="bbox 157 278 1116 354; baseline -0.004 -8"><span class='ocrx_word' id='word_1_1' title='bbox 157 284 199 346; x_wconf 76' lang='lat'><strong>42</strong></span> <span class='ocrx_word' id='word_1_2' title='bbox 372 278 597 346; x_wconf 78' lang='lat' dir='ltr'><strong>CICERONIS</strong></span> <span class='ocrx_word' id='word_1_3' title='bbox 617 278 866 354; x_wconf 77' lang='lat' dir='ltr'><strong>TUSCULAN.</strong></span> <span class='ocrx_word' id='word_1_4' title='bbox 888 278 1116 343; x_wconf 76' lang='lat' dir='ltr'><strong>msrurs&#39;r.</strong></span> 
     </span>
    </p>
   </div>
   <div class='ocr_carea' id='block_1_2' title="bbox 117 441 1315 610">
    <p class='ocr_par' dir='ltr' id='par_1_2' title="bbox 117 441 1315 610">
     <span class='ocr_line' id='line_1_2' title="bbox 119 441 1313 527; baseline -0.003 -21"><span class='ocrx_word' id='word_1_5' title='bbox 119 521 121 525; x_wconf 23' lang='grc' dir='ltr'>Ι</span> <span class='ocrx_word' id='word_1_6' title='bbox 158 444 208 508; x_wconf 87' lang='grc' dir='ltr'><strong>Μ.</strong></span> <span class='ocrx_word' id='word_1_7' title='bbox 232 441 343 527; x_wconf 80' lang='lat' dir='ltr'><strong>Igitur</strong></span> <span class='ocrx_word' id='word_1_8' title='bbox 364 464 496 508; x_wconf 84' lang='lat' dir='ltr'><strong>ncesse</strong></span> <span class='ocrx_word' id='word_1_9' title='bbox 518 444 668 527; x_wconf 70' lang='lat' dir='ltr'><strong>quidem?</strong></span> <span class='ocrx_word' id='word_1_10' title='bbox 702 449 741 509; x_wconf 80' lang='lat' dir='ltr'><strong>A.</strong></span> <span class='ocrx_word' id='word_1_11' title='bbox 758 446 900 508; x_wconf 80' lang='lat' dir='ltr'><strong>Prorsus</strong></span> <span class='ocrx_word' id='word_1_12' title='bbox 920 446 986 507; x_wconf 85' lang='lat' dir='ltr'><strong>isto</strong></span> <span class='ocrx_word' id='word_1_13' title='bbox 1007 442 1123 507; x_wconf 82' lang='lat' dir='ltr'><strong>modo:</strong></span> <span class='ocrx_word' id='word_1_14' title='bbox 1146 450 1313 507; x_wconf 76' lang='lat' dir='ltr'><strong>ettamen</strong></span> 
     </span>
     <span class='ocr_line' id='line_1_3' title="bbox 117 525 1315 610; baseline 0.006 -28"><span class='ocrx_word' id='word_1_15' title='bbox 117 529 153 583; x_wconf 77' lang='lat'><strong>12</strong></span> <span class='ocrx_word' id='word_1_16' title='bbox 161 528 301 588; x_wconf 78' lang='lat' dir='ltr'><strong>miseros</strong></span> <span class='ocrx_word' id='word_1_17' title='bbox 325 525 368 591; x_wconf 92' lang='lat' dir='ltr'><strong>ob</strong></span> <span class='ocrx_word' id='word_1_18' title='bbox 390 525 426 588; x_wconf 89' lang='lat' dir='ltr'><strong>id</strong></span> <span class='ocrx_word' id='word_1_19' title='bbox 445 530 554 610; x_wconf 86' lang='lat' dir='ltr'><strong>ipsum</strong></span> <span class='ocrx_word' id='word_1_20' title='bbox 575 528 718 608; x_wconf 89' lang='lat' dir='ltr'><strong>quidem,</strong></span> <span class='ocrx_word' id='word_1_21' title='bbox 739 531 819 610; x_wconf 90' lang='lat' dir='ltr'><strong>quia</strong></span> <span class='ocrx_word' id='word_1_22' title='bbox 840 528 927 589; x_wconf 90' lang='lat' dir='ltr'><strong>nulli</strong></span> <span class='ocrx_word' id='word_1_23' title='bbox 947 537 1033 591; x_wconf 89' lang='lat' dir='ltr'><strong>sunt.</strong></span> <span class='ocrx_word' id='word_1_24' title='bbox 1077 526 1126 590; x_wconf 81' lang='lat' dir='ltr'><strong>M.</strong></span> <span class='ocrx_word' id='word_1_25' title='bbox 1142 527 1213 589; x_wconf 86' lang='lat' dir='ltr'><strong>lam</strong></span> <span class='ocrx_word' id='word_1_26' title='bbox 1233 527 1315 589; x_wconf 83' lang='lat' dir='ltr'><strong>mel·</strong></span> 
     </span>
    </p>
   </div>
   <div class='ocr_carea' id='block_1_3' title="bbox 159 704 1314 1127">
    <p class='ocr_par' dir='ltr' id='par_1_3' title="bbox 159 704 1314 1127">
     <span class='ocr_line' id='line_1_4' title="bbox 229 704 1314 776; baseline -0.003 -14"><span class='ocrx_word' id='word_1_27' title='bbox 229 707 447 768; x_wconf 64' lang='lat' dir='ltr'><strong>&amp;estimarent</strong></span> <span class='ocrx_word' id='word_1_28' title='bbox 471 723 608 776; x_wconf 65' lang='lat' dir='ltr'><strong>sumasne</strong></span> <span class='ocrx_word' id='word_1_29' title='bbox 626 723 686 760; x_wconf 86' lang='lat' dir='ltr'><strong>esse</strong></span> <span class='ocrx_word' id='word_1_30' title='bbox 711 723 766 761; x_wconf 80' lang='lat' dir='ltr'><strong>son</strong></span> <span class='ocrx_word' id='word_1_31' title='bbox 787 704 926 773; x_wconf 60' lang='lat' dir='ltr'><strong>possiem]</strong></span> <span class='ocrx_word' id='word_1_32' title='bbox 965 707 1053 772; x_wconf 86' lang='lat' dir='ltr'><strong>Quam</strong></span> <span class='ocrx_word' id='word_1_33' title='bbox 1071 705 1206 774; x_wconf 86' lang='lat' dir='ltr'><strong>reprobat</strong></span> <span class='ocrx_word' id='word_1_34' title='bbox 1223 704 1314 759; x_wconf 76' lang='lat' dir='ltr'><strong>nsvi-</strong></span> 
     </span>
     <span class='ocr_line' id='line_1_5' title="bbox 160 774 1314 897; baseline -0.006 -64"><span class='ocrx_word' id='word_1_35' title='bbox 160 780 220 833; x_wconf 87' lang='lat' dir='ltr'><strong>sius</strong></span> <span class='ocrx_word' id='word_1_36' title='bbox 239 778 412 831; x_wconf 88' lang='lat' dir='ltr'><strong>sententiam</strong></span> <span class='ocrx_word' id='word_1_37' title='bbox 438 779 473 830; x_wconf 83' lang='lat' dir='ltr'><strong>H.</strong></span> <span class='ocrx_word' id='word_1_38' title='bbox 493 777 642 849; x_wconf 80' lang='lat' dir='ltr'><strong>Stephani,</strong></span> <span class='ocrx_word' id='word_1_39' title='bbox 669 779 720 848; x_wconf 91' lang='lat' dir='ltr'><strong>qui</strong></span> <span class='ocrx_word' id='word_1_40' title='bbox 746 780 778 830; x_wconf 90' lang='lat' dir='ltr'><strong>in</strong></span> <span class='ocrx_word' id='word_1_41' title='bbox 797 778 946 853; x_wconf 81' lang='lat' dir='ltr'><strong>Castigstt.</strong></span> <span class='ocrx_word' id='word_1_42' title='bbox 970 795 999 847; x_wconf 83' lang='lat' dir='ltr'><strong>p.</strong></span> <span class='ocrx_word' id='word_1_43' title='bbox 1020 780 1070 833; x_wconf 93' lang='lat' dir='ltr'><strong>lll</strong></span> <span class='ocrx_word' id='word_1_44' title='bbox 1094 793 1138 897; x_wconf 83' lang='lat' dir='ltr'><strong>sq·</strong></span> <span class='ocrx_word' id='word_1_45' title='bbox 1165 774 1314 852; x_wconf 66' lang='lat' dir='ltr'><strong>distingui</strong></span> 
     </span>
     <span class='ocr_line' id='line_1_6' title="bbox 160 846 1153 919; baseline -0.004 -17"><span class='ocrx_word' id='word_1_46' title='bbox 160 849 285 913; x_wconf 83' lang='lat' dir='ltr'><strong>volebat,</strong></span> <span class='ocrx_word' id='word_1_47' title='bbox 304 848 332 901; x_wconf 83' lang='lat' dir='ltr'><strong>ss‘</strong></span> <span class='ocrx_word' id='word_1_48' title='bbox 349 849 424 901; x_wconf 82' lang='lat' dir='ltr'><strong>enim</strong></span> <span class='ocrx_word' id='word_1_49' title='bbox 442 856 505 902; x_wconf 82' lang='lat' dir='ltr'><strong>sunt</strong></span> <span class='ocrx_word' id='word_1_50' title='bbox 522 865 667 917; x_wconf 81' lang='lat' dir='ltr'><strong>nusquam,</strong></span> <span class='ocrx_word' id='word_1_51' title='bbox 692 865 752 903; x_wconf 82' lang='lat' dir='ltr'><strong>esse</strong></span> <span class='ocrx_word' id='word_1_52' title='bbox 771 865 826 901; x_wconf 82' lang='lat' dir='ltr'><strong>non</strong></span> <span class='ocrx_word' id='word_1_53' title='bbox 842 854 964 919; x_wconf 84' lang='lat' dir='ltr'><strong>possunt,</strong></span> <span class='ocrx_word' id='word_1_54' title='bbox 993 864 1055 900; x_wconf 82' lang='lat' dir='ltr'><strong>eam</strong></span> <span class='ocrx_word' id='word_1_55' title='bbox 1072 846 1102 899; x_wconf 85' lang='lat' dir='ltr'><strong>h·</strong></span> <span class='ocrx_word' id='word_1_56' title='bbox 1136 882 1153 911; x_wconf 90' lang='lat'><strong>.,</strong></span> 
     </span>
     <span class='ocr_line' id='line_1_7' title="bbox 160 915 1313 984; baseline -0.001 -12"><span class='ocrx_word' id='word_1_57' title='bbox 160 921 294 972; x_wconf 87' lang='lat' dir='ltr'><strong>rissimus</strong></span> <span class='ocrx_word' id='word_1_58' title='bbox 314 922 352 983; x_wconf 79' lang='lat' dir='ltr'><strong>sit</strong></span> <span class='ocrx_word' id='word_1_59' title='bbox 370 919 455 984; x_wconf 89' lang='lat' dir='ltr'><strong>liber,</strong></span> <span class='ocrx_word' id='word_1_60' title='bbox 487 920 691 983; x_wconf 74' lang='lat' dir='ltr'><strong>adscribemus,</strong></span> <span class='ocrx_word' id='word_1_61' title='bbox 719 921 817 972; x_wconf 85' lang='lat' dir='ltr'><strong>saltim</strong></span> <span class='ocrx_word' id='word_1_62' title='bbox 840 939 877 972; x_wconf 87' lang='lat' dir='ltr'><strong>ne</strong></span> <span class='ocrx_word' id='word_1_63' title='bbox 899 916 1044 972; x_wconf 87' lang='lat' dir='ltr'><strong>inauditus</strong></span> <span class='ocrx_word' id='word_1_64' title='bbox 1071 918 1227 971; x_wconf 75' lang='lat' dir='ltr'><strong>damnetur</strong></span> <span class='ocrx_word' id='word_1_65' title='bbox 1246 915 1313 971; x_wconf 87' lang='lat' dir='ltr'><strong>Ste-</strong></span> 
     </span>
     <span class='ocr_line' id='line_1_8' title="bbox 159 989 1311 1127; baseline 0.001 -85"><span class='ocrx_word' id='word_1_66' title='bbox 159 989 281 1127; x_wconf 61' lang='lat' dir='ltr'><strong>phanus.</strong></span> <span class='ocrx_word' id='word_1_67' title='bbox 319 990 363 1042; x_wconf 86' lang='lat' dir='ltr'><strong>lta</strong></span> <span class='ocrx_word' id='word_1_68' title='bbox 385 998 479 1043; x_wconf 87' lang='lat' dir='ltr'><strong>autem</strong></span> <span class='ocrx_word' id='word_1_69' title='bbox 501 991 568 1045; x_wconf 84' lang='lat' dir='ltr'><strong>ille:</strong></span> <span class='ocrx_word' id='word_1_70' title='bbox 597 990 644 1057; x_wconf 80' lang='lat' dir='ltr'><strong>„si</strong></span> <span class='ocrx_word' id='word_1_71' title='bbox 669 990 744 1044; x_wconf 79' lang='lat' dir='ltr'><strong>enim</strong></span> <span class='ocrx_word' id='word_1_72' title='bbox 763 997 835 1055; x_wconf 81' lang='lat' dir='ltr'><strong>sont,</strong></span> <span class='ocrx_word' id='word_1_73' title='bbox 862 1005 995 1059; x_wconf 70' lang='lat' dir='ltr'><strong>essequam</strong></span> <span class='ocrx_word' id='word_1_74' title='bbox 1023 1004 1082 1040; x_wconf 85' lang='lat' dir='ltr'><strong>esse</strong></span> <span class='ocrx_word' id='word_1_75' title='bbox 1108 1004 1162 1040; x_wconf 81' lang='lat' dir='ltr'><strong>non</strong></span> <span class='ocrx_word' id='word_1_76' title='bbox 1181 994 1311 1057; x_wconf 69' lang='lat' dir='ltr'><strong>possm.</strong></span> 
     </span>
    </p>
   </div>
   <div class='ocr_carea' id='block_1_4' title="bbox 1178 863 1313 900">
    <p class='ocr_par' dir='ltr' id='par_1_4' title="bbox 1178 863 1313 900">
     <span class='ocr_line' id='line_1_9' title="bbox 1178 863 1313 900; baseline 0.007 -2"><span class='ocrx_word' id='word_1_77' title='bbox 1178 863 1247 899; x_wconf 78' lang='lat' dir='ltr'><strong>clim</strong></span> <span class='ocrx_word' id='word_1_78' title='bbox 1264 864 1313 900; x_wconf 67' lang='grc' dir='ltr'><strong>Ν·</strong></span> 
     </span>
    </p>
   </div>
   <div class='ocr_carea' id='block_1_5' title="bbox 158 1058 1314 2548">
    <p class='ocr_par' dir='ltr' id='par_1_5' title="bbox 158 1058 1314 2548">
     <span class='ocr_line' id='line_1_10' title="bbox 184 1058 1312 1131; baseline -0.001 -18"><span class='ocrx_word' id='word_1_79' title='bbox 184 1060 235 1113; x_wconf 92' lang='lat' dir='ltr'><strong>uid</strong></span> <span class='ocrx_word' id='word_1_80' title='bbox 252 1059 308 1112; x_wconf 91' lang='lat' dir='ltr'><strong>hoc</strong></span> <span class='ocrx_word' id='word_1_81' title='bbox 327 1061 383 1113; x_wconf 86' lang='lat' dir='ltr'><strong>sibi</strong></span> <span class='ocrx_word' id='word_1_82' title='bbox 402 1060 485 1113; x_wconf 83' lang='lat' dir='ltr'><strong>vult?</strong></span> <span class='ocrx_word' id='word_1_83' title='bbox 522 1061 552 1114; x_wconf 91' lang='lat' dir='ltr'><strong>Si</strong></span> <span class='ocrx_word' id='word_1_84' title='bbox 580 1062 659 1115; x_wconf 66' lang='lat' dir='ltr'><strong>eslim</strong></span> <span class='ocrx_word' id='word_1_85' title='bbox 678 1069 832 1123; x_wconf 64' lang='lat' dir='ltr'><strong>suntuna</strong></span> <span class='ocrx_word' id='word_1_86' title='bbox 849 1067 971 1131; x_wconf 81' lang='lat' dir='ltr'><strong>possunt</strong></span> <span class='ocrx_word' id='word_1_87' title='bbox 990 1076 1048 1112; x_wconf 87' lang='lat' dir='ltr'><strong>esse</strong></span> <span class='ocrx_word' id='word_1_88' title='bbox 1066 1077 1214 1128; x_wconf 76' lang='lat' dir='ltr'><strong>nusquam.</strong></span> <span class='ocrx_word' id='word_1_89' title='bbox 1242 1058 1312 1126; x_wconf 81' lang='lat' dir='ltr'><strong>Quis</strong></span> 
     </span>
     <span class='ocr_line' id='line_1_11' title="bbox 160 1127 1313 1214; baseline 0 -30"><span class='ocrx_word' id='word_1_90' title='bbox 160 1147 219 1184; x_wconf 90' lang='lat' dir='ltr'><strong>non</strong></span> <span class='ocrx_word' id='word_1_91' title='bbox 238 1130 360 1185; x_wconf 87' lang='lat' dir='ltr'><strong>absurde</strong></span> <span class='ocrx_word' id='word_1_92' title='bbox 377 1130 434 1183; x_wconf 92' lang='lat' dir='ltr'><strong>hoc</strong></span> <span class='ocrx_word' id='word_1_93' title='bbox 452 1130 512 1184; x_wconf 87' lang='lat' dir='ltr'><strong>dici</strong></span> <span class='ocrx_word' id='word_1_94' title='bbox 529 1133 689 1203; x_wconf 78' lang='lat' dir='ltr'><strong>perspicit?</strong></span> <span class='ocrx_word' id='word_1_95' title='bbox 708 1131 748 1185; x_wconf 73' lang='lat' dir='ltr'><strong>At</strong></span> <span class='ocrx_word' id='word_1_96' title='bbox 766 1133 791 1185; x_wconf 89' lang='lat' dir='ltr'><strong>si</strong></span> <span class='ocrx_word' id='word_1_97' title='bbox 809 1130 1086 1200; x_wconf 70' lang='lat' dir='ltr'><strong>interpunctionem,</strong></span> <span class='ocrx_word' id='word_1_98' title='bbox 1105 1147 1178 1201; x_wconf 89' lang='lat' dir='ltr'><strong>quae</strong></span> <span class='ocrx_word' id='word_1_99' title='bbox 1187 1127 1236 1184; x_wconf 79' lang='lat' dir='ltr'><strong>&#39;cst</strong></span> <span class='ocrx_word' id='word_1_100' title='bbox 1244 1134 1313 1214; x_wconf 87' lang='lat' dir='ltr'><strong>post</strong></span> 
     </span>
     <span class='ocr_line' id='line_1_12' title="bbox 160 1200 1313 1286; baseline -0.001 -30"><span class='ocrx_word' id='word_1_101' title='bbox 160 1208 233 1266; x_wconf 71' lang='lat' dir='ltr'><strong>mut,</strong></span> <span class='ocrx_word' id='word_1_102' title='bbox 273 1209 317 1256; x_wconf 89' lang='lat' dir='ltr'><strong>ost</strong></span> <span class='ocrx_word' id='word_1_103' title='bbox 335 1218 470 1270; x_wconf 81' lang='lat' dir='ltr'><strong>nusquam</strong></span> <span class='ocrx_word' id='word_1_104' title='bbox 486 1205 626 1286; x_wconf 86' lang='lat' dir='ltr'><strong>posueris,</strong></span> <span class='ocrx_word' id='word_1_105' title='bbox 653 1221 689 1256; x_wconf 87' lang='lat' dir='ltr'><strong>ex</strong></span> <span class='ocrx_word' id='word_1_106' title='bbox 713 1200 925 1267; x_wconf 82' lang='lat' dir='ltr'><strong>obscurissima,</strong></span> <span class='ocrx_word' id='word_1_107' title='bbox 950 1201 1008 1253; x_wconf 88' lang='lat' dir='ltr'><strong>imo</strong></span> <span class='ocrx_word' id='word_1_108' title='bbox 1032 1217 1103 1255; x_wconf 84' lang='lat' dir='ltr'><strong>vero</strong></span> <span class='ocrx_word' id='word_1_109' title='bbox 1127 1202 1313 1272; x_wconf 67' lang='lat' dir='ltr'><strong>apertissime</strong></span> 
     </span>
     <span class='ocr_line' id='line_1_13' title="bbox 160 1219 1312 1343; baseline 0.001 -17"><span class='ocrx_word' id='word_1_110' title='bbox 160 1219 290 1336; x_wconf 77' lang='lat' dir='ltr'><strong>absurda,</strong></span> <span class='ocrx_word' id='word_1_111' title='bbox 310 1272 546 1327; x_wconf 75' lang='lat' dir='ltr'><strong>manifestissime</strong></span> <span class='ocrx_word' id='word_1_112' title='bbox 573 1273 681 1326; x_wconf 81' lang='lat' dir='ltr'><strong>rationi</strong></span> <span class='ocrx_word' id='word_1_113' title='bbox 704 1279 792 1343; x_wconf 82' lang='lat' dir='ltr'><strong>atque</strong></span> <span class='ocrx_word' id='word_1_114' title='bbox 815 1270 1050 1343; x_wconf 79' lang='lat' dir='ltr'><strong>praecedentibus</strong></span> <span class='ocrx_word' id='word_1_115' title='bbox 1069 1289 1101 1324; x_wconf 83' lang='lat' dir='ltr'><strong>ec</strong></span> <span class='ocrx_word' id='word_1_116' title='bbox 1126 1271 1312 1342; x_wconf 77' lang='lat' dir='ltr'><strong>sequentibus</strong></span> 
     </span>
     <span class='ocr_line' id='line_1_14' title="bbox 161 1340 1313 1418; baseline -0.001 -22"><span class='ocrx_word' id='word_1_117' title='bbox 161 1350 380 1398; x_wconf 84' lang='lat' dir='ltr'><strong>consentaneam</strong></span> <span class='ocrx_word' id='word_1_118' title='bbox 398 1340 533 1395; x_wconf 78' lang='lat' dir='ltr'><strong>habueris</strong></span> <span class='ocrx_word' id='word_1_119' title='bbox 552 1343 739 1397; x_wconf 86' lang='lat' dir='ltr'><strong>sententiam:</strong></span> <span class='ocrx_word' id='word_1_120' title='bbox 759 1344 969 1418; x_wconf 76' lang='lat' dir='ltr'><strong>interpungens</strong></span> <span class='ocrx_word' id='word_1_121' title='bbox 986 1341 1043 1395; x_wconf 88' lang='lat' dir='ltr'><strong>hoc</strong></span> <span class='ocrx_word' id='word_1_122' title='bbox 1060 1340 1160 1397; x_wconf 87' lang='lat' dir='ltr'><strong>modo:</strong></span> <span class='ocrx_word' id='word_1_123' title='bbox 1187 1340 1222 1395; x_wconf 81' lang='lat' dir='ltr'><strong>Ss‘</strong></span> <span class='ocrx_word' id='word_1_124' title='bbox 1241 1340 1313 1397; x_wconf 78' lang='lat' dir='ltr'><strong>suisa</strong></span> 
     </span>
     <span class='ocr_line' id='line_1_15' title="bbox 161 1413 1313 1483; baseline 0 -17"><span class='ocrx_word' id='word_1_125' title='bbox 161 1421 225 1467; x_wconf 82' lang='lat' dir='ltr'><strong>sont</strong></span> <span class='ocrx_word' id='word_1_126' title='bbox 245 1429 388 1481; x_wconf 78' lang='lat' dir='ltr'><strong>nusquam,</strong></span> <span class='ocrx_word' id='word_1_127' title='bbox 407 1429 466 1466; x_wconf 85' lang='lat' dir='ltr'><strong>esse</strong></span> <span class='ocrx_word' id='word_1_128' title='bbox 484 1429 539 1467; x_wconf 80' lang='lat' dir='ltr'><strong>noa</strong></span> <span class='ocrx_word' id='word_1_129' title='bbox 555 1421 680 1483; x_wconf 82' lang='lat' dir='ltr'><strong>possunt.</strong></span> <span class='ocrx_word' id='word_1_130' title='bbox 723 1413 816 1481; x_wconf 68' lang='lat' dir='ltr'><strong>Quum</strong></span> <span class='ocrx_word' id='word_1_131' title='bbox 841 1415 919 1468; x_wconf 89' lang='lat' dir='ltr'><strong>enim</strong></span> <span class='ocrx_word' id='word_1_132' title='bbox 943 1413 1079 1467; x_wconf 81' lang='lat' dir='ltr'><strong>dixisset:</strong></span> <span class='ocrx_word' id='word_1_133' title='bbox 1111 1414 1196 1467; x_wconf 81' lang='lat' dir='ltr'><strong>Quem</strong></span> <span class='ocrx_word' id='word_1_134' title='bbox 1220 1413 1313 1466; x_wconf 78' lang='lat' dir='ltr'><strong>Iocum</strong></span> 
     </span>
     <span class='ocr_line' id='line_1_16' title="bbox 160 1482 1313 1554; baseline 0.002 -18"><span class='ocrx_word' id='word_1_135' title='bbox 160 1483 305 1536; x_wconf 76' lang='lat' dir='ltr'><strong>incolunt?</strong></span> <span class='ocrx_word' id='word_1_136' title='bbox 329 1482 420 1536; x_wconf 84' lang='lat' dir='ltr'><strong>addit:</strong></span> <span class='ocrx_word' id='word_1_137' title='bbox 454 1482 582 1538; x_wconf 77' lang='lat' dir='ltr'><strong>sienim</strong></span> <span class='ocrx_word' id='word_1_138' title='bbox 601 1484 684 1539; x_wconf 91' lang='lat' dir='ltr'><strong>nullo</strong></span> <span class='ocrx_word' id='word_1_139' title='bbox 704 1485 735 1536; x_wconf 90' lang='lat' dir='ltr'><strong>in</strong></span> <span class='ocrx_word' id='word_1_140' title='bbox 753 1483 818 1538; x_wconf 88' lang='lat' dir='ltr'><strong>loco</strong></span> <span class='ocrx_word' id='word_1_141' title='bbox 837 1490 915 1550; x_wconf 88' lang='lat' dir='ltr'><strong>sunt,</strong></span> <span class='ocrx_word' id='word_1_142' title='bbox 943 1501 1002 1538; x_wconf 85' lang='lat' dir='ltr'><strong>esso</strong></span> <span class='ocrx_word' id='word_1_143' title='bbox 1020 1499 1079 1536; x_wconf 92' lang='lat' dir='ltr'><strong>non</strong></span> <span class='ocrx_word' id='word_1_144' title='bbox 1095 1491 1225 1554; x_wconf 80' lang='lat' dir='ltr'><strong>possunt.</strong></span> <span class='ocrx_word' id='word_1_145' title='bbox 1265 1482 1313 1538; x_wconf 83' lang='lat' dir='ltr'><strong>si-</strong></span> 
     </span>
     <span class='ocr_line' id='line_1_17' title="bbox 160 1549 1314 1628; baseline 0.001 -21"><span class='ocrx_word' id='word_1_146' title='bbox 160 1553 278 1623; x_wconf 86' lang='lat' dir='ltr'><strong>quidem</strong></span> <span class='ocrx_word' id='word_1_147' title='bbox 297 1555 372 1625; x_wconf 83' lang='lat' dir='ltr'><strong>apud</strong></span> <span class='ocrx_word' id='word_1_148' title='bbox 389 1552 504 1625; x_wconf 89' lang='lat' dir='ltr'><strong>philosn</strong></span> <span class='ocrx_word' id='word_1_149' title='bbox 525 1553 577 1608; x_wconf 92' lang='lat' dir='ltr'><strong>hos</strong></span> <span class='ocrx_word' id='word_1_150' title='bbox 594 1554 666 1608; x_wconf 84' lang='lat' dir='ltr'><strong>haec</strong></span> <span class='ocrx_word' id='word_1_151' title='bbox 689 1555 774 1606; x_wconf 84' lang='lat' dir='ltr'><strong>finna</strong></span> <span class='ocrx_word' id='word_1_152' title='bbox 797 1571 911 1628; x_wconf 83' lang='lat' dir='ltr'><strong>semper</strong></span> <span class='ocrx_word' id='word_1_153' title='bbox 934 1561 1069 1606; x_wconf 85' lang='lat' dir='ltr'><strong>manent:</strong></span> <span class='ocrx_word' id='word_1_154' title='bbox 1095 1560 1152 1606; x_wconf 74' lang='grc' dir='ltr'><strong>πᾶν</strong></span> <span class='ocrx_word' id='word_1_155' title='bbox 1175 1549 1206 1606; x_wconf 81' lang='grc' dir='ltr'><strong>τὸ</strong></span> <span class='ocrx_word' id='word_1_156' title='bbox 1228 1553 1264 1609; x_wconf 81' lang='lat' dir='ltr'><strong>dr</strong></span> <span class='ocrx_word' id='word_1_157' title='bbox 1280 1553 1314 1608; x_wconf 74' lang='lat' dir='ltr'><strong>ir</strong></span> 
     </span>
     <span class='ocr_line' id='line_1_18' title="bbox 159 1573 1314 1693; baseline 0.003 -16"><span class='ocrx_word' id='word_1_158' title='bbox 159 1623 236 1691; x_wconf 74' lang='grc' dir='ltr'><strong>τόπῳ</strong></span> <span class='ocrx_word' id='word_1_159' title='bbox 254 1623 316 1677; x_wconf 70' lang='grc' dir='ltr'><em>ἔστί,</em></span> <span class='ocrx_word' id='word_1_160' title='bbox 338 1632 380 1681; x_wconf 86' lang='lat' dir='ltr'><strong>et:</strong></span> <span class='ocrx_word' id='word_1_161' title='bbox 401 1624 483 1679; x_wconf 73' lang='grc' dir='ltr'><em>οὐδὲν</em></span> <span class='ocrx_word' id='word_1_162' title='bbox 500 1573 606 1692; x_wconf 52' lang='lat' dir='ltr'><strong>detorsi</strong></span> <span class='ocrx_word' id='word_1_163' title='bbox 629 1624 661 1678; x_wconf 74' lang='grc' dir='ltr'><strong>ἔν</strong></span> <span class='ocrx_word' id='word_1_164' title='bbox 677 1613 700 1693; x_wconf 69' lang='grc' dir='ltr'><strong><em>ὦ</em></strong></span> <span class='ocrx_word' id='word_1_165' title='bbox 718 1623 769 1678; x_wconf 80' lang='grc' dir='ltr'><strong>οὐκ</strong></span> <span class='ocrx_word' id='word_1_166' title='bbox 787 1624 852 1678; x_wconf 76' lang='grc' dir='ltr'><strong><em>ἔστι.</em></strong></span> <span class='ocrx_word' id='word_1_167' title='bbox 889 1624 973 1678; x_wconf 86' lang='lat' dir='ltr'><strong>Unde</strong></span> <span class='ocrx_word' id='word_1_168' title='bbox 997 1630 1026 1676; x_wconf 88' lang='lat' dir='ltr'><strong>et</strong></span> <span class='ocrx_word' id='word_1_169' title='bbox 1043 1625 1144 1678; x_wconf 83' lang='lat' dir='ltr'><strong>festivi</strong></span> <span class='ocrx_word' id='word_1_170' title='bbox 1163 1622 1246 1680; x_wconf 91' lang='lat' dir='ltr'><strong>illius</strong></span> <span class='ocrx_word' id='word_1_171' title='bbox 1266 1641 1314 1679; x_wconf 84' lang='lat' dir='ltr'><strong>so·</strong></span> 
     </span>
     <span class='ocr_line' id='line_1_19' title="bbox 159 1692 1312 1796; baseline 0.002 -48"><span class='ocrx_word' id='word_1_172' title='bbox 159 1692 470 1781; x_wconf 54' lang='lat' dir='ltr'><strong>phismatishrophili</strong></span> <span class='ocrx_word' id='word_1_173' title='bbox 494 1694 602 1796; x_wconf 54' lang='lat' dir='ltr'><strong>‘medici</strong></span> <span class='ocrx_word' id='word_1_174' title='bbox 617 1695 761 1782; x_wconf 33' lang='lat' dir='ltr'><strong>’adversus</strong></span> <span class='ocrx_word' id='word_1_175' title='bbox 785 1694 944 1780; x_wconf 76' lang='lat' dir='ltr'><strong>Diodorum</strong></span> <span class='ocrx_word' id='word_1_176' title='bbox 969 1703 1161 1778; x_wconf 75' lang='lat' dir='ltr'><strong>cognpmento</strong></span> <span class='ocrx_word' id='word_1_177' title='bbox 1181 1693 1312 1781; x_wconf 67' lang='lat' dir='ltr'><strong>tironum</strong></span> 
     </span>
     <span class='ocr_line' id='line_1_20' title="bbox 159 1764 1314 1914; baseline 0.003 -26"><span class='ocrx_word' id='word_1_178' title='bbox 159 1764 1314 1914; x_wconf 53' lang='lat' dir='ltr'><strong>{tttfflittttttsgttt‘it&#39;25:⁰2i¹itiss¹²21t⁰ttt²u0tttstst</strong></span> 
     </span>
     <span class='ocr_line' id='line_1_21' title="bbox 161 1906 1313 1984; baseline 0.002 -23"><span class='ocrx_word' id='word_1_179' title='bbox 161 1908 222 1961; x_wconf 85' lang='lat' dir='ltr'><strong>sive</strong></span> <span class='ocrx_word' id='word_1_180' title='bbox 240 1906 439 1962; x_wconf 80' lang='lat' dir='ltr'><strong>Bibliothecae</strong></span> <span class='ocrx_word' id='word_1_181' title='bbox 457 1911 535 1984; x_wconf 81' lang='lat' dir='ltr'><strong>regis</strong></span> <span class='ocrx_word' id='word_1_182' title='bbox 555 1907 677 1974; x_wconf 83' lang='lat' dir='ltr'><strong>Galliae,</strong></span> <span class='ocrx_word' id='word_1_183' title='bbox 697 1926 784 1980; x_wconf 86' lang='lat' dir='ltr'><strong>quem</strong></span> <span class='ocrx_word' id='word_1_184' title='bbox 803 1909 834 1960; x_wconf 88' lang='lat' dir='ltr'><strong>in</strong></span> <span class='ocrx_word' id='word_1_185' title='bbox 852 1906 939 1970; x_wconf 84' lang='lat' dir='ltr'><strong>huius</strong></span> <span class='ocrx_word' id='word_1_186' title='bbox 959 1907 1001 1960; x_wconf 88' lang='lat' dir='ltr'><strong>ed.</strong></span> <span class='ocrx_word' id='word_1_187' title='bbox 1015 1907 1147 1983; x_wconf 73' lang='lat' dir='ltr'><strong>margine</strong></span> <span class='ocrx_word' id='word_1_188' title='bbox 1157 1908 1313 1984; x_wconf 74' lang='lat' dir='ltr'><strong>designare</strong></span> 
     </span>
     <span class='ocr_line' id='line_1_22' title="bbox 161 1975 1312 2053; baseline 0.002 -22"><span class='ocrx_word' id='word_1_189' title='bbox 161 1975 236 2031; x_wconf 88' lang='lat' dir='ltr'><strong>soles</strong></span> <span class='ocrx_word' id='word_1_190' title='bbox 253 1978 350 2032; x_wconf 87' lang='lat' dir='ltr'><strong>literis</strong></span> <span class='ocrx_word' id='word_1_191' title='bbox 373 1977 430 2032; x_wconf 85' lang='lat' dir='ltr'><strong>MS.</strong></span> <span class='ocrx_word' id='word_1_192' title='bbox 455 1978 489 2033; x_wconf 84' lang='lat' dir='ltr'><strong>li.</strong></span> <span class='ocrx_word' id='word_1_193' title='bbox 518 1979 616 2034; x_wconf 89' lang='lat' dir='ltr'><strong>eodem</strong></span> <span class='ocrx_word' id='word_1_194' title='bbox 641 1979 758 2048; x_wconf 89' lang='lat' dir='ltr'><strong>quidem</strong></span> <span class='ocrx_word' id='word_1_195' title='bbox 783 1978 868 2033; x_wconf 88' lang='lat' dir='ltr'><strong>modo</strong></span> <span class='ocrx_word' id='word_1_196' title='bbox 892 1977 1004 2053; x_wconf 79' lang='lat' dir='ltr'><strong>legitur</strong></span> <span class='ocrx_word' id='word_1_197' title='bbox 1027 1977 1040 2044; x_wconf 91' lang='lat'>[</span> <span class='ocrx_word' id='word_1_198' title='bbox 1062 1993 1098 2030; x_wconf 89' lang='lat' dir='ltr'><strong>uo</strong></span> <span class='ocrx_word' id='word_1_199' title='bbox 1121 1978 1173 2031; x_wconf 84' lang='lat' dir='ltr'><strong>vul</strong></span> <span class='ocrx_word' id='word_1_200' title='bbox 1213 2015 1223 2043; x_wconf 86' lang='lat'>,</span> <span class='ocrx_word' id='word_1_201' title='bbox 1249 1978 1312 2047; x_wconf 86' lang='lat' dir='ltr'><strong>sed]</strong></span> 
     </span>
     <span class='ocr_line' id='line_1_23' title="bbox 160 1996 1313 2120; baseline 0.002 -20"><span class='ocrx_word' id='word_1_202' title='bbox 160 2046 348 2102; x_wconf 89' lang='lat' dir='ltr'><strong>distinctione</strong></span> <span class='ocrx_word' id='word_1_203' title='bbox 367 2056 485 2116; x_wconf 78' lang='lat' dir='ltr'><strong>mutate,</strong></span> <span class='ocrx_word' id='word_1_204' title='bbox 504 2067 576 2120; x_wconf 80' lang='lat' dir='ltr'><strong>quae</strong></span> <span class='ocrx_word' id='word_1_205' title='bbox 592 2051 715 2120; x_wconf 89' lang='lat' dir='ltr'><strong>ponitur</strong></span> <span class='ocrx_word' id='word_1_206' title='bbox 731 2057 797 2118; x_wconf 87' lang='lat' dir='ltr'><strong>post</strong></span> <span class='ocrx_word' id='word_1_207' title='bbox 813 2065 954 2119; x_wconf 76' lang='lat' dir='ltr'><strong>nusquam.</strong></span> <span class='ocrx_word' id='word_1_208' title='bbox 982 1996 1060 2119; x_wconf 77' lang='lat' dir='ltr'><strong>quod</strong></span> <span class='ocrx_word' id='word_1_209' title='bbox 1084 2046 1120 2102; x_wconf 88' lang='lat' dir='ltr'><strong>de</strong></span> <span class='ocrx_word' id='word_1_210' title='bbox 1160 2050 1167 2062; x_wconf 92' lang='grc'><em>“</em></span> <span class='ocrx_word' id='word_1_211' title='bbox 1193 2051 1233 2103; x_wconf 91' lang='lat' dir='ltr'><strong>&#39;o</strong></span> <span class='ocrx_word' id='word_1_212' title='bbox 1252 2065 1313 2102; x_wconf 93' lang='lat' dir='ltr'><strong>non</strong></span> 
     </span>
     <span class='ocr_line' id='line_1_24' title="bbox 161 2116 1311 2193; baseline 0.001 -22"><span class='ocrx_word' id='word_1_213' title='bbox 161 2124 213 2172; x_wconf 86' lang='lat' dir='ltr'><strong>est.</strong></span> <span class='ocrx_word' id='word_1_214' title='bbox 240 2119 371 2193; x_wconf 76' lang='lat' dir='ltr'><strong>cogitent</strong></span> <span class='ocrx_word' id='word_1_215' title='bbox 396 2119 456 2172; x_wconf 85' lang='lat' dir='ltr'><strong>elii.</strong></span> <span class='ocrx_word' id='word_1_216' title='bbox 494 2120 547 2173; x_wconf 87' lang='lat' dir='ltr'><strong>Est</strong></span> <span class='ocrx_word' id='word_1_217' title='bbox 570 2128 666 2175; x_wconf 87' lang='lat' dir='ltr'><strong>autem</strong></span> <span class='ocrx_word' id='word_1_218' title='bbox 695 2119 750 2174; x_wconf 90' lang='lat' dir='ltr'><strong>iste</strong></span> <span class='ocrx_word' id='word_1_219' title='bbox 774 2118 871 2174; x_wconf 82' lang='lat' dir='ltr'><strong>Codex</strong></span> <span class='ocrx_word' id='word_1_220' title='bbox 898 2135 1040 2173; x_wconf 86' lang='lat' dir='ltr'><strong>annorum</strong></span> <span class='ocrx_word' id='word_1_221' title='bbox 1065 2120 1184 2175; x_wconf 87' lang='lat' dir='ltr'><strong>circiter</strong></span> <span class='ocrx_word' id='word_1_222' title='bbox 1200 2116 1311 2175; x_wconf 73' lang='lat' dir='ltr'>DCCC.</span> 
     </span>
     <span class='ocr_line' id='line_1_25' title="bbox 160 2187 1312 2267; baseline 0.003 -27"><span class='ocrx_word' id='word_1_223' title='bbox 160 2198 335 2243; x_wconf 85' lang='lat' dir='ltr'><strong>memoratus</strong></span> <span class='ocrx_word' id='word_1_224' title='bbox 354 2208 370 2242; x_wconf 89' lang='lat' dir='ltr'><strong>a</strong></span> <span class='ocrx_word' id='word_1_225' title='bbox 388 2187 528 2244; x_wconf 78' lang='lat' dir='ltr'><strong>Salinasio</strong></span> <span class='ocrx_word' id='word_1_226' title='bbox 546 2192 669 2261; x_wconf 83' lang='lat' dir='ltr'><strong>praefat.</strong></span> <span class='ocrx_word' id='word_1_227' title='bbox 689 2191 721 2242; x_wconf 86' lang='lat' dir='ltr'><strong>in</strong></span> <span class='ocrx_word' id='word_1_228' title='bbox 740 2188 903 2244; x_wconf 86' lang='lat' dir='ltr'><strong>Solinnm.“</strong></span> <span class='ocrx_word' id='word_1_229' title='bbox 923 2189 1004 2257; x_wconf 87' lang='lat' dir='ltr'><strong>Quod</strong></span> <span class='ocrx_word' id='word_1_230' title='bbox 1020 2197 1117 2243; x_wconf 82' lang='lat' dir='ltr'><strong>sutem</strong></span> <span class='ocrx_word' id='word_1_231' title='bbox 1135 2190 1209 2245; x_wconf 87' lang='lat' dir='ltr'><strong>alios</strong></span> <span class='ocrx_word' id='word_1_232' title='bbox 1228 2192 1312 2267; x_wconf 72' lang='lat' dir='ltr'><strong>cogi·</strong></span> 
     </span>
     <span class='ocr_line' id='line_1_26' title="bbox 159 2259 1313 2337; baseline 0.004 -25"><span class='ocrx_word' id='word_1_233' title='bbox 159 2266 221 2312; x_wconf 80' lang='lat' dir='ltr'><strong>tare</strong></span> <span class='ocrx_word' id='word_1_234' title='bbox 239 2259 317 2315; x_wconf 83' lang='lat' dir='ltr'><strong>iubet</strong></span> <span class='ocrx_word' id='word_1_235' title='bbox 334 2260 524 2337; x_wconf 78' lang='lat' dir='ltr'><strong>Verburgius‚</strong></span> <span class='ocrx_word' id='word_1_236' title='bbox 551 2263 613 2332; x_wconf 88' lang='lat' dir='ltr'><strong>ipse</strong></span> <span class='ocrx_word' id='word_1_237' title='bbox 631 2267 746 2332; x_wconf 85' lang='lat' dir='ltr'><strong>poterat</strong></span> <span class='ocrx_word' id='word_1_238' title='bbox 763 2263 867 2317; x_wconf 85' lang='lat' dir='ltr'><strong>facere.</strong></span> <span class='ocrx_word' id='word_1_239' title='bbox 904 2259 958 2314; x_wconf 87' lang='lat' dir='ltr'><strong>Res</strong></span> <span class='ocrx_word' id='word_1_240' title='bbox 978 2260 1054 2313; x_wconf 87' lang='lat' dir='ltr'><strong>enim</strong></span> <span class='ocrx_word' id='word_1_241' title='bbox 1073 2276 1132 2314; x_wconf 90' lang='lat' dir='ltr'><strong>non</strong></span> <span class='ocrx_word' id='word_1_242' title='bbox 1150 2268 1195 2316; x_wconf 85' lang='lat' dir='ltr'><strong>est</strong></span> <span class='ocrx_word' id='word_1_243' title='bbox 1212 2261 1313 2317; x_wconf 83' lang='lat' dir='ltr'><strong>admo·</strong></span> 
     </span>
     <span class='ocr_line' id='line_1_27' title="bbox 159 2326 1313 2403; baseline 0.006 -22"><span class='ocrx_word' id='word_1_244' title='bbox 159 2326 229 2382; x_wconf 87' lang='lat' dir='ltr'><strong>dum</strong></span> <span class='ocrx_word' id='word_1_245' title='bbox 247 2330 392 2384; x_wconf 82' lang='lat' dir='ltr'><strong>difficilis:</strong></span> <span class='ocrx_word' id='word_1_246' title='bbox 413 2339 442 2385; x_wconf 87' lang='lat' dir='ltr'><strong>et</strong></span> <span class='ocrx_word' id='word_1_247' title='bbox 458 2332 546 2385; x_wconf 79' lang='lat' dir='ltr'><strong>facile</strong></span> <span class='ocrx_word' id='word_1_248' title='bbox 563 2340 653 2402; x_wconf 84' lang='lat' dir='ltr'><strong>patet,</strong></span> <span class='ocrx_word' id='word_1_249' title='bbox 665 2329 843 2403; x_wconf 85' lang='lat' dir='ltr'><strong>Stephanum</strong></span> <span class='ocrx_word' id='word_1_250' title='bbox 859 2331 890 2384; x_wconf 90' lang='lat' dir='ltr'><strong>h.</strong></span> <span class='ocrx_word' id='word_1_251' title='bbox 904 2331 925 2388; x_wconf 88' lang='lat' dir='ltr'><strong>l.</strong></span> <span class='ocrx_word' id='word_1_252' title='bbox 938 2331 1133 2387; x_wconf 81' lang='lat' dir='ltr'><strong>caecutirisse.</strong></span> <span class='ocrx_word' id='word_1_253' title='bbox 1161 2330 1313 2387; x_wconf 84' lang='lat' dir='ltr'><strong>Scribitur</strong></span> 
     </span>
     <span class='ocr_line' id='line_1_28' title="bbox 158 2402 859 2472; baseline 0.003 -19"><span class='ocrx_word' id='word_1_254' title='bbox 158 2409 255 2455; x_wconf 82' lang='lat' dir='ltr'><strong>autem</strong></span> <span class='ocrx_word' id='word_1_255' title='bbox 274 2419 334 2456; x_wconf 84' lang='lat' dir='ltr'><strong>esse</strong></span> <span class='ocrx_word' id='word_1_256' title='bbox 352 2419 486 2472; x_wconf 83' lang='lat' dir='ltr'><strong>nusquam</strong></span> <span class='ocrx_word' id='word_1_257' title='bbox 506 2403 537 2455; x_wconf 89' lang='lat' dir='ltr'><strong>in</strong></span> <span class='ocrx_word' id='word_1_258' title='bbox 557 2402 623 2456; x_wconf 77' lang='lat' dir='ltr'><strong>(lod.</strong></span> <span class='ocrx_word' id='word_1_259' title='bbox 642 2402 726 2456; x_wconf 89' lang='lat' dir='ltr'><strong>Vind.</strong></span> <span class='ocrx_word' id='word_1_260' title='bbox 745 2404 770 2457; x_wconf 79' lang='lat'><strong>2.</strong></span> <span class='ocrx_word' id='word_1_261' title='bbox 799 2403 859 2456; x_wconf 72' lang='lat' dir='ltr'><strong>Mr.</strong></span> 
     </span>
     <span class='ocr_line' id='line_1_29' title="bbox 230 2472 1312 2548; baseline 0.001 -22"><span class='ocrx_word' id='word_1_262' title='bbox 230 2472 293 2542; x_wconf 75' lang='lat' dir='ltr'><strong>Ego</strong></span> <span class='ocrx_word' id='word_1_263' title='bbox 311 2490 390 2526; x_wconf 85' lang='lat' dir='ltr'><strong>vero</strong></span> <span class='ocrx_word' id='word_1_264' title='bbox 408 2488 541 2543; x_wconf 78' lang='lat' dir='ltr'><strong>nusquam</strong></span> <span class='ocrx_word' id='word_1_265' title='bbox 552 2490 611 2527; x_wconf 85' lang='lat' dir='ltr'><strong>esse</strong></span> <span class='ocrx_word' id='word_1_266' title='bbox 629 2473 693 2529; x_wconf 85' lang='lat' dir='ltr'><strong>illos</strong></span> <span class='ocrx_word' id='word_1_267' title='bbox 708 2472 786 2541; x_wconf 82' lang='lat' dir='ltr'><strong>puto]</strong></span> <span class='ocrx_word' id='word_1_268' title='bbox 798 2472 865 2527; x_wconf 85' lang='lat' dir='ltr'><strong>Cod.</strong></span> <span class='ocrx_word' id='word_1_269' title='bbox 877 2472 946 2548; x_wconf 74' lang='lat' dir='ltr'><strong>Reg.</strong></span> <span class='ocrx_word' id='word_1_270' title='bbox 957 2476 983 2529; x_wconf 76' lang='lat'><strong>4.</strong></span> <span class='ocrx_word' id='word_1_271' title='bbox 1003 2490 1056 2543; x_wconf 80' lang='lat' dir='ltr'><strong>ego</strong></span> <span class='ocrx_word' id='word_1_272' title='bbox 1074 2490 1139 2527; x_wconf 81' lang='lat' dir='ltr'><strong>non</strong></span> <span class='ocrx_word' id='word_1_273' title='bbox 1154 2490 1312 2544; x_wconf 69' lang='lat' dir='ltr'><strong>nusquam:</strong></span> 
     </span>
    </p>
   </div>
   <div class='ocr_carea' id='block_1_6' title="bbox 131 2561 1312 4480">
    <p class='ocr_par' dir='ltr' id='par_1_6' title="bbox 159 2561 1311 2633">
     <span class='ocr_line' id='line_1_30' title="bbox 159 2561 1311 2633; baseline 0.003 -19"><span class='ocrx_word' id='word_1_274' title='bbox 159 2562 237 2630; x_wconf 83' lang='lat' dir='ltr'><strong>quod</strong></span> <span class='ocrx_word' id='word_1_275' title='bbox 263 2571 360 2615; x_wconf 87' lang='lat' dir='ltr'><strong>ortum</strong></span> <span class='ocrx_word' id='word_1_276' title='bbox 386 2569 488 2616; x_wconf 87' lang='lat' dir='ltr'><strong>estex</strong></span> <span class='ocrx_word' id='word_1_277' title='bbox 514 2562 684 2632; x_wconf 87' lang='lat' dir='ltr'><strong>compendio</strong></span> <span class='ocrx_word' id='word_1_278' title='bbox 701 2561 748 2629; x_wconf 72' lang='lat' dir='ltr'><strong>s‘o,</strong></span> <span class='ocrx_word' id='word_1_279' title='bbox 777 2563 852 2632; x_wconf 87' lang='lat' dir='ltr'><strong>quod</strong></span> <span class='ocrx_word' id='word_1_280' title='bbox 870 2561 1006 2617; x_wconf 83' lang='lat' dir='ltr'><strong>librarius</strong></span> <span class='ocrx_word' id='word_1_281' title='bbox 1025 2564 1061 2615; x_wconf 75' lang='lat' dir='ltr'><strong>ssi</strong></span> <span class='ocrx_word' id='word_1_282' title='bbox 1084 2563 1229 2633; x_wconf 83' lang='lat' dir='ltr'><strong>scriptum</strong></span> <span class='ocrx_word' id='word_1_283' title='bbox 1248 2580 1311 2617; x_wconf 88' lang='lat' dir='ltr'><strong>esse</strong></span> 
     </span>
    </p>

    <p class='ocr_par' dir='ltr' id='par_1_7' title="bbox 159 2631 1312 2702">
     <span class='ocr_line' id='line_1_31' title="bbox 159 2631 1312 2702; baseline 0.003 -18"><span class='ocrx_word' id='word_1_284' title='bbox 159 2631 354 2685; x_wconf 81' lang='lat' dir='ltr'><strong>existimabat:</strong></span> <span class='ocrx_word' id='word_1_285' title='bbox 387 2650 481 2702; x_wconf 84' lang='lat' dir='ltr'><strong>neque</strong></span> <span class='ocrx_word' id='word_1_286' title='bbox 504 2634 583 2686; x_wconf 89' lang='lat' dir='ltr'><strong>enim</strong></span> <span class='ocrx_word' id='word_1_287' title='bbox 609 2635 768 2688; x_wconf 84' lang='lat' dir='ltr'><strong>correctori</strong></span> <span class='ocrx_word' id='word_1_288' title='bbox 791 2633 868 2686; x_wconf 86' lang='lat' dir='ltr'><strong>male</strong></span> <span class='ocrx_word' id='word_1_289' title='bbox 891 2633 991 2687; x_wconf 83' lang='lat' dir='ltr'><strong>sedulo</strong></span> <span class='ocrx_word' id='word_1_290' title='bbox 1008 2631 1088 2684; x_wconf 85' lang='lat' dir='ltr'><strong>huno</strong></span> <span class='ocrx_word' id='word_1_291' title='bbox 1106 2650 1237 2688; x_wconf 87' lang='lat' dir='ltr'><strong>errorem</strong></span> <span class='ocrx_word' id='word_1_292' title='bbox 1255 2635 1312 2688; x_wconf 84' lang='lat' dir='ltr'><strong>tri·</strong></span> 
     </span>
    </p>

    <p class='ocr_par' dir='ltr' id='par_1_8' title="bbox 157 2699 1309 2828">
     <span class='ocr_line' id='line_1_32' title="bbox 157 2699 1309 2828; baseline 0.002 -74"><span class='ocrx_word' id='word_1_293' title='bbox 157 2699 281 2828; x_wconf 44' lang='lat' dir='ltr'><strong>{saepiri}</strong></span> <span class='ocrx_word' id='word_1_294' title='bbox 305 2700 469 2827; x_wconf 42' lang='lat' dir='ltr'><strong>sscfiibiqqr</strong></span> <span class='ocrx_word' id='word_1_295' title='bbox 492 2704 558 2756; x_wconf 83' lang='lat' dir='ltr'><strong>illos</strong></span> <span class='ocrx_word' id='word_1_296' title='bbox 580 2720 640 2757; x_wconf 85' lang='lat' dir='ltr'><strong>esss</strong></span> <span class='ocrx_word' id='word_1_297' title='bbox 670 2705 703 2759; x_wconf 93' lang='lat' dir='ltr'><strong>in</strong></span> <span class='ocrx_word' id='word_1_298' title='bbox 735 2704 824 2759; x_wconf 77' lang='lat' dir='ltr'><strong>codd.</strong></span> <span class='ocrx_word' id='word_1_299' title='bbox 846 2703 936 2757; x_wconf 84' lang='lat' dir='ltr'><strong>llehd.</strong></span> <span class='ocrx_word' id='word_1_300' title='bbox 959 2703 1057 2757; x_wconf 91' lang='lat' dir='ltr'><strong>Duisb.</strong></span> <span class='ocrx_word' id='word_1_301' title='bbox 1084 2704 1158 2758; x_wconf 84' lang='lat' dir='ltr'><strong>Gud.</strong></span> <span class='ocrx_word' id='word_1_302' title='bbox 1184 2707 1262 2759; x_wconf 84' lang='lat' dir='ltr'><strong>Mon.</strong></span> <span class='ocrx_word' id='word_1_303' title='bbox 1282 2710 1309 2762; x_wconf 89' lang='lat'><strong>1.</strong></span> 
     </span>
     <span class='ocr_line' id='line_1_33' title="bbox 279 2790 476 2827; baseline 0.015 -3"><span class='ocrx_word' id='word_1_304' title='bbox 279 2810 286 2824; x_wconf 89' lang='lat'><strong>.</strong></span> <span class='ocrx_word' id='word_1_305' title='bbox 326 2812 333 2825; x_wconf 89' lang='lat'>.</span> <span class='ocrx_word' id='word_1_306' title='bbox 381 2809 387 2824; x_wconf 89' lang='lat'><em>.</em></span> <span class='ocrx_word' id='word_1_307' title='bbox 452 2790 476 2827; x_wconf 85' lang='lat' dir='ltr'><strong>r.</strong></span> 
     </span>
    </p>

    <p class='ocr_par' dir='ltr' id='par_1_9' title="bbox 131 2837 1311 3552">
     <span class='ocr_line' id='line_1_34' title="bbox 131 2837 1311 2916; baseline 0.008 -22"><span class='ocrx_word' id='word_1_308' title='bbox 131 2837 136 2845; x_wconf 82' lang='lat'>&#39;</span> <span class='ocrx_word' id='word_1_309' title='bbox 228 2841 325 2908; x_wconf 76' lang='lat' dir='ltr'><strong>Igitur</strong></span> <span class='ocrx_word' id='word_1_310' title='bbox 344 2861 378 2898; x_wconf 81' lang='lat' dir='ltr'><strong>se</strong></span> <span class='ocrx_word' id='word_1_311' title='bbox 396 2860 457 2899; x_wconf 85' lang='lat' dir='ltr'><strong>esse</strong></span> <span class='ocrx_word' id='word_1_312' title='bbox 476 2844 625 2914; x_wconf 61' lang='lat' dir='ltr'><strong>quidemr]</strong></span> <span class='ocrx_word' id='word_1_313' title='bbox 645 2846 720 2900; x_wconf 84' lang='lat' dir='ltr'><strong>Gud.</strong></span> <span class='ocrx_word' id='word_1_314' title='bbox 739 2850 764 2903; x_wconf 82' lang='lat'><strong>2.</strong></span> <span class='ocrx_word' id='word_1_315' title='bbox 783 2846 862 2913; x_wconf 74' lang='lat' dir='ltr'><strong>rorgo</strong></span> <span class='ocrx_word' id='word_1_316' title='bbox 880 2862 935 2916; x_wconf 89' lang='lat' dir='ltr'><strong>pro</strong></span> <span class='ocrx_word' id='word_1_317' title='bbox 952 2846 1052 2913; x_wconf 74' lang='lat' dir='ltr'><strong>igitur.</strong></span> <span class='ocrx_word' id='word_1_318' title='bbox 1074 2847 1142 2901; x_wconf 71' lang='lat' dir='ltr'><strong>Cod-</strong></span> <span class='ocrx_word' id='word_1_319' title='bbox 1160 2846 1236 2901; x_wconf 83' lang='lat' dir='ltr'><strong>Gnd.</strong></span> <span class='ocrx_word' id='word_1_320' title='bbox 1255 2864 1311 2903; x_wconf 75' lang='lat' dir='ltr'><strong>sos</strong></span> 
     </span>
     <span class='ocr_line' id='line_1_35' title="bbox 157 2916 1311 2985; baseline 0.007 -19"><span class='ocrx_word' id='word_1_321' title='bbox 157 2928 211 2983; x_wconf 89' lang='lat' dir='ltr'><strong>pro</strong></span> <span class='ocrx_word' id='word_1_322' title='bbox 230 2929 272 2971; x_wconf 85' lang='lat' dir='ltr'><strong>ns.</strong></span> <span class='ocrx_word' id='word_1_323' title='bbox 292 2917 369 2971; x_wconf 86' lang='lat' dir='ltr'><strong>Mon.</strong></span> <span class='ocrx_word' id='word_1_324' title='bbox 390 2921 414 2971; x_wconf 93' lang='lat' dir='ltr'><strong>l.</strong></span> <span class='ocrx_word' id='word_1_325' title='bbox 436 2931 494 2971; x_wconf 82' lang='lat' dir='ltr'><strong>nec.</strong></span> <span class='ocrx_word' id='word_1_326' title='bbox 531 2916 684 2972; x_wconf 79' lang='lat' dir='ltr'><strong>Riihneros</strong></span> <span class='ocrx_word' id='word_1_327' title='bbox 702 2918 737 2970; x_wconf 85' lang='lat' dir='ltr'><strong>ad</strong></span> <span class='ocrx_word' id='word_1_328' title='bbox 754 2916 783 2972; x_wconf 89' lang='lat' dir='ltr'><strong>h.</strong></span> <span class='ocrx_word' id='word_1_329' title='bbox 804 2917 824 2973; x_wconf 92' lang='lat' dir='ltr'><strong>l.</strong></span> <span class='ocrx_word' id='word_1_330' title='bbox 844 2918 899 2970; x_wconf 86' lang='lat' dir='ltr'><strong>ita:</strong></span> <span class='ocrx_word' id='word_1_331' title='bbox 918 2917 1038 2985; x_wconf 73' lang='lat' dir='ltr'><strong>„Igitur</strong></span> <span class='ocrx_word' id='word_1_332' title='bbox 1056 2918 1142 2972; x_wconf 89' lang='lat' dir='ltr'><strong>initio</strong></span> <span class='ocrx_word' id='word_1_333' title='bbox 1165 2920 1311 2974; x_wconf 86' lang='lat' dir='ltr'><strong>sermonis</strong></span> 
     </span>
     <span class='ocr_line' id='line_1_36' title="bbox 157 2984 1311 3058; baseline 0.006 -21"><span class='ocrx_word' id='word_1_334' title='bbox 157 2984 304 3040; x_wconf 78' lang='lat' dir='ltr'><strong>rarissime</strong></span> <span class='ocrx_word' id='word_1_335' title='bbox 322 2987 398 3057; x_wconf 84' lang='lat' dir='ltr'><strong>apud</strong></span> <span class='ocrx_word' id='word_1_336' title='bbox 416 2985 586 3041; x_wconf 82' lang='lat' dir='ltr'><strong>Ciceronem</strong></span> <span class='ocrx_word' id='word_1_337' title='bbox 605 2991 759 3058; x_wconf 83' lang='lat' dir='ltr'><strong>reperitur.</strong></span> <span class='ocrx_word' id='word_1_338' title='bbox 781 2986 836 3052; x_wconf 82' lang='lat' dir='ltr'>(Cf.</span> <span class='ocrx_word' id='word_1_339' title='bbox 857 2986 977 3052; x_wconf 86' lang='lat' dir='ltr'><strong>Quintil.</strong></span> <span class='ocrx_word' id='word_1_340' title='bbox 997 2989 1068 3042; x_wconf 90' lang='lat' dir='ltr'><strong>lnst.</strong></span> <span class='ocrx_word' id='word_1_341' title='bbox 1098 2989 1144 3044; x_wconf 88' lang='lat' dir='ltr'><strong>Or.</strong></span> <span class='ocrx_word' id='word_1_342' title='bbox 1163 2989 1185 3041; x_wconf 89' lang='lat'><strong>1.</strong></span> <span class='ocrx_word' id='word_1_343' title='bbox 1205 2991 1232 3044; x_wconf 83' lang='lat'><strong>⁵.</strong></span> <span class='ocrx_word' id='word_1_344' title='bbox 1251 2991 1311 3056; x_wconf 72' lang='grc'><strong>39.)</strong></span> 
     </span>
     <span class='ocr_line' id='line_1_37' title="bbox 158 3052 1311 3129; baseline 0.004 -20"><span class='ocrx_word' id='word_1_345' title='bbox 158 3052 215 3109; x_wconf 80' lang='lat' dir='ltr'><strong>Sed</strong></span> <span class='ocrx_word' id='word_1_346' title='bbox 231 3056 329 3111; x_wconf 71' lang='lat' dir='ltr'><strong>Bromi</strong></span> <span class='ocrx_word' id='word_1_347' title='bbox 346 3057 381 3110; x_wconf 90' lang='lat' dir='ltr'><strong>ad</strong></span> <span class='ocrx_word' id='word_1_348' title='bbox 398 3059 464 3111; x_wconf 83' lang='lat' dir='ltr'><strong>Fin.</strong></span> <span class='ocrx_word' id='word_1_349' title='bbox 478 3059 501 3114; x_wconf 89' lang='lat'><strong>1.</strong></span> <span class='ocrx_word' id='word_1_350' title='bbox 521 3061 565 3114; x_wconf 80' lang='lat'><strong>18.</strong></span> <span class='ocrx_word' id='word_1_351' title='bbox 584 3076 613 3129; x_wconf 84' lang='lat' dir='ltr'><strong>p.</strong></span> <span class='ocrx_word' id='word_1_352' title='bbox 632 3062 682 3116; x_wconf 81' lang='lat'><strong>88:</strong></span> <span class='ocrx_word' id='word_1_353' title='bbox 700 3059 796 3126; x_wconf 78' lang='lat' dir='ltr'><strong>Igitur</strong></span> <span class='ocrx_word' id='word_1_354' title='bbox 814 3075 848 3112; x_wconf 83' lang='lat' dir='ltr'><strong>ne</strong></span> <span class='ocrx_word' id='word_1_355' title='bbox 866 3059 1017 3111; x_wconf 83' lang='lat' dir='ltr'><strong>stultorum</strong></span> <span class='ocrx_word' id='word_1_356' title='bbox 1035 3058 1184 3129; x_wconf 79' lang='lat' dir='ltr'><strong>quisquam</strong></span> <span class='ocrx_word' id='word_1_357' title='bbox 1199 3060 1311 3127; x_wconf 78' lang='lat' dir='ltr'><strong>beatus,</strong></span> 
     </span>
     <span class='ocr_line' id='line_1_38' title="bbox 156 3129 1311 3207; baseline 0.004 -26"><span class='ocrx_word' id='word_1_358' title='bbox 156 3134 237 3182; x_wconf 83' lang='lat' dir='ltr'><strong>recte</strong></span> <span class='ocrx_word' id='word_1_359' title='bbox 253 3136 363 3193; x_wconf 83' lang='lat' dir='ltr'><strong>monet,</strong></span> <span class='ocrx_word' id='word_1_360' title='bbox 382 3145 429 3183; x_wconf 89' lang='lat' dir='ltr'><strong>eos</strong></span> <span class='ocrx_word' id='word_1_361' title='bbox 447 3129 526 3183; x_wconf 91' lang='lat' dir='ltr'><strong>locos</strong></span> <span class='ocrx_word' id='word_1_362' title='bbox 544 3138 679 3200; x_wconf 80' lang='lat' dir='ltr'><strong>exceptos</strong></span> <span class='ocrx_word' id='word_1_363' title='bbox 698 3147 770 3193; x_wconf 87' lang='lat' dir='ltr'><strong>esse,</strong></span> <span class='ocrx_word' id='word_1_364' title='bbox 789 3131 821 3183; x_wconf 87' lang='lat' dir='ltr'><strong>in</strong></span> <span class='ocrx_word' id='word_1_365' title='bbox 840 3129 944 3199; x_wconf 90' lang='lat' dir='ltr'><strong>quibus</strong></span> <span class='ocrx_word' id='word_1_366' title='bbox 963 3130 1065 3184; x_wconf 87' lang='lat' dir='ltr'><strong>Cicero</strong></span> <span class='ocrx_word' id='word_1_367' title='bbox 1082 3131 1119 3183; x_wconf 87' lang='lat' dir='ltr'><strong>ad</strong></span> <span class='ocrx_word' id='word_1_368' title='bbox 1142 3129 1311 3207; x_wconf 75' lang='lat' dir='ltr'><strong>syllogismi</strong></span> 
     </span>
     <span class='ocr_line' id='line_1_39' title="bbox 156 3192 1310 3275; baseline 0.005 -24"><span class='ocrx_word' id='word_1_369' title='bbox 156 3201 281 3253; x_wconf 81' lang='lat' dir='ltr'><strong>formam</strong></span> <span class='ocrx_word' id='word_1_370' title='bbox 306 3199 522 3253; x_wconf 87' lang='lat' dir='ltr'><strong>conclusionem</strong></span> <span class='ocrx_word' id='word_1_371' title='bbox 546 3202 650 3264; x_wconf 84' lang='lat' dir='ltr'><strong>faciat,·</strong></span> <span class='ocrx_word' id='word_1_372' title='bbox 682 3203 707 3254; x_wconf 91' lang='lat' dir='ltr'><strong>si</strong></span> <span class='ocrx_word' id='word_1_373' title='bbox 730 3217 800 3255; x_wconf 83' lang='lat' dir='ltr'><strong>vero</strong></span> <span class='ocrx_word' id='word_1_374' title='bbox 828 3192 976 3253; x_wconf 87' lang='lat' dir='ltr'><strong>conclusio</strong></span> <span class='ocrx_word' id='word_1_375' title='bbox 1005 3202 1044 3254; x_wconf 87' lang='lat' dir='ltr'><strong>sit</strong></span> <span class='ocrx_word' id='word_1_376' title='bbox 1071 3201 1227 3275; x_wconf 74' lang='lat' dir='ltr'><strong>generalis,</strong></span> <span class='ocrx_word' id='word_1_377' title='bbox 1254 3220 1310 3257; x_wconf 86' lang='lat' dir='ltr'><strong>nec</strong></span> 
     </span>
     <span class='ocr_line' id='line_1_40' title="bbox 156 3271 1310 3345; baseline 0.006 -24"><span class='ocrx_word' id='word_1_378' title='bbox 156 3271 279 3324; x_wconf 84' lang='lat' dir='ltr'><strong>rationis</strong></span> <span class='ocrx_word' id='word_1_379' title='bbox 297 3271 436 3340; x_wconf 83' lang='lat' dir='ltr'><strong>quaedam</strong></span> <span class='ocrx_word' id='word_1_380' title='bbox 454 3271 580 3324; x_wconf 77' lang='lat' dir='ltr'><strong>formula</strong></span> <span class='ocrx_word' id='word_1_381' title='bbox 597 3272 773 3341; x_wconf 80' lang='lat' dir='ltr'><strong>proferatur,</strong></span> <span class='ocrx_word' id='word_1_382' title='bbox 802 3271 987 3345; x_wconf 76' lang='lat' dir='ltr'><strong>corrigendos</strong></span> <span class='ocrx_word' id='word_1_383' title='bbox 1006 3290 1076 3337; x_wconf 87' lang='lat' dir='ltr'><strong>esse,</strong></span> <span class='ocrx_word' id='word_1_384' title='bbox 1108 3273 1133 3326; x_wconf 93' lang='lat' dir='ltr'><strong>si</strong></span> <span class='ocrx_word' id='word_1_385' title='bbox 1161 3273 1212 3343; x_wconf 87' lang='lat' dir='ltr'><strong>qui</strong></span> <span class='ocrx_word' id='word_1_386' title='bbox 1228 3275 1310 3329; x_wconf 70' lang='lat' dir='ltr'><strong>forts</strong></span> 
     </span>
     <span class='ocr_line' id='line_1_41' title="bbox 155 3340 1309 3412; baseline 0.005 -19"><span class='ocrx_word' id='word_1_387' title='bbox 155 3342 231 3410; x_wconf 86' lang='lat' dir='ltr'><strong>apud</strong></span> <span class='ocrx_word' id='word_1_388' title='bbox 249 3340 381 3395; x_wconf 83' lang='lat' dir='ltr'><strong>Tullium</strong></span> <span class='ocrx_word' id='word_1_389' title='bbox 401 3341 460 3395; x_wconf 87' lang='lat' dir='ltr'><strong>loci</strong></span> <span class='ocrx_word' id='word_1_390' title='bbox 478 3341 512 3394; x_wconf 87' lang='lat' dir='ltr'><strong>ab</strong></span> <span class='ocrx_word' id='word_1_391' title='bbox 530 3342 586 3395; x_wconf 85' lang='lat' dir='ltr'><strong>ista</strong></span> <span class='ocrx_word' id='word_1_392' title='bbox 601 3342 746 3412; x_wconf 83' lang='lat' dir='ltr'><strong>particula</strong></span> <span class='ocrx_word' id='word_1_393' title='bbox 764 3343 937 3411; x_wconf 86' lang='lat' dir='ltr'><strong>incipientes</strong></span> <span class='ocrx_word' id='word_1_394' title='bbox 957 3341 1219 3412; x_wconf 83' lang='lat' dir='ltr'><strong>deprehendantur.</strong></span> <span class='ocrx_word' id='word_1_395' title='bbox 1247 3344 1309 3401; x_wconf 82' lang='lat' dir='ltr'><strong>Nos</strong></span> 
     </span>
     <span class='ocr_line' id='line_1_42' title="bbox 154 3412 1308 3552; baseline 0.005 -89"><span class='ocrx_word' id='word_1_396' title='bbox 154 3419 304 3536; x_wconf 53' lang='lat' dir='ltr'><strong>ffiffioet</strong></span> <span class='ocrx_word' id='word_1_397' title='bbox 319 3412 430 3552; x_wconf 73' lang='lat' dir='ltr'><strong>quidem</strong></span> <span class='ocrx_word' id='word_1_398' title='bbox 446 3413 647 3537; x_wconf 57' lang='grc' dir='ltr'><strong>ἰυῐοτνῦοὲαηᾶί</strong></span> <span class='ocrx_word' id='word_1_399' title='bbox 660 3414 780 3536; x_wconf 59' lang='lat' dir='ltr'><strong>signqm</strong></span> <span class='ocrx_word' id='word_1_400' title='bbox 789 3413 1308 3543; x_wconf 51' lang='lat' dir='ltr'><strong>Ei⁸ui¹3ui29umiv⁰ii⁹’&amp;hvffia‚i’</strong></span> 
     </span>
    </p>

    <p class='ocr_par' dir='ltr' id='par_1_10' title="bbox 147 3496 1309 4271">
     <span class='ocr_line' id='line_1_43' title="bbox 271 3496 1238 3547; baseline 0.003 -11"><span class='ocrx_word' id='word_1_401' title='bbox 271 3496 280 3547; x_wconf 71' lang='grc' dir='ltr'><strong>ς</strong></span> <span class='ocrx_word' id='word_1_402' title='bbox 339 3500 402 3536; x_wconf 86' lang='lat' dir='ltr'><strong>uam</strong></span> <span class='ocrx_word' id='word_1_403' title='bbox 426 3500 491 3535; x_wconf 88' lang='lat' dir='ltr'><strong>uam</strong></span> <span class='ocrx_word' id='word_1_404' title='bbox 570 3501 704 3538; x_wconf 85' lang='lat' dir='ltr'><strong>erensms</strong></span> <span class='ocrx_word' id='word_1_405' title='bbox 755 3521 762 3535; x_wconf 91' lang='lat'><strong>.</strong></span> <span class='ocrx_word' id='word_1_406' title='bbox 826 3524 832 3539; x_wconf 92' lang='lat'><strong>.</strong></span> <span class='ocrx_word' id='word_1_407' title='bbox 870 3501 885 3535; x_wconf 92' lang='lat' dir='ltr'><strong>a</strong></span> <span class='ocrx_word' id='word_1_408' title='bbox 954 3501 990 3539; x_wconf 81' lang='lat' dir='ltr'><strong>rc.</strong></span> <span class='ocrx_word' id='word_1_409' title='bbox 1042 3502 1058 3538; x_wconf 87' lang='lat' dir='ltr'><strong>e</strong></span> <span class='ocrx_word' id='word_1_410' title='bbox 1115 3502 1178 3539; x_wconf 81' lang='lat' dir='ltr'><strong>snn.</strong></span> <span class='ocrx_word' id='word_1_411' title='bbox 1230 3521 1238 3539; x_wconf 83' lang='lat'><strong>.</strong></span> 
     </span>
     <span class='ocr_line' id='line_1_44' title="bbox 154 3501 1309 3623; baseline 0.007 -18"><span class='ocrx_word' id='word_1_412' title='bbox 154 3554 199 3609; x_wconf 75' lang='lat'><strong>92.</strong></span> <span class='ocrx_word' id='word_1_413' title='bbox 217 3551 355 3615; x_wconf 79' lang='lat' dir='ltr'><strong>(dicimus</strong></span> <span class='ocrx_word' id='word_1_414' title='bbox 373 3501 496 3623; x_wconf 53' lang='lat' dir='ltr'><strong>aliquem</strong></span> <span class='ocrx_word' id='word_1_415' title='bbox 513 3552 607 3608; x_wconf 69' lang='lat' dir='ltr'><strong>litore</strong></span> <span class='ocrx_word' id='word_1_416' title='bbox 623 3555 725 3608; x_wconf 67' lang='lat' dir='ltr'><strong>osvero</strong></span> <span class='ocrx_word' id='word_1_417' title='bbox 754 3555 773 3606; x_wconf 88' lang='lat' dir='ltr'><strong>l</strong></span> <span class='ocrx_word' id='word_1_418' title='bbox 776 3555 894 3622; x_wconf 75' lang='lat' dir='ltr'><strong>gitur,</strong></span> <span class='ocrx_word' id='word_1_419' title='bbox 911 3555 941 3607; x_wconf 84' lang='lat' dir='ltr'><strong>ss&#39;</strong></span> <span class='ocrx_word' id='word_1_420' title='bbox 958 3555 1045 3608; x_wconf 78' lang='lat' dir='ltr'><strong>semel</strong></span> <span class='ocrx_word' id='word_1_421' title='bbox 1061 3556 1179 3611; x_wconf 81' lang='lat' dir='ltr'><strong>trs&#39;sts&#39;or</strong></span> <span class='ocrx_word' id='word_1_422' title='bbox 1196 3558 1309 3622; x_wconf 68' lang='lat' dir='ltr'><strong>effectus</strong></span> 
     </span>
     <span class='ocr_line' id='line_1_45' title="bbox 154 3621 1309 3699; baseline 0.003 -22"><span class='ocrx_word' id='word_1_423' title='bbox 154 3627 206 3688; x_wconf 84' lang='lat' dir='ltr'><strong>sst,</strong></span> <span class='ocrx_word' id='word_1_424' title='bbox 223 3621 318 3676; x_wconf 80' lang='lat' dir='ltr'><strong>litora</strong></span> <span class='ocrx_word' id='word_1_425' title='bbox 336 3625 396 3677; x_wconf 82' lang='lat' dir='ltr'><strong>vito</strong></span> <span class='ocrx_word' id='word_1_426' title='bbox 413 3624 520 3677; x_wconf 82' lang='lat' dir='ltr'><strong>amisso</strong></span> <span class='ocrx_word' id='word_1_427' title='bbox 538 3625 620 3692; x_wconf 67' lang='lat' dir='ltr'><strong>esti)</strong></span> <span class='ocrx_word' id='word_1_428' title='bbox 645 3644 675 3680; x_wconf 82' lang='lat' dir='ltr'><strong>se</strong></span> <span class='ocrx_word' id='word_1_429' title='bbox 699 3626 796 3679; x_wconf 90' lang='lat' dir='ltr'><strong>locum</strong></span> <span class='ocrx_word' id='word_1_430' title='bbox 814 3627 950 3699; x_wconf 68' lang='lat' dir='ltr'><strong>ignorare</strong></span> <span class='ocrx_word' id='word_1_431' title='bbox 966 3628 1019 3689; x_wconf 86' lang='lat' dir='ltr'><strong>ait,</strong></span> <span class='ocrx_word' id='word_1_432' title='bbox 1042 3626 1091 3680; x_wconf 89' lang='lat' dir='ltr'><strong>ubi</strong></span> <span class='ocrx_word' id='word_1_433' title='bbox 1110 3627 1216 3696; x_wconf 78' lang='lat' dir='ltr'><strong>igitur,</strong></span> <span class='ocrx_word' id='word_1_434' title='bbox 1241 3645 1309 3681; x_wconf 85' lang='lat' dir='ltr'><strong>cnm</strong></span> 
     </span>
     <span class='ocr_line' id='line_1_46' title="bbox 153 3693 1307 3768; baseline 0.003 -20"><span class='ocrx_word' id='word_1_435' title='bbox 153 3693 395 3768; x_wconf 69' lang='lat' dir='ltr'><strong>interrogatione,</strong></span> <span class='ocrx_word' id='word_1_436' title='bbox 421 3693 458 3748; x_wconf 89' lang='lat' dir='ltr'><strong>ab</strong></span> <span class='ocrx_word' id='word_1_437' title='bbox 481 3696 568 3749; x_wconf 86' lang='lat' dir='ltr'><strong>initio</strong></span> <span class='ocrx_word' id='word_1_438' title='bbox 595 3705 727 3767; x_wconf 81' lang='lat' dir='ltr'><strong>ponatur.</strong></span> <span class='ocrx_word' id='word_1_439' title='bbox 771 3697 827 3749; x_wconf 85' lang='lat' dir='ltr'><strong>Est</strong></span> <span class='ocrx_word' id='word_1_440' title='bbox 852 3697 994 3750; x_wconf 78' lang='lat' dir='ltr'><strong>nimirum</strong></span> <span class='ocrx_word' id='word_1_441' title='bbox 1019 3707 1048 3751; x_wconf 87' lang='lat' dir='ltr'><strong>et</strong></span> <span class='ocrx_word' id='word_1_442' title='bbox 1071 3695 1128 3752; x_wconf 88' lang='lat' dir='ltr'><strong>hoc</strong></span> <span class='ocrx_word' id='word_1_443' title='bbox 1152 3706 1182 3753; x_wconf 84' lang='lat' dir='ltr'><strong>st</strong></span> <span class='ocrx_word' id='word_1_444' title='bbox 1206 3707 1307 3753; x_wconf 81' lang='lat' dir='ltr'><strong>nostro</strong></span> 
     </span>
     <span class='ocr_line' id='line_1_47' title="bbox 152 3765 1307 3842; baseline 0.004 -24"><span class='ocrx_word' id='word_1_445' title='bbox 152 3765 219 3819; x_wconf 88' lang='lat' dir='ltr'><strong>loco</strong></span> <span class='ocrx_word' id='word_1_446' title='bbox 237 3765 431 3819; x_wconf 87' lang='lat' dir='ltr'><strong>conclusionis</strong></span> <span class='ocrx_word' id='word_1_447' title='bbox 449 3767 566 3835; x_wconf 86' lang='lat' dir='ltr'><strong>quidem</strong></span> <span class='ocrx_word' id='word_1_448' title='bbox 584 3768 720 3832; x_wconf 77' lang='lat' dir='ltr'><strong>formula,</strong></span> <span class='ocrx_word' id='word_1_449' title='bbox 740 3767 790 3821; x_wconf 90' lang='lat' dir='ltr'><strong>sed</strong></span> <span class='ocrx_word' id='word_1_450' title='bbox 806 3769 1045 3842; x_wconf 76' lang='lat' dir='ltr'><strong>interrogationis</strong></span> <span class='ocrx_word' id='word_1_451' title='bbox 1061 3771 1158 3823; x_wconf 78' lang='lat' dir='ltr'><strong>forma</strong></span> <span class='ocrx_word' id='word_1_452' title='bbox 1175 3769 1307 3840; x_wconf 75' lang='lat' dir='ltr'><strong>prolutas</strong></span> 
     </span>
     <span class='ocr_line' id='line_1_48' title="bbox 152 3836 1308 3908; baseline 0.005 -19"><span class='ocrx_word' id='word_1_453' title='bbox 152 3836 235 3906; x_wconf 85' lang='lat' dir='ltr'><strong>quasi</strong></span> <span class='ocrx_word' id='word_1_454' title='bbox 252 3836 344 3891; x_wconf 86' lang='lat' dir='ltr'><strong>diost:</strong></span> <span class='ocrx_word' id='word_1_455' title='bbox 363 3836 410 3891; x_wconf 83' lang='lat' dir='ltr'><strong>Tu</strong></span> <span class='ocrx_word' id='word_1_456' title='bbox 427 3853 493 3891; x_wconf 89' lang='lat' dir='ltr'><strong>cum</strong></span> <span class='ocrx_word' id='word_1_457' title='bbox 513 3838 622 3892; x_wconf 84' lang='lat' dir='ltr'><strong>dixeris</strong></span> <span class='ocrx_word' id='word_1_458' title='bbox 641 3848 782 3908; x_wconf 82' lang='lat' dir='ltr'><strong>nusquam</strong></span> <span class='ocrx_word' id='word_1_459' title='bbox 800 3856 862 3892; x_wconf 88' lang='lat' dir='ltr'><strong>esse</strong></span> <span class='ocrx_word' id='word_1_460' title='bbox 879 3838 959 3904; x_wconf 85' lang='lat' dir='ltr'><strong>illos,</strong></span> <span class='ocrx_word' id='word_1_461' title='bbox 979 3855 1076 3894; x_wconf 89' lang='lat' dir='ltr'><strong>nonne</strong></span> <span class='ocrx_word' id='word_1_462' title='bbox 1093 3840 1135 3893; x_wconf 84' lang='lat' dir='ltr'><strong>ita</strong></span> <span class='ocrx_word' id='word_1_463' title='bbox 1154 3840 1308 3895; x_wconf 84' lang='lat' dir='ltr'><strong>continua·</strong></span> 
     </span>
     <span class='ocr_line' id='line_1_49' title="bbox 151 3905 1306 3979; baseline 0.008 -21"><span class='ocrx_word' id='word_1_464' title='bbox 151 3905 197 3959; x_wconf 89' lang='lat' dir='ltr'><strong>bis</strong></span> <span class='ocrx_word' id='word_1_465' title='bbox 216 3914 246 3960; x_wconf 88' lang='lat' dir='ltr'><strong>et</strong></span> <span class='ocrx_word' id='word_1_466' title='bbox 263 3907 395 3963; x_wconf 81' lang='lat' dir='ltr'><strong>absolves</strong></span> <span class='ocrx_word' id='word_1_467' title='bbox 413 3907 648 3964; x_wconf 81' lang='lat' dir='ltr'><strong>conclusionem.-</strong></span> <span class='ocrx_word' id='word_1_468' title='bbox 672 3910 767 3976; x_wconf 79' lang='lat' dir='ltr'><strong>s&#39;gs&#39;tur</strong></span> <span class='ocrx_word' id='word_1_469' title='bbox 790 3926 825 3963; x_wconf 82' lang='lat' dir='ltr'><strong>ne</strong></span> <span class='ocrx_word' id='word_1_470' title='bbox 842 3915 904 3963; x_wconf 82' lang='lat' dir='ltr'><strong>es&#39;se</strong></span> <span class='ocrx_word' id='word_1_471' title='bbox 922 3909 1054 3979; x_wconf 73' lang='lat' dir='ltr'><strong>quidem?</strong></span> <span class='ocrx_word' id='word_1_472' title='bbox 1077 3938 1111 3949; x_wconf 92' lang='lat'>-</span> <span class='ocrx_word' id='word_1_473' title='bbox 1140 3909 1213 3967; x_wconf 84' lang='lat' dir='ltr'><strong>Dav.</strong></span> <span class='ocrx_word' id='word_1_474' title='bbox 1231 3910 1306 3967; x_wconf 76' lang='lat' dir='ltr'><strong>Em.</strong></span> 
     </span>
     <span class='ocr_line' id='line_1_50' title="bbox 152 3977 1307 4102; baseline 0.003 -70"><span class='ocrx_word' id='word_1_475' title='bbox 152 3977 252 4032; x_wconf 84' lang='lat' dir='ltr'><strong>etalii</strong></span> <span class='ocrx_word' id='word_1_476' title='bbox 271 3978 364 4102; x_wconf 74' lang='lat' dir='ltr'><strong>plene</strong></span> <span class='ocrx_word' id='word_1_477' title='bbox 391 3978 597 4033; x_wconf 83' lang='lat' dir='ltr'><strong>distinxerunt.</strong></span> <span class='ocrx_word' id='word_1_478' title='bbox 632 3978 652 4033; x_wconf 87' lang='lat' dir='ltr'>S</span> <span class='ocrx_word' id='word_1_479' title='bbox 690 3982 771 4033; x_wconf 87' lang='lat' dir='ltr'><strong>nitur</strong></span> <span class='ocrx_word' id='word_1_480' title='bbox 794 3983 827 4034; x_wconf 83' lang='lat' dir='ltr'><strong>ia</strong></span> <span class='ocrx_word' id='word_1_481' title='bbox 845 3981 917 4036; x_wconf 88' lang='lat' dir='ltr'><strong>Cod.</strong></span> <span class='ocrx_word' id='word_1_482' title='bbox 935 3983 1010 4038; x_wconf 81' lang='lat' dir='ltr'><strong>ltloa.</strong></span> <span class='ocrx_word' id='word_1_483' title='bbox 1030 3985 1056 4040; x_wconf 73' lang='lat'><strong>2.</strong></span> <span class='ocrx_word' id='word_1_484' title='bbox 1079 3989 1307 4051; x_wconf 72' lang='lat' dir='ltr'><strong>prorsue-‚pjuts</strong></span> 
     </span>
     <span class='ocr_line' id='line_1_51' title="bbox 150 3998 1307 4123; baseline 0.003 -20"><span class='ocrx_word' id='word_1_485' title='bbox 150 4048 207 4103; x_wconf 70' lang='lat' dir='ltr'><strong>isso</strong></span> <span class='ocrx_word' id='word_1_486' title='bbox 224 4065 269 4103; x_wconf 86' lang='lat' dir='ltr'><strong>mo</strong></span> <span class='ocrx_word' id='word_1_487' title='bbox 289 4066 315 4105; x_wconf 89' lang='lat' dir='ltr'><strong>o.</strong></span> <span class='ocrx_word' id='word_1_488' title='bbox 351 4048 418 4103; x_wconf 80' lang='lat' dir='ltr'><strong>Alia</strong></span> <span class='ocrx_word' id='word_1_489' title='bbox 435 4051 498 4104; x_wconf 84' lang='lat' dir='ltr'><strong>inte</strong></span> <span class='ocrx_word' id='word_1_490' title='bbox 535 3998 890 4107; x_wconf 62' lang='lat' dir='ltr'><strong>olationdbsboratvuo„</strong></span> <span class='ocrx_word' id='word_1_491' title='bbox 906 4056 928 4107; x_wconf 88' lang='lat'><strong>1.</strong></span> <span class='ocrx_word' id='word_1_492' title='bbox 949 4053 981 4105; x_wconf 88' lang='lat' dir='ltr'><strong>in</strong></span> <span class='ocrx_word' id='word_1_493' title='bbox 1001 4069 1057 4123; x_wconf 89' lang='lat' dir='ltr'><strong>quo</strong></span> <span class='ocrx_word' id='word_1_494' title='bbox 1076 4061 1133 4108; x_wconf 88' lang='lat' dir='ltr'><strong>est:</strong></span> <span class='ocrx_word' id='word_1_495' title='bbox 1152 4051 1307 4107; x_wconf 79' lang='lat' dir='ltr'><strong>lstoassde</strong></span> 
     </span>
     <span class='ocr_line' id='line_1_52' title="bbox 147 4120 1308 4200; baseline 0.006 -30"><span class='ocrx_word' id='word_1_496' title='bbox 147 4135 271 4187; x_wconf 80' lang='lat' dir='ltr'><strong>prorsus</strong></span> <span class='ocrx_word' id='word_1_497' title='bbox 288 4120 434 4174; x_wconf 74' lang='lat' dir='ltr'><strong>existimo:</strong></span> <span class='ocrx_word' id='word_1_498' title='bbox 452 4127 480 4175; x_wconf 83' lang='lat' dir='ltr'><strong>st</strong></span> <span class='ocrx_word' id='word_1_499' title='bbox 550 4121 583 4177; x_wconf 84' lang='lat' dir='ltr'><strong>id</strong></span> <span class='ocrx_word' id='word_1_500' title='bbox 600 4123 711 4193; x_wconf 77' lang='lat' dir='ltr'><strong>quidem</strong></span> <span class='ocrx_word' id='word_1_501' title='bbox 729 4122 837 4177; x_wconf 81' lang='lat' dir='ltr'><strong>saisers’.</strong></span> <span class='ocrx_word' id='word_1_502' title='bbox 860 4123 930 4188; x_wconf 84' lang='lat' dir='ltr'><strong>Cod.</strong></span> <span class='ocrx_word' id='word_1_503' title='bbox 949 4124 1022 4200; x_wconf 72' lang='lat' dir='ltr'><strong>Aug.</strong></span> <span class='ocrx_word' id='word_1_504' title='bbox 1042 4123 1164 4178; x_wconf 68' lang='lat' dir='ltr'><strong>lborsus</strong></span> <span class='ocrx_word' id='word_1_505' title='bbox 1182 4125 1227 4177; x_wconf 77' lang='lat' dir='ltr'><strong>its</strong></span> <span class='ocrx_word' id='word_1_506' title='bbox 1244 4122 1308 4179; x_wconf 68' lang='grc' dir='ltr'><strong>αἱ·</strong></span> 
     </span>
     <span class='ocr_line' id='line_1_53' title="bbox 149 4189 1305 4271; baseline 0.005 -30"><span class='ocrx_word' id='word_1_507' title='bbox 149 4189 242 4247; x_wconf 79' lang='lat' dir='ltr'><strong>sts&#39;mo.</strong></span> <span class='ocrx_word' id='word_1_508' title='bbox 279 4192 343 4245; x_wconf 84' lang='lat' dir='ltr'><strong>Vox</strong></span> <span class='ocrx_word' id='word_1_509' title='bbox 367 4199 461 4246; x_wconf 81' lang='lat' dir='ltr'><strong>tumen</strong></span> <span class='ocrx_word' id='word_1_510' title='bbox 487 4194 566 4249; x_wconf 87' lang='lat' dir='ltr'><strong>abest</strong></span> <span class='ocrx_word' id='word_1_511' title='bbox 591 4194 695 4249; x_wconf 84' lang='lat' dir='ltr'><strong>aGod.</strong></span> <span class='ocrx_word' id='word_1_512' title='bbox 714 4194 798 4250; x_wconf 78' lang='lat' dir='ltr'><strong>vind</strong></span> <span class='ocrx_word' id='word_1_513' title='bbox 817 4197 845 4251; x_wconf 71' lang='lat'><em>2</em></span> <span class='ocrx_word' id='word_1_514' title='bbox 869 4193 943 4251; x_wconf 80' lang='lat' dir='ltr'><strong>Edd.</strong></span> <span class='ocrx_word' id='word_1_515' title='bbox 962 4193 999 4249; x_wconf 83' lang='grc' dir='ltr'><strong>Η.</strong></span> <span class='ocrx_word' id='word_1_516' title='bbox 1026 4196 1056 4249; x_wconf 82' lang='grc' dir='ltr'><strong>Ρ.</strong></span> <span class='ocrx_word' id='word_1_517' title='bbox 1075 4195 1255 4271; x_wconf 75' lang='lat' dir='ltr'><strong>Verburgius</strong></span> <span class='ocrx_word' id='word_1_518' title='bbox 1274 4195 1305 4247; x_wconf 85' lang='lat' dir='ltr'><strong>in</strong></span> 
     </span>
    </p>

    <p class='ocr_par' dir='ltr' id='par_1_11' title="bbox 149 4261 1030 4402">
     <span class='ocr_line' id='line_1_54' title="bbox 149 4261 1030 4402; baseline 0.005 -13"><span class='ocrx_word' id='word_1_519' title='bbox 149 4263 627 4402; x_wconf 51' lang='lat' dir='ltr'><strong>mutiat-“ttitttt</strong></span> <span class='ocrx_word' id='word_1_520' title='bbox 644 4261 709 4391; x_wconf 67' lang='lat' dir='ltr'><strong>li.</strong></span> <span class='ocrx_word' id='word_1_521' title='bbox 722 4267 913 4390; x_wconf 47' lang='lat' dir='ltr'><strong>&#39;libitima</strong></span> <span class='ocrx_word' id='word_1_522' title='bbox 933 4266 1030 4393; x_wconf 64' lang='grc' dir='ltr'><em>Μ’·ι)</em></span> 
     </span>
    </p>

    <p class='ocr_par' dir='ltr' id='par_1_12' title="bbox 220 4338 1307 4480">
     <span class='ocr_line' id='line_1_55' title="bbox 220 4338 1307 4480; baseline 0.003 -19"><span class='ocrx_word' id='word_1_523' title='bbox 220 4404 294 4461; x_wconf 84' lang='lat' dir='ltr'><strong>Qus&#39;o</strong></span> <span class='ocrx_word' id='word_1_524' title='bbox 311 4406 383 4461; x_wconf 82' lang='lat' dir='ltr'><strong>nulli</strong></span> <span class='ocrx_word' id='word_1_525' title='bbox 399 4408 502 4476; x_wconf 79' lang='lat' dir='ltr'><strong>sont]</strong></span> <span class='ocrx_word' id='word_1_526' title='bbox 515 4358 525 4390; x_wconf 51' lang='grc' dir='ltr'>Ι</span> <span class='ocrx_word' id='word_1_527' title='bbox 538 4355 705 4480; x_wconf 64' lang='lat' dir='ltr'><strong>Nodgpotui</strong></span> <span class='ocrx_word' id='word_1_528' title='bbox 730 4408 762 4463; x_wconf 86' lang='lat' dir='ltr'><strong>in</strong></span> <span class='ocrx_word' id='word_1_529' title='bbox 788 4338 1042 4467; x_wconf 43' lang='lat' dir='ltr'><strong>indubium</strong></span> <span class='ocrx_word' id='word_1_530' title='bbox 1070 4426 1223 4476; x_wconf 80' lang='lat' dir='ltr'><strong>consensu,</strong></span> <span class='ocrx_word' id='word_1_531' title='bbox 1239 4405 1307 4479; x_wconf 77' lang='lat' dir='ltr'><strong>,qui</strong></span> 
     </span>
    </p>
   </div>
   <div class='ocr_carea' id='block_1_7' title="bbox 0 0 1418 5070">
    <p class='ocr_par' dir='ltr' id='par_1_13' title="bbox 0 0 1418 5070">
     <span class='ocr_line' id='line_1_56' title="bbox 0 0 1418 5070; baseline 0 2"><span class='ocrx_word' id='word_1_532' title='bbox 0 0 1418 5070; x_wconf 95' lang='lat' dir='ltr'><strong> </strong></span> 
     </span>
    </p>
   </div>
  </div>
 </body>
</html>
