2828 5070
545 308 679 374 meta
697 307 743 388 11,
766 307 814 375 18.
1211 306 1275 379 w
1360 296 1365 305 ⁸

120 495 189 538 uua
209 475 330 537 ceteris
352 474 542 554 excellebat,
560 493 678 538 omuee
699 473 888 535 nominatae
909 473 986 540 tint.
1028 473 1204 556 Appellato
1225 479 1276 534 eet

122 558 212 622 euim
233 577 272 620 ex
293 559 365 620 viro
385 560 516 620 virtue:
550 558 619 619 viri
640 564 750 618 autem
772 557 910 638 proprie
931 556 1074 618 maxime
1096 564 1147 617 est
1175 555 1275 616 torti-

122 639 216 716 tudo,
245 641 342 702 cuius
370 658 511 704 munere
538 637 605 701 duo
634 647 714 700 runt
741 640 895 715 maxime,
930 638 1050 699 mortio
1082 635 1276 717 dolorisque

123 724 336 786 contemtio.
391 718 559 784 Utendum
587 728 637 784 eet
669 722 776 804 igitur
801 718 870 793 hie,
906 722 935 780 oi
973 719 1111 801 virtutio
1143 738 1277 800 compo-

123 812 185 884 teo,
212 743 275 870 vel
293 805 405 887 potius
432 806 462 866 ei
482 805 551 866 viri
580 803 736 867 volumus
757 821 843 864 esee:
877 803 1035 884 quoniam
1062 821 1083 863 a
1104 802 1186 863 virio
1206 802 1278 863 vir-

131 933 258 940 ---..--
263 931 318 939 -..η
331 933 339 938 ..
343 930 542 938 ...m-...—

124 992 160 1046 od
184 992 243 1045 cto.
263 991 286 1044 1.
306 993 332 1046 5.
359 994 425 1061 μδ
479 1028 485 1041 .
511 991 551 1054 ll,
576 993 600 1046 7.
651 1028 658 1042 .
680 994 713 1046 10
730 1007 771 1060 aq.
808 989 854 1043 Ad
877 1008 904 1042 v.
932 989 1081 1044 excellebat
1100 987 1280 1042 Camerariua

124 1080 263 1128 „verum‚
283 1062 334 1126 ait,
353 1078 412 1114 eece
429 1062 460 1112 vi
480 1069 547 1114 etur
564 1008 711 1114 excellat.“
742 1063 776 1114 ln
803 1078 893 1136 inarg-
913 1060 1028 1114 Lorubb.
1055 1067 1084 1112 et
1102 1057 1190 1113 Goth.
1211 1058 1281 1111 ecri-

125 1143 209 1204 ptum
228 1142 284 1186 est:
305 1133 399 1197 „fort
418 1132 583 1186 excellent.“
620 1132 701 1184 lianc
720 1147 778 1185 esse
797 1131 955 1186 camerarii
974 1131 1171 1184 coniecturam
1189 1130 1282 1182 refert

126 1205 189 1258 0r.:
211 1203 410 1257 Carnemrium
437 1213 532 1257 autem
559 1202 683 1257 voluisse
702 1203 819 1256 excellat
843 1202 872 1256 le
934 1202 966 1253 in
984 1201 1143 1255 camerarii
1161 1200 1280 1254 Aunott.

127 1275 159 1326 in
177 1275 236 1327 Cic.
264 1273 365 1348 (bugd.
394 1292 409 1326 e
432 1313 438 1326 .
459 1275 582 1329 l'redou.
605 1276 631 1328 8.
678 1289 690 1325 .’
706 1273 762 1337 et.)
789 1273 821 1325 iu
894 1272 1016 1326 .Verbu
1054 1310 1061 1323 .
1087 1280 1116 1324 et
1139 1271 1170 1324 in
1188 1271 1283 1342 Wop-

127 1345 222 1398 keneii
241 1347 334 1429 lectt.
354 1343 399 1396 Tu
415 1384 433 1429 .·
458 1348 568 1429 11149.
590 1291 681 1428 (1803·
698 1343 846 1428 Francispi
869 1352 965 1397 autem
991 1290 1118 1396 dericii
1142 1342 1214 1396 hoec
1242 1350 1283 1395 eet

128 1425 310 1540 altit..
325 1417 529 1540 ’titali‘
547 1415 897 1558 {titllwbfffflst‘
911 1411 1283 1555 limitabit?

128 1555 503 1692 little-elebffici‘e‘t[qtqporqul
515 1563 546 1610 ot
565 1556 919 1682 emgmbmqlloe'pvelb·
935 1554 1285 1692 pntmpepquqvl’riokcie-

130 1647 1095 1680 n...1.......

129 1647 272 1755 siffis&
297 1698 485 1765 ,‚Focillimo‚
512 1628 632 1764 allflros
647 1646 808 1751 lbutotione
826 1696 975 1751 excelleret
985 1641 1214 1780 deponeremul?
1229 1643 1287 1748 dibi

130 1770 248 1824 modum
273 1769 411 1822 eiusmodi
439 1769 630 1822 indicativum
657 1769 790 1823 Ciceroni
820 1769 894 1821 nou'
910 1767 996 1837 plane
1026 1766 1196 1819 inusitatum
1227 1783 1287 1820 cere

130 1841 238 1895 dudum
257 1839 512 1893 observosemusf‘
547 1841 627 1914 Ergo
645 1839 723 1891 nihil
740 1839 798 1891 fuit
817 1838 1002 1892 tentandum:
1026 1837 1177 1892 excellebat
1194 1837 1287 1908 pouit,

132 1921 165 1964 ut
184 1911 395 1984 intelligamus:
417 1925 497 1979 qoam
515 1926 600 1963 anam
616 1909 722 1963 ceterie
740 1909 874 1964 excellere
890 1908 1021 1962 videbant
1043 1909 1168 1962 maiorer
1185 1907 1286 1962 nostri.

131 1982 210 2049 Quod
227 1997 297 2034 vero
315 1981 487 2033 Bouhieriue
506 1998 542 2034 ex
559 1997 616 2034 uno
636 1981 703 2034 (lod.
724 1980 804 2034 Leid.
829 1980 945 2034 volebat
969 1980 1093 2056 corrigi:
1118 1979 1169 2034 aad
1195 1980 1230 2031 ab
1255 1993 1289 2032 ea

131 2053 207 2124 ipeo,
227 2067 295 2120 qaae
321 2066 377 2103 ono
396 2052 498 2106 ceterie
516 2052 679 2118 excellebat,
706 2052 736 2104 id
761 2051 955 2105 necessarium
973 2066 1031 2103 non
1055 2057 1106 2105 eet.
1144 2050 1290 2104 scribitur

132 2135 229 2178 autem
248 2122 366 2177 excellat
385 2123 417 2175 in
435 2140 492 2177 uno
512 2125 561 2177 0¹.
582 2126 657 2176 lllon.
678 2127 702 2177 l.
722 2122 795 2175 Edd.
816 2125 845 2175 l’.
865 2122 898 2174 A.
918 2122 949 2173 Β.
970 2120 999 2174 S.
1018 2121 1052 2174 a.
1072 2122 1103 2176 C.
1123 2123 1155 2175 t..
1167 2124 1204 2174 Μ.
1216 2123 1287 2176 Ven.

133 2195 191 2248 Alt.
211 2195 256 2259 (in
274 2212 303 2245 m
359 2232 365 2244 .
386 2193 512 2259 excellet)
531 2204 560 2247 et
578 2192 685 2247 nostrie
702 2193 773 2246 Edd.
793 2202 865 2246 vett.
884 2200 951 2245 ente
970 2192 1055 2245 Grut.
1082 2192 1222 2257 omuibus,
1242 2209 1290 2246 ex-

130 2267 222 2337 ceptis
240 2211 434 2337 Robltltepb.
461 2265 545 2319 beod.
571 2264 679 2318 Stunn.
706 2265 783 2317 Vict.
812 2262 869 2318 Sed
887 2262 972 2317 Codd.
1000 2263 1119 2334 reliqui,
1147 2271 1290 2331 quotquot

132 2338 326 2400 innotescunt,
349 2338 558 2407 Imperfectum
575 2343 704 2388 tuentur.
726 2361 759 2372 -
778 2337 833 2388 Pro
850 2334 908 2387 tint
925 2332 1033 2386 hebent
1051 2340 1115 2387 eant
1142 2333 1199 2386 duo
1218 2334 1288 2387 Oxx.

134 2409 208 2463 Gud.
231 2412 254 2461 1.
274 2406 349 2482 Aug.
369 2410 394 2463 2.
415 2407 500 2459 Viud.
522 2411 546 2461 l.
565 2405 638 2459 Edd.
658 2406 687 2457 P.
706 2404 740 2458 A.
759 2407 790 2458 B.
810 2405 837 2459 S.
855 2407 890 2458 Ε.
911 2406 944 2456 V.
970 2405 1040 2456 Ven.
1061 2414 1150 2458 nostr.
1175 2402 1219 2469 (iu
1236 2403 1291 2456 bec

132 2495 186 2551 pro
203 2476 363 2531 nominatae
380 2477 493 2551 legitur
510 2475 659 2542 novitatoe,
683 2476 759 2530 uude
777 2476 841 2529 noli
852 2476 999 2530 conticere
1013 2474 1166 2542 recitatae)
1183 2474 1247 2528 Aac.
1265 2478 1289 2531 1.

135 2567 227 2624 marg.
247 2546 304 2600 ms.
323 2547 388 2600 Aac.
408 2556 523 2601 nostrae
541 2550 567 2602 2
587 2548 667 2601 lunt.
686 2547 754 2601 llcb.
776 2547 876 2619 steph.
913 2547 973 2601 Mr.

207 2637 355 2706 Appellato
374 2642 416 2690 eet
435 2635 510 2690 enim
527 2651 568 2690 ec
584 2635 647 2690 circ
665 2634 790 2703 virm]
826 2638 896 2701 „Vu
931 2651 984 2689 oo
1001 2633 1079 2688 viror
1105 2635 1194 2689 Sede
1211 2636 1293 2689 nobie

137 2718 180 2762 est
198 2710 307 2761 Victor.
336 2709 407 2776 quin
449 2725 464 2761 e
488 2708 558 2760 PalL
578 2707 646 2762 Feb.
665 2705 764 2760 Pith.“
790 2705 900 2761 Gellar
921 2749 928 2764 .
966 2707 1078 2759 liabent
1102 2722 1120 2759 a
1138 2707 1235 2773 codd,
1258 2715 1292 2759 ut

136 2781 263 2844 videtur,
282 2779 394 2849 aliquot
435 2798 482 2830 xx.
511 2777 584 2853 Aug.
613 2778 687 2831 Gud.
713 2778 784 2830 Edd.
812 2779 850 2831 bt.
874 2779 906 2831 1..
926 2779 976 2833 Fr.
995 2778 1078 2830 Febr.
1107 2777 1170 2831 Gar.
1191 2776 1291 2848 Steplt.

137 2853 218 2904 Brut.
237 2850 319 2904 Boul.
338 2849 404 2909 Ald.
424 2849 443 2903 S
467 2849 504 2902 lb.
524 2849 638 2902 Lombb.
658 2848 746 2902 Goth.
766 2848 852 2902 head.
877 2847 1109 2904 adsentantium
1127 2849 1293 2902 ccussGer·

136 2922 212 3006 lach.
239 2922 273 2974 od
297 2920 414 3005 Sallust.
443 2869 529 2974 litu.
550 2920 603 2985 111,
621 2923 648 2976 e.
676 2937 705 2992 p.
724 2921 768 2975 41.
798 2947 831 2958 -
857 2919 940 2975 Soloe
965 2919 1032 2975 eoa
1051 2919 1136 2973 Vind
1158 2925 1182 2977 1.
1206 2919 1292 2974 hebet

138 3010 212 3048 enom
229 3000 271 3048 eet
290 3010 308 3047 o
326 3008 397 3047 vero.
433 2992 494 3046 Mr.

209 3066 362 3135 Appellato
386 3069 429 3119 eet
456 3062 529 3116 enim
552 3079 587 3117 ec
618 3061 682 3117 viro
709 3061 816 3130 metae]
852 3065 919 3117 Non
945 3061 1032 3116 aliter
1060 3061 1226 3116 Lactantius
1258 3060 1293 3114 de

139 3136 215 3204 Opil.
234 3136 289 3189 Dei
307 3154 367 3206 cup.
390 3138 431 3190 12.
472 3132 528 3190 Vir
544 3133 641 3202 itaque
667 3134 828 3188 nominatae
851 3140 901 3198 eet,
926 3134 999 3203 quod
1021 3134 1114 3187 maior
1138 3130 1170 3184 in
1195 3148 1227 3185 eo
1250 3130 1293 3184 oie

139 3212 192 3269 eet,
211 3223 292 3274 qam
318 3205 349 3257 in
367 3204 480 3272 semino,
508 3210 534 3257 et
551 3203 617 3257 ltine
633 3204 726 3259 oirtoe
743 3221 840 3258 nomen
863 3204 987 3273 occepit3
1012 3221 1099 3274 quem
1115 3203 1213 3255 locum
1230 3203 1292 3255 tere

139 3277 291 3346 descripsit
311 3276 435 3328 Isidorus
454 3274 504 3329 Ori
527 3313 533 3325 .
562 3275 614 3327 lib.
634 3277 683 3329 xl.
703 3279 809 3346 capi.
847 3274 1014 3330 Venirerbii
1041 3274 1115 3327 ratic
1137 3282 1188 3339 eet,
1216 3272 1293 3342 quod

137 3348 239 3413 virtue,
258 3356 291 3399 ut
310 3346 427 3399 Graecis
445 3291 537 3415 ἀρετᾷ,
555 3347 673 3418 proprie
692 3345 887 3414 foratadinem
904 3344 1063 3400 denotabat.
1099 3343 1137 3397 D.

213 3435 281 3490 Viri
307 3441 400 3489 antem
420 3434 540 3503 propria
566 3435 687 3506 maxime
704 3440 747 3489 eat
765 3434 928 3502 fortitudo]
964 3436 1053 3495 Recte
1078 3433 1162 3486 docet
1185 3431 1292 3497 auhn,

139 3509 309 3562 Ciceronem
328 3505 500 3559 adiectivum
517 3505 654 3573 propriae
671 3504 741 3558 cum‘
756 3507 893 3560 Genitivo
912 3507 1041 3581 iungere.
1078 3506 1123 3556 Ne
1141 3518 1210 3555 vero
1228 3504 1293 3573 quio

139 3590 239 3633 contra
261 3579 336 3631 banc
358 3577 584 3631 observationem
610 3577 708 3630 laudet
734 3578 779 3630 Or.
810 3593 864 3648 pro
889 3577 967 3631 Sext.
992 3577 1071 3629 llaec.
1098 3577 1127 3639 8,
1145 3576 1194 3629 tl:
1231 3573 1293 3626 tria

137 3651 259 3719 praedio
279 3682 312 3692 -
333 3648 466 3717 Capitoni
481 3647 610 3716 proptia,
641 3649 665 3700 is
692 3648 827 3719 inspiciet
851 3648 949 3701 locum
975 3647 1131 3721 integrum.
1168 3644 1294 3698 Additur

140 3723 218 3774 enim
241 3722 280 3773 ibi
306 3721 465 3785 tradantur,
489 3720 564 3772 unde
582 3718 701 3771 Dativus
726 3720 838 3790 pendet.
877 3717 1025 3773 scribitur
1050 3722 1093 3770 eet
1115 3714 1238 3769 maxime
1260 3715 1293 3766 in

140 3792 225 3844 Codd.
248 3791 337 3845 liebd.
364 3792 449 3844 Merb.
479 3794 553 3843 Mon.
575 3794 614 3852 l.;
641 3791 765 3844 marimo
787 3789 875 3843 hebet
896 3806 969 3841 unue
993 3789 1055 3856 Ox„
1082 3787 1155 3838 aliua
1181 3785 1292 3839 omittit

141 3879 203 3915 eom
221 3879 330 3914 vocem.
367 3864 474 3915 Vocem
493 3861 547 3913 dno
565 3861 677 3913 omittit
695 3862 761 3914 (lod.
778 3859 881 3913 naiso
910 3858 1055 3913 Scribitur
1078 3854 1203 3910 maxima
1227 3861 1292 3909 eant

141 3935 172 3984 iu
191 3933 256 3985 God.
276 3931 365 3984 Rebd.
386 3932 456 3984 Edd.
483 3933 511 3982 Ρ.
532 3932 565 3982 Α.
583 3931 614 3982 Β.
635 3930 663 3998 S.
691 3931 721 3984 (l.
741 3935 774 3983 V.
795 3933 883 3983 111..
904 3938 932 3983 et
950 3929 1055 3981 nostrie
1073 3927 1202 3980 omnibus
1225 3936 1292 3982 ante

140 4006 224 4057 Grut.
264 4002 320 4056 Sed
338 4002 423 4055 Codd.
452 4017 549 4054 omnes
573 4009 692 4073 praeter
715 4019 790 4065 eum,
815 4018 902 4070 quem
923 3999 995 4065 dixi,
1023 4006 1153 4065 nostrum
1171 4000 1293 4052 tuentur

139 4076 281 4139 ordinem,
309 4091 431 4143 eumque
457 4071 514 4124 iam
539 4073 643 4124 Brutus
670 4090 685 4125 e
712 4072 779 4126 (lod.
806 4069 919 4142 Grypb.
951 4070 1087 4123 enotavit.
1129 4070 1210 4123 Unus
1239 4070 1290 4124 01.

140 4146 251 4202 omittit
269 4143 379 4199 mortio.
400 4143 472 4229 Aug.
492 4143 578 4196 habet
601 4143 746 4197 contentio.
782 4145 842 4196 Mr.
1001 4150 1009 4159 ”

213 4217 347 4271 Utendum
369 4221 411 4270 eet
437 4214 532 4284 egitur
554 4213 621 4281 tin]
657 4215 743 4268 Codd.
769 4214 859 4268 Rebd.
885 4213 959 4265 Mon.
978 4214 1021 4277 2,
1048 4210 1119 4264 Edd.
1141 4210 1169 4264 S.
1189 4212 1223 4263 Ε.
1242 4208 1290 4263 iie.

141 4288 227 4340 Godd.
254 4289 326 4342 Gud.
352 4289 449 4341 Duiob.
469 4285 537 4339 tiis.
564 4286 630 4340 (lod.
651 4288 726 4338 Mon.
749 4291 772 4342 1.
797 4283 908 4339 omittit
929 4300 958 4336 ee
979 4301 1049 4337 uene
1072 4280 1108 4334 el.
1146 4279 1293 4334 scribitur

142 4360 278 4426 compotis
297 4360 327 4411 in
345 4360 398 4412 Ed.
419 4361 467 4412 Fr.
488 4358 583 4423 Fabr„
603 4358 635 4409 in
653 4354 719 4410 Cod.
739 4355 836 4408 Duisb.
857 4371 917 4409 eree
934 4301 1068 4409 coloniae.
1105 4350 1166 4406 Mr.

214 4429 352 4485 moniam
370 4446 387 4483 o
404 4430 466 4486 oiro
484 4429 576 4485 cirtae
592 4443 690 4485 nonan
707 4434 750 4485 eet
772 4427 911 4496 mutuato]
947 4428 1024 4483 llaec
1047 4423 1082 4480 ob
1104 4422 1203 4493 eliqua
1223 4436 1293 4494 σχο·
