2828 5070
120 271 183 340 tos
322 266 552 334 CICERONIS
574 265 823 334 TUSCULAN.
845 267 1080 336 DISPUTAT.

287 437 381 506 Quem
403 434 485 500 uidit
507 455 594 498 nemo
615 436 676 500 otti
697 434 952 518 ingemiscentem
972 437 1078 500 molo!

283 517 344 584 Sic
363 518 522 600 fe'miouto
543 517 647 584 uirtus
668 519 803 601 afflicto
823 519 953 585 occidit.

117 646 303 655 —-——-..-.
311 648 459 655 ...u-u...—
470 645 547 655 -..ο-..-
1258 657 1285 664 ,-

119 708 230 778 recepit
248 708 450 761 Bentleiannm
467 707 537 760 meu'
555 706 695 774 virginali
711 725 798 775 more,
824 725 996 779 quamquam
1019 709 1053 761 in
1077 728 1152 762 ann.
1185 715 1287 774 eodem,

120 797 176 851 quo
196 781 227 831 in
247 781 343 845 tertia,
363 779 446 832 modo
464 780 616 854 vulgatum
635 781 772 833 defendit.
811 783 870 834 Mt.

192 869 252 922 Heu
273 868 448 943 virginalem
476 884 522 918 me
549 884 598 920 ore
614 868 755 936 ploratum
779 868 871 934 edere]
908 871 951 922 lta
970 870 1105 923 Codices:
1139 873 1285 944 similique

119 938 204 993 modo
223 939 393 1010 virginalem
413 938 608 991 verecundiam
626 941 726 994 dixere
754 950 852 993 noster
876 958 928 1012 pro
947 941 1066 1005 Quintio
1094 960 1164 1014 cap.
1184 946 1234 998 xl.
1262 956 1284 998 et

119 1012 315 1082 Hieronymus
338 1012 373 1063 ad
395 1010 587 1062 Eustochium
611 1012 704 1082 Epist.
730 1012 804 1064 XIX.
830 1030 894 1082 patr.
922 1014 980 1067 136.
1018 1013 1053 1064 D.
1080 1024 1188 1067 autem
1207 1018 1282 1068 tam

119 1084 204 1136 binus
223 1092 252 1135 et
271 1083 319 1135 Fr.
340 1081 488 1134 Fabricius
507 1091 661 1152 reponunt,
688 1081 738 1134 beu
756 1056 896 1156 virginali
920 1100 999 1136 more
1022 1085 1175 1151 ploratum
1194 1088 1282 1151 edem

121 1155 190 1226 quia
209 1153 364 1225 Sophocles
388 1171 428 1203 vs.
451 1155 527 1207 1088.
554 1152 639 1206 babet
663 1153 743 1218 ὅςτις,
770 1149 837 1213 ὦςιε
854 1156 1001 1223 παρθένος,
1020 1156 1161 1225 Βέβρυχα
1183 1163 1282 1213 κλαίων.

120 1225 212 1280 Miror
231 1225 365 1295 equidem
391 1224 486 1276 doctos
511 1223 577 1275 illos
604 1226 683 1277 viros
708 1224 762 1277 hac
787 1225 821 1277 de
849 1243 930 1277 causa
952 1226 1112 1278 lectionem
1140 1248 1184 1280 vu
1233 1242 1283 1283 tam

120 1305 253 1359 mutasse,
273 1313 338 1349 cum
358 1294 450 1347 cuivis
469 1303 573 1363 pateat,
593 1313 669 1359 euin,
689 1295 750 1366 qni,
774 1291 846 1350 ὥστε
864 1297 1012 1365 παρθένος,
1029 1299 1158 1367 βέβρυχε
1178 1319 1196 1353 1
1214 1308 1283 1365 uter,

120 1368 292 1436 virginalem
309 1368 453 1435 ploratum
472 1365 601 1419 edidisse.
639 1368 728 1420 Henr.
758 1375 853 1420 nmen
872 1367 1032 1439 Stephanus
1052 1370 1167 1446 Castig.
1194 1374 1226 1425 in
1244 1374 1283 1426 Ci-

120 1458 179 1495 cer.
200 1458 233 1509 pa
258 1478 263 1490 .
283 1441 325 1493 37.
345 1436 422 1488 hanc
438 1435 668 1504 παραδιόρθωσιν
686 1446 725 1490 est
745 1438 902 1509 amplexus,
921 1439 1057 1507 additque
1068 1441 1227 1510 ploratum
1236 1461 1284 1497 non

120 1527 180 1574 ore,
200 1527 228 1561 se
266 1508 357 1561 oculis
377 1508 430 1559 edi.
469 1508 508 1558 Et
527 1526 592 1560 sane
611 1508 728 1561 Servius
755 1509 790 1562 ad
813 1508 884 1562 Aen.
911 1510 960 1575 vl,
979 1513 1040 1565 427.
1067 1511 1225 1581 ploratum
1249 1517 1285 1567 tn·

121 1581 276 1635 crimurum
298 1585 406 1632 tuntum
431 1594 491 1630 esse
514 1579 674 1632 confirmat.
713 1579 768 1632 Sed
787 1581 893 1632 rectius
912 1581 987 1633 idem
1013 1582 1237 1639 Grammaticus
1257 1587 1285 1639 ad

120 1653 192 1705 Aen.
212 1652 261 1715 xl,
281 1653 342 1706 211.
363 1650 489 1732 plorare,
508 1666 570 1701 cum
588 1666 652 1705 uoce
668 1651 736 1713 flere
754 1651 888 1720 explicat.
926 1653 1033 1704 Noster
1052 1654 1135 1706 infra
1157 1674 1222 1729 cap.
1233 1659 1284 1710 XV.

124 1722 258 1780 Videmus
276 1738 310 1773 eu
329 1736 391 1775 acte
410 1721 509 1787 efferri
526 1737 609 1788 saepe
628 1721 749 1784 saucios,
769 1728 795 1774 et
815 1723 925 1791 quidem
954 1723 1053 1775 rudem
1080 1725 1172 1779 illum
1197 1738 1224 1782 et
1246 1729 1286 1781 ia·

121 1795 315 1855 exercitatum,
336 1792 463 1864 quamuis
481 1792 535 1844 leui
554 1794 623 1858 ictu,
642 1793 771 1862 ploratus
789 1793 968 1862 turpissimos
986 1794 1080 1846 edere.
1112 1799 1224 1852 Livius
1240 1801 1291 1852 lib·

119 1868 209 1923 xxn.
230 1884 253 1918 c.
278 1869 319 1922 14.
358 1863 491 1932 Strepunt
510 1879 594 1917 cures
613 1863 785 1916 clamoribus
810 1864 988 1934 plorantium
1013 1866 1172 1922 sociorum
1214 1872 1284 1925 Idem

119 1940 224 1993 xxm.
245 1940 289 1992 tt.
329 1936 416 1991 Quum
435 1935 582 2005 ploratum
598 1951 685 2003 prope
703 1935 853 2003 coniugum
884 1943 910 1988 et
937 1935 1093 1988 liberorum
1121 1949 1285 1997 nostrorum

121 2009 257 2065 exaudire
283 2040 314 2049 -
338 2021 446 2073 posses.
493 2005 600 2058 Seneca
628 2007 720 2076 Epist.
749 2006 849 2059 Lxsst.
893 2005 1114 2061 Lacrimandum
1143 2020 1202 2079 eet,
1239 2032 1284 2068 uos

119 2078 298 2150 plorando
306 2094 341 2127 m.
381 2076 457 2127 Hinc
476 2092 491 2126 a
513 2076 551 2128 ud
568 2086 681 2129 veteres
699 2077 873 2130 inclamandi
890 2077 1138 2153 significationem
1150 2084 1284 2150 obtinuit,

121 2151 197 2221 quod
215 2148 327 2200 docebit
347 2146 369 2197 F
371 2154 454 2198 estus.
491 2094 528 2198 l).

192 2219 363 2287 m'rgiuulem
380 2234 429 2271 me
447 2218 528 2284 ore]
565 2219 645 2271 Unus
669 2219 719 2272 Ox.
747 2219 917 2288 otrgs'nulem
934 2236 1021 2286 sucre,
1046 2223 1121 2277 alius
1149 2228 1285 2295 virginem

119 2309 164 2348 me
191 2309 248 2359 ore,
273 2291 345 2345 Gud.
367 2291 391 2344 2.
419 2290 589 2358 mopinotem
611 2306 672 2343 meo
699 2307 784 2344 more.
822 2292 898 2344 Haeo
923 2291 1012 2345 lectio
1045 2296 1110 2348 sine
1135 2297 1231 2353 dubio
1256 2318 1285 2352 ex

121 2401 278 2472 scriptione
296 2416 339 2452 me
357 2370 434 2451 virore
459 2407 522 2450 orta
546 2405 597 2463 ost,
626 2415 681 2466 qua
706 2415 795 2468 prava
813 2399 986 2451 correctoris
1012 2399 1137 2455 alicuius
1168 2407 1285 2478 scriptio

120 2490 199 2527 more
218 2493 232 2525 a
251 2472 441 2543 prudentiore
459 2470 558 2540 aliquo
577 2477 639 2521 erat
662 2479 803 2533 correcta,
829 2469 880 2539 qui
906 2469 1032 2539 syllabae
1057 2490 1104 2526 mo
1127 2480 1286 2548 superseri.

120 2544 202 2599 beret
220 2561 248 2608 ο,
268 2543 344 2612 quod
361 2542 506 2613 posterior
525 2540 650 2610 quidam,
679 2540 815 2662 relipiose
841 2540 962 2606 scilicet,
988 2542 1020 2594 in
1044 2553 1187 2601 contexta
1210 2567 1286 2602 rece·

143 2617 174 2668 it.
214 2616 293 2666 Idem
312 2613 379 2665 Cod.
403 2612 488 2664 aliam
507 2629 596 2681 aeque
621 2610 738 2680 probabi
754 2629 799 2664 em
828 2611 913 2664 habet
932 2613 1149 2670 correctionem
1168 2623 1284 2674 ederem

120 2635 238 2754 deliqui
258 2701 354 2736 omnes
373 2683 423 2733 vul
446 2691 522 2734 atam
541 2682 668 2735 firmant.
705 2683 752 2735 Ex
770 2681 855 2735 Codd.
877 2683 985 2736 Oxonn.
1007 2687 1156 2741 erroribus
1176 2693 1286 2746 Wake-

122 2748 237 2809 fleldius
257 2771 313 2806 non
333 2701 461 2817 absurde
487 2752 535 2806 sed
559 2752 677 2824 propius
701 2753 735 2805 ad
761 2753 871 2829 Graeca
896 2755 982 2806 verba
1002 2755 1139 2810 effectum
1160 2762 1201 2814 iri
1221 2781 1286 2817 cen-

122 2828 212 2880 sebat:
242 2822 312 2877 beu!
336 2824 464 2891 uirginis
491 2841 534 2877 me
557 2839 644 2876 more.
672 2851 705 2861 -
741 2824 869 2889 Frustra,
890 2825 985 2880 iudice
1003 2827 1167 2884 Erfurdtio.
1209 2833 1286 2900 Quod

122 2907 218 2953 autem
236 2906 299 2965 post
318 2895 451 2948 miserius
471 2895 686 2948 distinctionem
706 2896 849 2949 minorem
876 2897 945 2967 poni
971 2898 1086 2953 volebat
1103 2900 1216 2969 Βοιὼ,
1244 2907 1287 2957 vi.

122 2969 231 3022 delicet
250 2976 282 3018 ut
302 2966 447 3042 significet
466 2975 550 3034 pocta
567 2966 622 3018 hoc
641 2982 736 3029 versu,
756 2985 892 3036 quasnam
911 2967 1045 3023 miserius
1066 2982 1163 3047 gentes
1187 2985 1286 3028 essent

124 3038 333 3112 deploraturae‚
360 3037 511 3099 nimirum,
539 3036 614 3106 quod
631 3036 781 3100 Hercules,
806 3047 840 3090 ut
859 3038 964 3107 puella,
991 3041 1116 3110 ploratus
1144 3041 1226 3108 edat;
1251 3047 1285 3097 in

124 3111 201 3165 idem
226 3118 422 3164 commentum
447 3108 552 3160 incidit
579 3125 693 3179 quoque
718 3107 804 3173 Bill,
831 3109 929 3163 dicens
954 3111 1037 3166 edere
1058 3112 1197 3183 ploratum
1225 3134 1287 3171 esse

123 3182 334 3252 apositionem
363 3178 443 3233 vocis
472 3179 616 3232 miserias.
663 3178 742 3244 Quod
767 3182 896 3234 refutare
924 3199 982 3234 non
1004 3179 1127 3240 'videtur
1157 3202 1287 3243 necessa·

126 3272 213 3306 rrum.
254 3255 311 3306 Mr.
1060 3303 1064 3310 Ι

128 3334 136 3346 “
196 3323 250 3377 utta·
276 3323 504 3392 ingemiscentem
530 3321 616 3388 mulo]
653 3321 720 3374 Cod.
746 3322 830 3375 Vind.
860 3327 882 3377 l.
908 3323 985 3389 ullo,
1014 3327 1091 3397 qued
1120 3337 1163 3381 est
1190 3346 1287 3383 com.

125 3398 222 3460 ctoris,
249 3396 299 3466 qui
318 3395 453 3447 Dativum
478 3409 535 3445 non
563 3401 764 3463 concoqueret.
799 3393 884 3448 Oodd.
914 3395 987 3449 Gud.
1008 3402 1031 3454 l.
1048 3407 1091 3452 ‘et
1109 3398 1185 3476 Aug.
1206 3402 1286 3470 inge.

124 3473 296 3522 metentem.
337 3465 398 3516 Mr.

198 3538 247 3591 Sic
265 3533 411 3601 seminata]
448 3533 605 3603 Sophocles
622 3552 663 3586 vs.
685 3537 762 3591 1⁰92.

291 3610 353 3657 Νῦν
372 3606 409 3654 Δ’
430 3602 458 3656 ἐκ
478 3609 601 3657 τοιούτου
619 3607 703 3673 θῆλυς
721 3607 840 3679 εὕρημαι
857 3609 947 3670 τάλας.

126 3679 223 3756 [gitur
238 3677 315 3751 lege,
341 3670 402 3729 abd
418 3676 555 3741 seminato
574 3686 628 3729 etc.
666 3677 702 3729 D.

193 3766 242 3821 Sic
268 3765 407 3831 seminato
430 3765 521 3819 uirtus
547 3767 655 3832 afflictu
674 3763 788 3832 occidit]
826 3769 886 3832 „ln
905 3768 968 3821 aliis
993 3768 1080 3824 Codd.
1110 3773 1286 3841 effeminata,

124 3841 230 3896 Nostra
248 3847 343 3892 tamen
361 3837 448 3891 lectio
464 3847 505 3892 est
519 3836 726 3908 probabilior.“
744 3837 847 3890 Gomm.
859 3839 947 3893 Anum
969 3859 1012 3912 ap.
1030 3843 1116 3896 Leod.
1137 3845 1288 3912 aQuercu,

126 3912 223 3979 „Cum
250 3912 292 3963 sic
320 3909 375 3962 duo
397 3909 500 3963 habeat
519 3909 647 3978 epitheta
666 3907 766 3972 uirtus,
794 3910 966 3965 Ciceronem
990 3913 1138 3985 scripsisse
1162 3918 1291 3972 arbitror

125 3983 243 4050 afflicto,
262 3981 434 4051 pracsertim
453 3999 520 4033 cum
539 3981 579 4032 sic
599 3979 703 4031 melius
723 3997 789 4031 cum
809 3981 928 4034 Graecis
947 3985 1112 4039 conveniat:
1137 3993 1226 4054 θῆλυς
1243 3992 1290 4047 εδ.

127 4073 212 4128 ρημαι
231 4057 315 4115 τάλας.
336 4053 404 4105 Dav.
426 4052 512 4105 etiam
531 4050 575 4104 sie
592 4058 735 4105 mutatum
753 4050 817 4102 vult
836 4053 867 4103 in
886 4055 948 4106 sed:
971 4057 1047 4124 quod
1060 4075 1118 4110 non
1135 4060 1290 4132 displicet3

149 4142 301 4195 numquam
328 4126 370 4177 sic
395 4123 491 4176 intelli
515 4122 524 4172 i
549 4129 651 4192 potest,
681 4123 762 4192 quasi
787 4124 844 4174 scri
865 4132 927 4177 tum
954 4128 991 4178 sit
1020 4128 1123 4181 odeo.“
1150 4131 1290 4188 Bouhier,

127 4145 186 4255 led
204 4197 320 4268 scripsit
341 4197 427 4248 etiam
447 4195 506 4247 Wa
530 4192 622 4245 efield.
643 4210 696 4264 pro
715 4192 767 4246 sic.
806 4142 864 4247 sei
886 4205 966 4266 recte,
981 4198 1071 4251 Bouh.
1098 4201 1129 4252 in
1154 4205 1215 4257 fine
1244 4225 1291 4259 an.

127 4279 187 4324 not.
217 4269 361 4322 Scribitur
381 4265 539 4333 effeminata
559 4264 589 4315 in
609 4264 694 4317 Oodd.
720 4264 827 4317 duobus
852 4266 921 4319 Oxx.
946 4270 1033 4322 Marb.
1054 4271 1129 4347 Aug.
1155 4276 1244 4328 vind.
1266 4283 1290 4334 1.

126 4341 216 4398 Rehd.
236 4340 308 4393 Edd.
326 4340 398 4389 Ven.
424 4336 520 4389 Alteri
546 4336 627 4401 (haec
646 4353 682 4389 ex
700 4334 788 4400 corr.)
812 4336 842 4390 C.
862 4339 933 4391 Ven.
954 4349 1042 4394 nostr.
1067 4343 1130 4397 Asc,
1150 4348 1178 4402 2,
1208 4347 1293 4414 (hm

128 4413 231 4467 omisso
248 4410 317 4477 sic),
337 4415 453 4478 recepto
471 4407 642 4485 glossemate
660 4407 740 4461 vocis
759 4407 834 4470 ἅπαξ
853 4410 1007 4481 λεγομένης,
1044 4413 1106 4472 Mn
