2828 5070
74 323 103 393 Ι
574 323 706 388 LIBER
725 322 771 404 11,
792 322 843 389 lt.
1045 338 1049 348 '
1223 322 1288 391 631

131 491 380 558 exercitationis
402 492 537 572 loquore
558 487 708 553 nondum
728 487 770 552 de
791 491 923 553 ratione
944 498 978 552 et
999 487 1168 572 sapientia.
1202 488 1286 552 Ani·

130 579 228 638 culae
249 595 346 658 saepe
367 573 513 636 inediam
544 573 683 635 biduum
717 581 776 635 aut
804 571 955 634 triduum
983 574 1109 634 ierunt.
1149 571 1285 635 Subduc

75 684 104 729 ι
129 660 244 722 cibum
265 678 370 720 unum
391 657 479 719 diem
499 656 657 718 athletae:
685 654 799 718 Iovem
821 655 1024 737 Olympium,
1061 673 1136 716 eum
1163 657 1284 738 ipsum,

105 759 109 766 s

75 770 103 812 fl
160 787 214 795 ...-
227 787 316 792 -—--
327 784 490 791 ---------ae-
637 784 680 790 ..-
861 783 947 790 ...-
1134 779 1279 791 ...—-...

75 836 90 891 ’-’
127 859 190 899 moe
207 844 276 920 lieg.
304 843 377 897 Gud.
400 846 423 898 1.
444 846 470 899 2.
494 841 567 918 Aug.
594 846 668 897 Mon.
691 845 714 897 l.
734 843 760 897 2.
787 842 861 895 Gnd.
887 841 983 896 Duisb.
1011 848 1076 893 octo
1100 840 1169 894 Oxx.
1195 841 1282 894 Marb.

75 936 101 979 Ι
129 916 215 969 Vind.
240 922 263 971 1.
306 917 386 969 Unus
410 915 460 967 Ox.
486 913 571 967 babet
599 916 633 967 de
659 914 857 967 consuetudine
891 910 1165 965 exercitatione
1191 928 1282 986 marg.

75 1048 99 1055 -
128 986 207 1039 Crat.
228 993 255 1039 et
274 986 480 1039 exercitatione.
518 988 624 1038 Vocem
650 983 740 1037 adbuc
757 985 828 1037 Edd.
852 993 969 1056 praeter
986 983 1054 1034 Dar.
1084 992 1114 1035 et
1131 984 1203 1035 Tbn.
1223 998 1286 1036 om·

129 1074 181 1111 raes
199 1066 310 1128 ponunt
329 1066 392 1127 post
410 1056 619 1119 consuetudine,
639 1055 723 1109 Codd.
744 1057 872 1126 exceptis
880 1055 968 1109 liehd.
988 1062 1018 1106 et
1036 1054 1120 1106 Vind.
1131 1057 1156 1109 2.
1177 1070 1285 1120 omnes,

81 1126 97 1163 ¹
128 1137 164 1180 nt
182 1144 241 1180 nos.
281 1130 346 1180 Mox
364 1146 438 1179 nnus
457 1128 507 1181 Ox.
528 1135 557 1180 et
575 1127 649 1180 Gud.
669 1129 695 1182 2.
716 1142 770 1179 non
788 1144 841 1197 pro
859 1127 985 1180 nondum.
1008 1127 1081 1178 Mon.
1104 1131 1127 1180 1.
1153 1124 1237 1177 Vind.
1256 1127 1284 1182 2.

75 1196 94 1233 ¹
129 1214 170 1250 cc
189 1198 335 1265 snpientia.
355 1199 432 1250 Bene
451 1207 548 1251 monet
566 1198 684 1250 Billerb.
705 1214 764 1250 esse
783 1198 812 1249 h.
831 1198 851 1250 l.
873 1196 904 1250 iu
920 1196 971 1250 διὰ
989 1196 1070 1249 δυοῖν
1087 1213 1154 1280 pro:
1183 1196 1218 1250 de
1236 1211 1286 1250 rs·

76 1268 90 1303 ¹
130 1269 255 1327 tionibus
273 1286 307 1322 ex
325 1271 463 1337 sapientia
479 1269 588 1336 petitis.
626 1267 705 1334 Quod
722 1277 817 1321 antem
836 1269 871 1321 ad
888 1268 917 1321 h.
938 1268 958 1320 l.
984 1268 1198 1321 recentissimus
1226 1267 1285 1321 edi·

76 1340 87 1373 ¹
128 1348 177 1392 tor
195 1342 321 1392 nnonuit:
342 1342 444 1403 „Haec
464 1340 531 1407 [Sed
547 1342 582 1393 de
600 1339 734 1404 consuet]
753 1341 891 1392 videntur
915 1340 1052 1402 indicare,
1075 1338 1208 1391 Tullium
1226 1339 1286 1391 iam

127 1412 164 1463 de
183 1412 295 1464 ratione
314 1420 343 1463 et
361 1412 500 1481 sapientia
519 1413 665 1463 dicturum
683 1427 752 1474 esse,
770 1421 921 1481 postquam
939 1412 1007 1463 satis
1025 1410 1131 1463 dixerit
1156 1411 1191 1462 de
1218 1425 1286 1463 cou-

76 1484 84 1537 ἰ
127 1482 280 1535 suetudine
305 1483 527 1535 exercitationis.
565 1484 760 1535 Veruntamen
790 1480 865 1535 idem
892 1489 1094 1558 argumentum
1125 1489 1285 1533 retractans

76 1574 80 1607 r
127 1554 210 1606 novis
229 1553 368 1621 exemplis
394 1553 519 1606 ulterius
541 1553 727 1625 persequitur
745 1561 774 1605 et
792 1553 928 1606 illustrat.
965 1554 1066 1621 ltaque
1093 1551 1201 1604 verbis:
1227 1550 1285 1605 sed

76 1650 80 1681 ι
128 1651 164 1663 -
182 1623 323 1691 sapientia
342 1623 419 1675 nihil
444 1624 524 1675 aliud
547 1624 666 1676 ridetur
683 1624 817 1689 voluisse,
841 1624 898 1676 nisi
915 1626 1069 1692 ut,‘quam
1093 1623 1152 1675 late
1170 1629 1284 1692 pateret

127 1696 302 1747 consuetudo
328 1694 553 1759 exercitationis,
582 1704 774 1765 quantamque
797 1696 857 1746 vim
885 1693 937 1746 illa
962 1693 1080 1746 haberet
1104 1702 1132 1746 et
1157 1692 1285 1746 efficaci·

126 1773 217 1818 tatem
236 1764 270 1817 ad
288 1764 400 1818 dolores
426 1774 454 1818 et
473 1766 583 1818 labores
601 1765 797 1835 perferendos,
820 1763 1071 1818 demonstraret:“
1101 1765 1132 1815 in
1156 1764 1212 1816 hoc
1230 1764 1285 1816 ali·

128 1837 260 1905 quidest
279 1836 395 1888 erroris.
433 1837 584 1904 Postquam
612 1837 690 1888 enim
714 1837 790 1889 dixit
813 1838 936 1889 Marcus:
960 1836 1041 1900 Ergo
1060 1866 1092 1877 -
1111 1835 1192 1887 miles
1215 1831 1286 1888 baec

122 1907 232 1974 poterit
250 1906 345 1969 facere
364 1937 396 1949 -
415 1907 462 1958 cir
488 1907 600 1974 sapiens
618 1922 671 1960 non
685 1906 801 1974 possit?
837 1906 848 1958 i
883 1923 898 1959 e
922 1906 976 1958 sibi
1000 1906 1153 1975 respondet
1170 1905 1283 1958 dicens:

126 1977 184 2030 imo
203 1993 268 2030 cero
286 1976 333 2028 oir
350 1977 464 2044 sopiens
480 1977 587 2031 nulius.
625 1979 665 2031 Ut
682 1994 751 2030 vero
771 1979 846 2053 signi
869 1986 925 2040 cet,
950 1993 980 2030 se
998 1977 1125 2028 nondum
1144 1977 1178 2028 de
1196 1975 1285 2028 ratio-

127 2049 212 2100 nibus
230 2047 311 2117 lcqui
330 2065 365 2099 ex
383 2048 523 2118 sapientia
541 2049 682 2119 repetitis,
700 2048 798 2101 statim
815 2048 947 2101 subiicit:
976 2048 1027 2100 sed
1050 2045 1142 2100 adhuc
1167 2048 1201 2099 de
1219 2061 1285 2099 cott-

127 2118 276 2171 suetuds'ne
294 2118 508 2172 exercitationis
525 2119 632 2188 loquor,
657 2119 692 2173 de
720 2137 776 2188 qua
796 2119 881 2189 plura
905 2119 992 2172 etiam
1016 2117 1119 2172 addere
1137 2118 1168 2169 in
1186 2119 1284 2171 animo

127 2199 180 2253 est,
200 2199 352 2258 antequam
370 2191 404 2242 ad
423 2191 488 2241 illas
506 2191 652 2244 accedam:
673 2191 749 2260 quod
767 2189 801 2242 fit
819 2207 880 2260 cap.
902 2192 944 2245 18.
973 2190 1109 2242 Ceterum
1126 2189 1284 2242 lectionem

126 2260 162 2313 de
179 2261 376 2313 consuetudine
394 2268 421 2313 et
441 2261 644 2316 exercitatione
667 2261 753 2314 babet
777 2261 866 2313 ctiam
884 2260 1041 2314 llWolilus
1068 2260 1099 2310 in
1116 2256 1284 2330 parenthesi

126 2331 208 2383 iuxta
225 2333 382 2394 sulcatam,
401 2340 433 2383 ut
460 2333 577 2396 nescias,
604 2341 704 2386 utrum
729 2332 771 2383 ita
788 2331 859 2406 legi,
885 2349 921 2383 an
940 2331 980 2383 ita
1005 2330 1137 2405 intelligi
1154 2330 1283 2382 voluerit

125 2401 232 2453 locum.
271 2378 411 2456 fnutilem
429 2404 501 2456 fecit
520 2403 715 2455 coniecturam
734 2401 876 2456 Gebhard.
897 2402 929 2453 in
947 2400 1090 2523 ssepand.
1104 2418 1143 2473 ¹p.
1162 2403 1224 2456 469.
1246 2416 1284 2452 ex

125 2471 254 2525 lectione
280 2473 365 2524 unius
391 2472 458 2529 cod.
489 2473 622 2526 onicence
657 2474 733 2526 corr'
758 2491 806 2526 ens
839 2472 974 2526 aniceliue
1023 2471 1124 2524 andsto
1153 2473 1284 2525 Varrone

125 2545 258 2596 1..V111.
280 2542 325 2608 [de
343 2544 375 2595 L.
395 2545 427 2596 L.
448 2561 475 2613 p.
498 2544 620 2598 116011.
641 2544 730 2596 Amst.
775 2546 810 2598 In
836 2544 903 2598 God.
924 2543 1010 2596 Marb.
1037 2543 1159 2595 tortasse
1185 2557 1284 2595 acor-

128 2623 243 2667 rcctore
263 2613 377 2666 acutulo
396 2615 538 2685 scriptum
558 2623 600 2668 est
618 2614 754 2669 oviculae.
795 2616 853 2669 Mr.

199 2685 308 2738 Subduc
325 2684 415 2737 cibum
434 2716 467 2727 -
486 2701 539 2738 non
554 2701 637 2754 posse
655 2685 804 2753 clamabit]
835 2686 897 2738 Hoc
915 2685 966 2749 ait,
986 2685 1062 2756 qnod
1079 2683 1206 2737 Athletis
1223 2699 1283 2737 non

125 2755 211 2808 modo
230 2756 287 2808 cibi
306 2773 395 2829 genus
414 2765 500 2826 atque
517 2757 609 2826 copia,
634 2774 737 2810 verum
764 2757 851 2811 etiam
869 2756 958 2810 horae
976 2754 1078 2826 quibus
1104 2757 1217 2807 victum
1235 2773 1283 2808 su·

125 2835 248 2892 merent,
276 2836 357 2880 erant
381 2828 584 2899 praescriptae,
607 2828 683 2883 unde
709 2830 819 2881 iactum
844 2836 877 2880 ut
903 2844 919 2880 a
943 2827 1061 2881 Graecis
1087 2823 1282 2896 ἂναγκοφαγία

126 2897 281 2950 diceretur.
319 2899 470 2951 Rationem
496 2899 621 2951 nominis
648 2898 681 2951 ab
704 2916 738 2952 eo
765 2899 881 2967 quidem
906 2899 982 2969 petit
1000 2898 1080 2951 Hier.
1101 2899 1283 2951 Mercurialis

126 2968 190 3021 Art.
211 2970 317 3039 Gymn.
339 2969 387 3020 lib.
409 2971 430 3022 1.
451 2986 512 3040 cap.
533 2972 575 3025 15.
596 2970 673 3039 quod
682 2970 763 3092 ¹plus,
784 2987 869 3039 wem
887 2971 965 3023 ferre
977 2976 1108 3092 ppssent,
1132 2969 1216 3021 edere
1235 2983 1284 3021 co-

165 3049 274 3093 nentur.
312 3040 420 3093 Eedem
443 3058 523 3093 mens
551 3049 593 3094 est
621 3041 655 3093 11.
710 3040 854 3094 ammondi
881 3040 916 3092 ad
944 3044 958 3094 1
1018 3057 1042 3091 r.
1071 3039 1121 3102 lx,
1144 3041 1188 3094 26.
1227 3037 1283 3093 Sed

123 3057 277 3164 bellantur.
316 3111 387 3163 Vide
410 3114 469 3164 Pet.
496 3113 620 3172 Fabium
647 3112 739 3187 Agon.
763 3111 813 3163 lib.
834 3112 887 3165 111.
917 3126 977 3180 cap.
998 3112 1024 3165 3.
1051 3118 1081 3161 et
1099 3108 1182 3162 Joch.
1202 3109 1283 3162 Kub-

124 3181 209 3231 nium
227 3182 262 3234 ad
279 3182 394 3233 Aeliani
412 3183 463 3233 lib.
483 3182 531 3235 XI.
558 3199 618 3253 cap.
639 3185 664 3237 3.
703 3182 821 3253 Alioqui
847 3197 918 3234 vero
936 3179 1058 3233 celebris
1084 3187 1126 3231 est
1150 3179 1283 3233 Athleta-

125 3268 193 3302 rum
210 3253 363 3316 voracitas,
390 3268 507 3321 quorum
530 3252 592 3306 vitu
610 3259 638 3306 et
657 3269 707 3306 crs
725 3254 827 3321 eagina
846 3258 897 3317 est,
925 3259 958 3304 ut
986 3250 1119 3319 loquitur
1136 3251 1246 3302 Hieron

125 3339 187 3372 mus
206 3322 268 3373 adv.
288 3323 384 3375 Jovin.
414 3323 463 3374 lib.
484 3325 521 3376 11.
547 3342 612 3398 pag.
633 3325 694 3380 366.
733 3324 855 3380 Omnino
881 3322 948 3375 vide
967 3321 1147 3374 Athenaeum
1173 3320 1224 3373 lib.
1271 3357 1280 3374 .

136 3409 159 3444 ta
202 3396 290 3456 .41³,
313 3411 342 3446 se
385 3431 391 3442 .
428 3393 465 3446 D.
1085 3422 1091 3431 ·

124 3411 137 3462 l
160 3411 304 3516 ggSubduc
328 3409 419 3517 cidhm
443 3481 527 3518 unum
554 3463 629 3520 diem
653 3462 807 3533 athletaes]
844 3465 888 3518 Ad
912 3481 976 3517 rem
998 3462 1068 3516 adde
1092 3478 1162 3533 quos
1184 3462 1282 3515 laudat

122 3536 204 3589 ttw.
225 3536 348 3596 Heliler,
369 3537 399 3587 in
418 3536 503 3601 libro,
523 3538 574 3607 qui
593 3537 777 3589 inscribitur:
814 3536 878 3589 Die
906 3534 1197 3589 Giitterdienste
1220 3533 1286 3586 aui

121 3607 265 3659 Rhodus
284 3608 306 3659 1.
326 3625 354 3676 p.
375 3610 418 3662 22.
439 3608 476 3672 (6.
496 3608 605 3661 Zerbst.
628 3609 732 3673 lists:
756 3615 906 3678 praeterea
924 3604 957 3657 A.
977 3604 1096 3660 Willet.
1123 3604 1157 3657 ad
1176 3602 1282 3658 Galeni

122 3676 244 3730 Adhort.
273 3679 307 3730 ad
334 3687 409 3732 artes
426 3697 453 3749 p.
476 3683 528 3734 116
545 3696 586 3749 sq.
608 3678 645 3744 (8.
667 3678 757 3754 bugd.
777 3679 809 3730 B.
830 3677 921 3741 1812.)
941 3676 1011 3744 ibiq.
1032 3675 1124 3727 laudd.
1146 3705 1178 3717 -
1201 3675 1282 3727 Unus

123 3747 173 3799 Ox.
194 3749 280 3800 habet
298 3749 476 3802 subducunt
495 3750 602 3813 ciburn3
622 3749 695 3803 Gud.
709 3748 887 3802 subducunt
906 3747 980 3800 cibo
998 3745 1147 3799 unicum.
1167 3747 1242 3796 Mon.
1255 3749 1281 3799 1.

122 3819 253 3870 subduci
270 3819 361 3872 cibum
378 3821 391 3871 i
396 3837 415 3873 n
433 3836 525 3873 unum.
563 3823 627 3873 Post
644 3820 749 3873 subduc
766 3818 883 3872 additur
900 3817 976 3870 enirn
994 3816 1026 3869 in
1043 3815 1117 3869 Edd.
1137 3814 1281 3867 aReiskio

123 3889 236 3941 collatis
254 3891 394 3956 omnibus,
414 3899 533 3961 excepta
551 3892 614 3944 Car.
635 3890 746 3961 steph,
773 3892 802 3942 P.
822 3889 855 3941 A.
875 3890 906 3942 11.
926 3889 954 3942 S.
974 3887 1009 3939 Ε.
1029 3886 1060 3938 G.
1089 3887 1159 3937 Ven.
1188 3893 1280 3938 nostr.

121 3959 186 4013 Asc.
209 3965 232 4014 1.
253 3962 278 4014 2.
299 3962 380 4013 Junt.
401 3962 468 4015 Ood.
488 3963 562 4014 Mon.
584 3967 607 4017 1.
626 3961 711 4014 babet
729 3961 825 4014 atlete.
845 3959 913 4014 cod.
934 3957 1008 4012 Gud.
1027 3959 1053 4012 2.
1081 3955 1167 4010 habet
1184 3956 1281 4010 cubum

143 4049 176 4084 ro
194 4031 292 4084 cibum.
330 4033 391 4084 Mr.

121 4050 142 4102 p
194 4105 301 4168 lovem,
321 4104 414 4155 lovem
433 4101 603 4173 Olympium]
640 4104 734 4179 Vulgo
752 4103 844 4156 locem
861 4117 920 4155 uon
942 4098 1107 4175 geminant3
1136 4097 1213 4168 quod
1230 4112 1282 4150 nos

122 4176 295 4226 auctoritate
315 4175 380 4226 listi
400 4175 426 4227 G
485 4174 567 4227 hinni
585 4175 715 4226 fecimus.
753 4173 790 4226 D.

193 4245 284 4297 locem
303 4244 462 4315 Olympium
510 4245 585 4312 Quae
603 4246 733 4316 placebat
751 4246 841 4297 Bruto
866 4250 1037 4313 receptaque
1049 4247 1053 4255 '
1064 4250 1108 4296 est
1131 4259 1148 4294 a
1165 4239 1280 4292 Davisio

122 4313 202 4366 vocis
228 4316 320 4367 locem
367 4317 514 4381 eminentie,
546 4317 578 4368 in
603 4317 801 4369 narrationem
831 4315 928 4367 nescio
959 4313 1029 4383 quid
1055 4324 1280 4395 supervacaneae

123 4385 323 4438 commotionis
347 4391 486 4454 inferens,
510 4406 527 4441 a
553 4388 637 4441 nullo
661 4387 766 4441 Codice
791 4385 968 4451 confirmata,
994 4398 1144 4437 anemme
1162 4389 1279 4451 recepta

124 4462 175 4506 est.
212 4455 315 4524 Neque
342 4460 433 4532 magis
457 4458 614 4530 probabilis
637 4466 681 4514 est
698 4457 844 4513 nonu-sris
867 4456 1012 4511 cometis
1035 4473 1053 4508 a
1069 4450 1280 4506 Valckensesio
