2828 5070
116 433 180 499 Μ
319 429 551 495 CICERONIS
573 429 821 496 TUSGUth.
845 430 1083 497 DISPUTAT.

118 615 265 680 numque
290 605 410 659 nutura
441 599 503 675 alt,
535 596 571 660 id
595 599 756 682 appellari
779 601 908 681 placeat
939 600 1079 678 melum,
1119 601 1290 662 tantulum

96 691 230 746 umen
251 700 333 758 ease,
359 688 399 742 ut
419 701 440 743 a
460 683 589 744 virtute
608 685 657 744 ita
679 682 855 758 obruatur,
875 692 1100 762 utnusquam
1117 695 1289 764 appareat.

117 763 211 829 Quae
231 762 404 836 meditare,
426 784 558 846 quaeso,
580 762 651 827 dius
672 772 707 828 et
727 774 851 828 noctes.
903 766 1024 827 Latius
1046 767 1149 828 enim
1182 786 1289 827 mana·

50 841 52 846 ’
118 847 170 910 bit
190 846 271 909 haec
292 848 400 925 rati03
432 856 467 909 et
487 848 653 929 aliquanto
683 851 844 909 maiorem
866 849 985 919 locum,
1017 848 1199 928 quamde
1226 869 1289 912 uno

74 931 100 981 b·
120 927 249 1002 dolore,
270 928 454 1010 occupabit.
489 929 577 991 Nam
598 933 627 992 ei
649 933 760 992 omnia
780 930 954 1016 fugiendae
964 931 1204 1012 turpitudinis
1225 932 1290 994 adi·

143 1011 360 1094 iucundaeque
391 1012 574 1075 honestatis
596 1033 693 1074 causa
713 1015 881 1092 iaciemus,
911 1034 977 1075 uon
999 1013 1108 1076 modo
1139 1018 1290 1077 stimulos

119 1033 260 1173 doloris,
272 1095 329 1158 sed
342 1100 441 1157 etiam
453 1097 592 1159 fulmina
603 1100 759 1159 fortunae
772 1105 1022 1158 contemnamus
1036 1097 1180 1162 licebit:
1197 1118 1290 1182 prae·

119 1182 239 1244 curtim
259 1194 360 1262 quum
380 1188 534 1260 paratum
554 1180 599 1240 sit
619 1178 701 1241 illud
723 1198 763 1241 ex
777 1179 931 1242 hesterna
952 1178 1197 1261 disputatione
1219 1178 1289 1264 per'·

55 1256 100 1312 ⁶⁷·
119 1263 259 1351 fugium.
302 1260 347 1322 Ut
368 1263 467 1341 enim,
496 1263 526 1324 ui
546 1263 601 1323 cui
623 1262 808 1348 naviganti,
835 1261 1020 1346 praedones
1049 1264 1081 1323 ci
1112 1265 1288 1348 insequan-

191 1452 369 1505 tantulum
386 1459 477 1504 tamen
500 1451 572 1519 eeee]
609 1450 689 1518 Quod
706 1469 792 1522 supra
811 1452 848 1505 ll.
867 1452 911 1506 24.
930 1452 974 1507 58.
998 1450 1228 1506 vindicavimus
1247 1455 1290 1508 Ci-

118 1522 228 1588 ceroni,
252 1523 400 1586 tantillum,
424 1521 583 1575 habent'h.
603 1521 624 1574 l.
650 1522 735 1577 codd.
762 1531 886 1592 quatuor
904 1522 973 1575 ou„
1002 1521 1078 1576 Gud.
1114 1526 1196 1578 ilion.
1220 1529 1288 1582 12

118 1591 175 1647 MS.
200 1593 231 1646 in
255 1611 346 1668 inaug.
366 1592 428 1645 Asc.
449 1595 474 1648 2.
509 1611 581 1645 unua
599 1592 677 1647 Leid.
707 1593 779 1646 Edd.
799 1595 828 1646 P.
847 1592 877 1655 S,
895 1593 929 1647 Ε.
956 1592 1082 1647 tholf.
1110 1597 1194 1649 Lull.
1215 1597 1288 1651 oliv.

118 1664 204 1721 Verb.
231 1665 293 1735 Bip.
332 1664 388 1718 Sed
412 1663 434 1715 ii
458 1663 537 1728 libri,
562 1680 687 1734 quorum
705 1664 829 1717 maxima
847 1673 888 1718 est
906 1664 1072 1729 auotoritas,
1101 1668 1290 1736 usitatiorem

32 1754 60 1793 f
117 1742 239 1788 tuentur
256 1736 387 1787 formam.
408 1734 475 1787 cml.
495 1733 566 1787 Gud.
587 1735 672 1789 habet
696 1742 788 1789 tamen
809 1743 849 1789 eu
867 1751 983 1799 amate,
1011 1742 1049 1788 ut.
1089 1738 1152 1792 Pro
1183 1740 1247 1792 diet
1265 1746 1289 1792 et

118 1811 212 1861 nuclea
231 1805 304 1858 Gud.
325 1808 351 1861 2.
377 1803 494 1858 exhibet
517 1813 610 1860 noctee
635 1815 663 1861 et
681 1807 760 1872 diem
785 1824 858 1860 unus
876 1807 927 1860 Ox.
946 1806 1094 1860 mandabit
1114 1825 1175 1879 pro
1193 1827 1291 1864 muna·

117 1875 169 1933 bit.
189 1876 274 1931 Codd.
295 1877 349 1930 duo
369 1877 439 1931 Oxx.
459 1877 579 1944 oratio;
603 1878 691 1931 llehd.
710 1878 782 1932 Edd.
803 1880 872 1931 Ven.
899 1885 988 1930 nostr.
1008 1877 1073 1930 Aac.
1099 1882 1128 1933 l.
1152 1883 1180 1935 2.
1207 1885 1289 1935 Juut.

118 1945 272 2018 aliquando
295 1965 348 2020 pro
371 1947 532 2018 aliquanto,-
557 1966 720 2020 perperam.
761 1948 913 2017 Aliquanto
939 1948 1034 2002 niaior
1066 1958 1115 2002 est
1152 1953 1219 2007 tere
1254 1955 1290 2014 id,

160 2019 195 2073 od
212 2023 297 2074 multo
315 2018 417 2072 maior.
444 2019 525 2074 Conf.
545 2028 634 2073 nostr.
654 2029 750 2074 annot.
775 2020 809 2073 ad
827 2020 887 2074 Cio.
908 2019 943 2074 da
960 2021 1027 2074 Div.
1049 2020 1071 2072 l.
1095 2024 1126 2076 5.
1148 2026 1176 2078 8.
1197 2042 1225 2095 p.
1248 2028 1289 2080 23.

144 2091 189 2145 dd.
215 2108 322 2145 novum
345 2089 507 2143 Forcellini
527 2091 595 2144 edit.
615 2092 750 2144 Gennan.
775 2110 805 2162 p.
827 2093 887 2148 133.
912 2109 937 2143 c.
975 2093 1010 2144 lu
1027 2109 1113 2161 seqq.
1142 2113 1221 2147 unua
1241 2097 1289 2150 Ox.

116 2159 252 2225 maiore3
271 2161 358 2214 Mart.
378 2171 407 2214 et
426 2162 499 2216 Gud.
518 2164 544 2217 2.
564 2162 734 2231 occupauit.
771 2165 827 2216 l’ro
843 2164 977 2229 faciemus
995 2163 1080 2217 Vind.
1107 2169 1135 2220 1.
1157 2168 1288 2233 summae,

117 2230 189 2369 ped
208 2232 242 2283 Α.
262 2233 292 2284 Β.
302 2231 343 2354 nsi
362 2232 396 2283 Ε.
417 2233 447 2285 G.
468 2235 501 2283 V.
521 2232 588 2286 Ilob.
609 2232 709 2305 Steph.
729 2230 810 2288 lunt.
829 2237 899 2287 Ven.
924 2243 996 2288 nost.
1017 2234 1081 2287 Asc.
1107 2240 1134 2291 l.
1157 2240 1185 2292 2.
1206 2240 1287 2292 Juut.

132 2317 266 2356 acuamur.
339 2320 363 2355 r.

189 2375 239 2430 eed
262 2373 347 2429 etiam
387 2373 491 2428 ulneina
515 2373 656 2443 fortunae]
690 2377 769 2430 Unus
794 2377 844 2429 Ox.
871 2384 936 2446 post
959 2373 1046 2430 etiam
1069 2378 1158 2432 addit
1178 2383 1288 2444 omnia,

118 2445 192 2500 alius
218 2446 305 2500 habet
329 2374 451 2511 iudnina
478 2453 643 2514 naturae,
663 2447 746 2500 Vind.
766 2450 792 2503 2.
819 2448 948 2513 fortunae
965 2447 1100 2514 fulmina,
1131 2450 1211 2504 Gud.
1240 2452 1289 2504 eed

119 2520 205 2574 etiam
221 2517 439 2583 fortitudine
458 2524 529 2571 cont.
568 2516 696 2570 Adhibui
720 2527 851 2572 nostrum
872 2520 970 2571 locum
993 2519 1135 2572 Ciceroni
1163 2523 1200 2576 de
1219 2524 1286 2592 Rep.

118 2586 142 2645 1.
160 2593 187 2644 4.
207 2607 235 2660 p.
256 2591 299 2644 23.
319 2587 368 2640 nbi
387 2597 429 2641 est
447 2607 461 2640 a
482 2594 505 2644 1.
527 2608 565 2642 m.
590 2589 775 2658 gravieeimie
803 2589 871 2656 (me)
899 2590 1110 2658 tempeetatibue
1139 2608 1177 2645 ae
1199 2609 1287 2661 paene

118 2657 333 2725 fluminibus
355 2659 427 2728 ipris
452 2660 561 2713 obvium
583 2662 678 2726 serm
705 2680 729 2713 a.
750 2662 775 2716 2.
801 2659 975 2727 fulminibue,
1008 2679 1095 2731 quam
1124 2664 1286 2718 lectionem

119 2734 214 2784 nostri
234 2732 440 2803 quodammodo
458 2729 569 2784 firmari
589 2733 630 2784 ait
649 2732 695 2785 Or.
727 2732 801 2786 Sunt
824 2740 930 2794 tamen,
956 2731 1005 2801 qui
1033 2730 1148 2786 ibidem
1174 2738 1287 2806 praefe-

119 2811 185 2857 rant
202 2800 338 2867 fiuctibus.
375 2802 451 2854 Eum
469 2818 547 2868 vero,
577 2803 628 2874 qui
646 2820 740 2872 nuper
762 2813 826 2873 post
845 2803 878 2854 Α.
899 2803 1006 2855 lllaimn
1032 2803 1116 2856 nobis
1137 2822 1285 2859 commen-

118 2871 197 2927 davit
215 2873 381 2938 fluminibus,
400 2873 518 2924 missum
535 2874 681 2926 faciamus.
717 2873 882 2928 Daharum
899 2889 1003 2926 vocum
1021 2875 1199 2930 confusione
1225 2879 1284 2930 vid.

119 2944 270 3018 Forbiger.
295 2945 330 2996 ad
347 2943 462 2996 Lucret.
483 2945 505 2996 1.
531 2946 654 3015 10021).
675 2946 735 3000 221.
759 2973 791 2984 -
828 2948 907 3000 Unus
927 2946 976 2998 Ox.
1005 2942 1091 2998 habet
1110 2956 1283 3002 contemnar.

118 3016 187 3090 lleg.
208 3021 421 3068 contemnamur.
459 3012 564 3068 licebit
580 3016 760 3085 praesertim.
780 3012 853 3070 Gud.
892 3012 1040 3069 raeeertim
1065 3017 1177 3084 licebit,
1207 3036 1285 3087 quum

118 3086 194 3141 illud
207 3093 341 3155 paratum
359 3087 405 3140 eit.
445 3088 598 3141 Omittitnr
615 3102 649 3139 ex
672 3088 703 3138 in
721 3086 793 3141 Edd.
811 3089 843 3140 B.
864 3034 896 3140 S.
915 3088 949 3139 V.
976 3087 1043 3140 Rob.
1070 3087 1177 3160 steph.
1203 3093 1283 3146 Junt.

118 3158 182 3212 Asc.
202 3161 227 3215 ²·
247 3156 313 3212 cod.
334 3158 408 3233 Aug.
427 3155 570 3212 habetest
590 3165 721 3211 externa.
759 3154 906 3212 scribitur
921 3158 1106 3227 profugium
1128 3162 1221 3230 (quod
1236 3179 1285 3214 vo-

119 3228 253 3283 cabulum
279 3229 390 3281 nullam
421 3230 512 3282 adhuc
539 3228 656 3280 videtur
678 3229 783 3282 habore
807 3230 902 3283 sedem
921 3234 1043 3293 certam)
1072 3249 1107 3285 ex
1128 3250 1284 3304 perperam

119 3303 196 3356 lecto
215 3300 393 3372 compendio,
421 3318 474 3370 pro
490 3299 678 3369 perfugium,
704 3301 735 3352 in
753 3301 825 3354 Edd.
854 3303 882 3356 P.
902 3299 935 3352 A.
954 3301 985 3353 B.
1005 3299 1033 3354 S.
1054 3299 1091 3358 E.
1110 3301 1146 3357 C.
1165 3306 1239 3359 ven.
1259 3310 1283 3360 1.

119 3376 145 3429 2.
166 3382 256 3425 nostr.
277 3372 348 3425 Med.
370 3374 393 3425 l.
413 3374 438 3427 2.
467 3373 529 3424 Asc.
552 3376 575 3426 l.
597 3374 621 3425 2.
648 3373 728 3424 Junt.
771 3372 805 3425 ln
829 3372 896 3424 Cod.
918 3370 992 3424 Gud.
1019 3380 1061 3424 est
1109 3372 1188 3428 iussa
1209 3377 1283 3440 refu·

119 3443 210 3514 giam,
235 3444 291 3496 alia
315 3443 346 3493 in
370 3442 454 3494 Vind.
477 3448 499 3498 l.
522 3440 706 3511 praesidium.
744 3443 873 3513 Respicit
895 3440 930 3495 ad
949 3444 970 3499 l.
999 3443 1044 3497 49.
1074 3390 1142 3499 lie:
1171 3453 1282 3515 portion

118 3516 213 3587 potius
229 3521 363 3583 paratum
387 3513 467 3566 nobis
491 3519 517 3566 et
534 3515 694 3582 perfugium
713 3520 852 3582 putemur:
891 3513 941 3565 ubi
966 3515 1036 3565 item
1060 3524 1140 3579 sunt,
1169 3519 1223 3587 qui
1240 3518 1282 3570 le-

119 3598 190 3664 gant
204 3585 377 3707 profugipp.
416 3585 548 3660 Intelligi
566 3601 635 3638 vero
653 3583 682 3638 h.
702 3585 722 3636 l.
743 3582 928 3656 αὐτοχειρίαν,
948 3601 984 3637 ex
1002 3587 1195 3654 sequentibus
1214 3605 1281 3660 quo-

162 3659 280 3712 evides.
354 3672 379 3707 r.

121 3676 160 3727 qu
194 3727 230 3781 Ut
248 3726 331 3791 enim,
351 3730 378 3779 ei
395 3725 441 3778 cui
458 3725 607 3794 naviganti
621 3727 777 3794 praedones
794 3724 988 3796 insequantur,
1014 3727 1082 3780 deue
1108 3731 1177 3797 quie
1204 3730 1281 3784 diae·

122 3797 177 3852 rit:
198 3797 276 3852 Eiice
295 3805 322 3850 te
340 3794 442 3862 naum]
478 3797 555 3861 „Sic
574 3799 636 3851 sere
656 3808 697 3851 est
717 3798 748 3850 in
767 3799 894 3870 quinque
913 3799 982 3851 Pall.
1003 3798 1064 3850 Vat.
1095 3817 1165 3851 uam
1184 3802 1280 3871 paullo

121 3870 247 3925 devertit
266 3869 380 3932 tertius,
407 3868 454 3920 sed
473 3877 505 3920 ut
524 3878 649 3921 nostram
668 3868 802 3935 stabiliat,
831 3870 884 3921 ita:
913 3870 1104 3939 insequantur,
1136 3870 1281 3942 deaeque

122 3942 200 4008 quie
217 3941 331 3994 dixerit.
369 3939 506 3992 Ceterum
529 3949 588 3992 tres
613 3939 683 3991 Pall.
709 3942 830 4011 priores,
854 3942 929 3994 Pith.
957 3945 1018 3995 Vat.
1043 3956 1098 4010 pro
1118 3945 1195 4011 quie,
1224 3945 1278 4014 qui.

121 4015 178 4067 Pal.
210 4023 327 4083 quartus
353 4012 429 4064 Deua
456 4011 574 4063 omittit.
605 4012 690 4086 Vulg.
718 4017 748 4064 ut
772 4012 846 4065 enim
870 4015 897 4066 ei
921 4013 966 4066 Μ’
991 4015 1147 4078 naviganti,
1187 4031 1282 4082 quem

120 4085 276 4154 praedones
294 4083 483 4152 insequantur,
504 4082 572 4134 dem
591 4084 653 4151 pnie
671 4083 793 4136 dixerit:
818 4083 898 4137 Eiice
916 4088 942 4137 te
963 4083 999 4138 de
1016 4083 1114 4135 navi.“
1139 4085 1280 4142 Gebhard.

122 4156 184 4223 „st
201 4157 247 4209 cui
265 4157 408 4223 auriganti
426 4155 583 4222 praedones
602 4153 785 4223 insequantur
808 4157 875 4208 deut
895 4158 956 4226 quia
981 4154 1100 4209 dixerit:
1126 4158 1172 4210 sio
1192 4158 1281 4212 edidit

123 4229 212 4282 danus
236 4227 410 4279 Gebhardus.
436 4229 505 4278 Ven.
531 4228 607 4281 1491.
632 4226 760 4294 aliaeque
785 4235 856 4279 vett.
883 4231 910 4282 ei
933 4228 979 4281 eui
1005 4228 1166 4294 naviganti,
1205 4245 1283 4302 quern

122 4299 273 4369 praedante
291 4301 486 4365 inseminatum
506 4298 555 4349 sed
571 4308 672 4349 vocem
691 4314 771 4367 quem
788 4312 846 4350 non
864 4306 1022 4373 agnoscunt
1040 4297 1120 4352 MSS.
1133 4300 1193 4353 Pal.
1214 4309 1279 4356 tert.

124 4389 158 4425 ao
175 4371 251 4424 Petr.
271 4371 297 4424 ei
314 4371 360 4423 cui
377 4366 527 4437 naviganti
549 4367 705 4436 praedones
727 4367 916 4439 inaequantur,
943 4370 1018 4423 uude
1041 4371 1163 4425 omuino
1236 4388 1283 4428 eu·

124 4440 192 4495 dum
210 4440 400 4495 crediderima
419 4442 447 4495 u·
464 4454 557 4509 quem
572 4438 652 4492 nevi
657 4444 795 4507 gentem
810 4443 968 4511 prmdoeee
984 4442 1183 4511 inaequaliter,
1223 4460 1283 4500 eue-

147 4529 187 4567 ue
232 4510 431 4568 mediocrite
469 4526 536 4562 nam
559 4519 712 4581 utramque
740 4514 951 4568 correctionmu
981 4513 1102 4567 tlrmeut
1130 4515 1284 4572 coaice!

153 4531 255 4640 undu
275 4580 328 4640 bl.
350 4587 386 4639 1.·
412 4579 476 4647 „Si
489 4583 536 4637 eui
556 4582 716 4652 neugma,
737 4584 894 4653 maeonii
917 4582 1112 4655 imeqeantur,
1143 4589 1216 4644 am
1237 4587 1285 4660 qui
