2828 5070
125 310 169 378 2⁴
327 309 560 375 CICERONIS
580 308 826 378 TUSCULAN.
847 311 1080 379 DISPUTA'I'.

127 481 192 553 est,
212 483 252 536 ut
271 483 363 538 recte
383 479 457 558 quis
478 472 613 553 sentiat,
641 485 675 538 et
703 475 750 553 id,
779 475 867 558 quod
889 480 1003 555 sentit,
1039 479 1144 559 polite
1171 480 1288 564 eloqui

127 576 196 620 non
216 560 339 638 possit:
360 559 420 623 sed
441 556 597 620 mandere
618 578 816 639 quemqnam
836 560 946 624 literis
963 561 1184 644 cogitationes
1196 582 1287 642 suas,

127 742 295 796 defensione
313 742 449 796 lectionis
468 743 539 807 illie,
559 743 580 799 1.
600 760 624 798 c.
644 760 673 812 p.
691 745 717 799 3.
737 743 788 812 qui
808 761 837 796 se
855 761 972 814 semper
988 744 1098 799 vidisse
1122 760 1177 799 con
1237 762 1287 800 ere

126 814 170 865 ait
187 828 350 880 pronomen
367 813 433 878 hoc,
453 815 501 866 ubi
520 831 586 866 cum
606 815 718 882 quidem
735 816 787 867 iun
811 821 921 879 eretur,
939 816 1061 879 nomini,
1086 817 1135 868 eui
1152 834 1168 867 a
1189 817 1288 870 ditum

127 892 212 936 esset„
249 883 293 936 Ne
312 900 383 935 vero
402 886 466 952 quis
493 884 570 936 dicat
614 901 757 937 ronomen
776 833 835 947 tite,
861 885 886 936 si
913 886 955 937 ita
978 887 1060 952 qussi
1082 888 1287 948 nieoremeeek

166 959 263 1016 natur,
282 953 430 1022 respicere
448 953 553 1008 debere
570 903 612 1007 ad
622 955 836 1008 substantivum
853 955 973 1023 aliquod
990 955 1175 1024 praecedens,
1199 956 1287 1026 quale

150 1023 196 1076 .1.
225 1031 268 1076 est
296 1023 375 1087 iibri,
403 1025 427 1075 is
454 1025 619 1077 consideret
645 1025 735 1087 locos,
762 1025 861 1092 quales
887 1023 921 1076 hi
947 1033 1024 1086 sunt,
1053 1026 1084 1076 in
1110 1027 1214 1095 quibus
1232 1026 1286 1080 s'tte

124 1094 276 1164 praecedit
295 1093 485 1156 substantivo,
511 1095 560 1146 cui
586 1093 803 1170 adiungendum
832 1102 888 1148 est:
918 1094 997 1147 inira
1015 1095 1053 1149 ll'.
1074 1098 1124 1151 22:
1151 1112 1286 1164 magnum

124 1164 236 1232 quidem
253 1163 335 1216 illum
353 1163 470 1215 virum
488 1164 541 1216 111.
564 1167 606 1218 lt
626 1169 677 1220 36:
698 1166 781 1217 saraa
800 1165 854 1217 illo
872 1164 983 1233 quidem
1002 1165 1190 1219 medicina.
1226 1168 1286 1221 No-

125 1242 217 1288 stram
237 1236 324 1287 etiam
343 1233 501 1287 lectionem
519 1237 650 1303 praefert
668 1234 699 1286 G.
718 1237 812 1290 Beier.
838 1236 873 1288 ud
892 1234 952 1289 Cic.
977 1235 1014 1289 de
1039 1235 1167 1290 0ff.111.
1193 1239 1222 1293 9.
1238 1240 1283 1294 dd·

147 1307 237 1370 nst,
262 1305 314 1373 qui
342 1305 373 1355 in
390 1312 487 1356 annot.
513 1303 549 1356 ad
576 1321 623 1358 eos
641 1304 733 1358 libros
752 1306 864 1373 saepius
889 1305 925 1357 de
949 1312 1049 1358 nostra
1066 1309 1285 1360 constructione

124 1322 267 1443 loquitur.
305 1374 459 1442 Exempla,
478 1375 581 1443 quibus
601 1374 814 1428 substantivum
832 1377 1031 1444 postponitur,
1052 1375 1169 1430 exhibet
1186 1377 1224 1431 ad
1242 1377 1283 1429 11.

125 1447 153 1500 6.
173 1446 217 1497 21.
246 1462 274 1514 p.
293 1446 329 1496 44
365 1444 414 1494 ubi
442 1446 528 1496 etiam
556 1446 674 1514 scripsit
698 1453 811 1498 noster:
846 1460 916 1514 quoe
941 1444 1141 1499 sordidissima
1164 1453 1206 1500 eet
1230 1448 1285 1499 itte

143 1514 238 1566 eidem
255 1513 362 1566 ratio.
400 1514 501 1581 Neque
519 1514 700 1569 FAWolfiue
723 1517 755 1568 in
782 1514 901 1579 scholis,
928 1533 998 1584 quas
1025 1515 1117 1568 edidit
1143 1516 1283 1583 Orellius,

124 1531 316 1636 lirnestinum
335 1583 412 1636 illud
429 1584 477 1635 s'ttt
495 1585 638 1654 probavit.
676 1584 805 1638 Nobbius
824 1585 944 1654 scripsit
962 1583 1061 1650 s‘tts'[s].
1098 1587 1160 1642 Mt.

197 1671 302 1725 Fieri
320 1679 412 1724 autem
428 1672 531 1738 potest]
564 1674 720 1736 „Mallemt
740 1672 855 1726 Ferri
874 1679 964 1724 sutem
981 1673 1103 1739 potentii
1121 1674 1283 1728 Manassae.

126 1740 234 1795 Contra
254 1751 352 1795 monet
369 1742 402 1794 F.
421 1742 454 1794 Α.
475 1742 614 1806 wolfius,
634 1744 759 1796 ironiam
780 1745 875 1796 inesse
894 1743 925 1792 in
945 1742 999 1794 illo
1010 1744 1085 1807 fieri,
1103 1761 1196 1814 nequa

124 1812 344 1867 obliterandam.
389 1813 440 1864 Fr.
464 1812 549 1864 Febr.
573 1821 674 1864 contra
699 1813 858 1864 Manutium
886 1813 941 1864 ait:
971 1816 1177 1877 „concessioni
1206 1815 1285 1868 endi·

125 1885 249 1937 disertae
274 1884 416 1937 orationis
440 1883 472 1935 in
489 1881 562 1936 bene
589 1883 781 1937 sentientibus
807 1883 928 1936 verbum
953 1883 1021 1947 fieri
1043 1899 1103 1936 non
1120 1883 1197 1938 male
1214 1900 1285 1938 con·

125 1953 236 2008 venit.“
272 1954 332 2005 Mr.

196 2042 278 2097 Fieri
301 2049 393 2094 aretem
415 2039 516 2108 potest]
552 2041 581 2097 P.
610 2042 760 2095 Manucius
786 2041 910 2105 mavult,
945 2040 1022 2106 ferri
1053 2047 1145 2094 antem
1172 2047 1284 2111 potetis

124 2111 212 2167 Plane
231 2118 332 2166 contra
351 2118 479 2165 mentem
499 2110 657 2164 Ciceronis.
693 2113 787 2166 Nemo
806 2129 873 2166 sane
891 2109 1014 2175 dubitet,
1042 2113 1114 2181 quin
1132 2112 1201 2165 fieri
1217 2126 1284 2183 pot-

124 2184 174 2248 sit,
202 2191 236 2235 ut
255 2185 320 2250 quis
339 2185 379 2235 sit
396 2184 504 2248 γνῶναι
528 2181 584 2251 μὲν
609 2177 744 2250 περιττός,
771 2182 936 2251 έρμηνεῦσαι
964 2179 996 2233 rt
1022 2178 1177 2251 uiuiparos,
1206 2182 1284 2252 qnod

124 2252 319 2307 Philostratus
337 2255 369 2305 in
388 2250 512 2305 Secundi
531 2249 682 2321 sophistae
706 2253 769 2305 vita
786 2253 877 2305 tradit
903 2267 968 2339 pag.
989 2253 1051 2306 est.
1089 2251 1202 2305 Pariter
1225 2254 1285 2305 Lu·

125 2324 226 2377 cianus
245 2322 279 2376 de
296 2320 446 2375 Timocle:
471 2320 601 2375 Συνιέναι
617 2318 743 2391 μὲνγὰρ
761 2325 799 2383 εἰς
824 2319 977 2389 ὑπερβολην
996 2315 1059 2381 ὀξύς
1077 2321 1133 2374 ἐστι
1151 2323 1200 2374 aei
1216 2322 1283 2376 less·

124 2393 288 2465 τογνώμων,
310 2389 345 2452 ὥς
364 2406 453 2462 φασιν
473 2386 537 2444 oti
561 2408 636 2444 εινον
662 2389 695 2443 ris
714 2396 769 2447 τῶν
786 2393 918 2450 Στωϊκῶν
944 2390 1053 2451 εἰδότες,
1084 2394 1171 2461 λέγων
1189 2391 1285 2447 δὲκαὶ

124 2459 288 2536 ἑρμηνεύων
304 2460 350 2515 ὑπ“
368 2461 516 2521 ἀσθενείας
529 2411 684 2533 dinpttetprs
697 2459 765 2515 αὐτὰ
784 2466 830 2516 καὶ
848 2466 953 2530 συγχεῖ,
974 2458 1026 2514 οὐκ
1039 2458 1199 2535 ducesque
1213 2457 1239 2530 ὅ,
1258 2480 1284 2515 ιι

123 2531 259 2605 βούλεται.
295 2534 368 2587 Vide
386 2534 485 2586 Iovem
503 2532 649 2609 Tragoed.
665 2532 748 2585 Tem.
769 2533 808 2586 11.
826 2552 893 2610 pag.
914 2537 973 2589 tte.
1005 2532 1040 2584 D.

195 2638 227 2684 ut
254 2638 330 2685 recte
356 2629 421 2699 quis
448 2630 563 2696 sentiat]
599 2629 642 2682 De
670 2632 830 2752 scrilptiens
859 2629 923 2699 puis
941 2645 995 2699 pro
1020 2628 1137 2699 aliquia,
1164 2647 1284 2698 praeee-

124 2703 211 2758 dente
229 2706 269 2765 ut,
294 2700 352 2753 vid.
379 2700 486 2755 llandii
504 2699 703 2755 Tursellinum
739 2745 746 2758 .
775 2720 803 2771 p.
823 2704 876 2761 tet
902 2718 945 2768 aq.
991 2699 1036 2754 Ad
1061 2701 1235 2757 sententiam
1253 2719 1281 2758 v.

124 2774 195 2826 intr.
214 2772 255 2824 11.
272 2774 300 2827 3.
320 2775 344 2826 7.
382 2771 437 2825 Pro
456 2773 530 2840 quod
547 2771 661 2824 sentit
679 2780 722 2824 est
742 2772 817 2856 quod
833 2773 988 2835 sentiat,
1013 2771 1110 2822 minus
1138 2770 1222 2837 bene,
1249 2771 1283 2825 in

125 2842 214 2898 Codd.
232 2841 323 2896 Rehd.
344 2850 373 2895 et
393 2841 483 2905 Gud,
503 2858 687 2911 quamquam,
706 2861 757 2911 qus
775 2844 816 2894 ita
835 2842 974 2906 correxit,
999 2841 1123 2894 fortasse
1150 2857 1208 2895 non
1225 2842 1283 2895 mi-

123 2932 178 2967 nus
197 2930 297 2983 sapere
315 2912 370 2965 sibi
389 2914 469 2965 visus
488 2921 541 2977 est,
561 2929 646 2980 quam
664 2911 816 2976 Ernestus,
835 2929 926 2981 quum
943 2911 1043 2980 paullo
1062 2911 1197 2978 superius
1215 2927 1283 2965 cor·

123 2981 636 3109 bitgdlelbplbliyliibbleeiilbm’uiddbi
643 2980 987 3106 bidimslisinluoe'liumiii
1002 2981 1141 3105 rliiritlame
1155 2980 1281 3106 :5thae

122 3090 340 3195 potiusnon:
358 3120 431 3185 Gud.
451 3127 475 3180 2.
493 3072 582 3192 pilite
601 3071 727 3193 ‘loqui‘
744 3090 835 3189 (sict,
858 3123 918 3176 Me.
1098 3086 1109 3114 Ι
1137 3070 1153 3121 q
1271 3088 1281 3118 ’

194 3196 338 3250 Mundure
356 3211 515 3263 quemquam
534 3224 566 3237 -
587 3202 614 3248 et
634 3196 692 3249 otio
710 3201 738 3248 et
757 3194 865 3261 literis]
902 3192 1096 3247 llunclocum
1110 3191 1282 3268 citatEgin·

121 3265 224 3321 bantus
242 3269 274 3320 in
292 3266 419 3318 Prooem.
440 3265 475 3319 ad
493 3265 545 3317 rit.
566 3264 665 3319 Caroli
684 3268 719 3318 Μ.
738 3283 803 3341 pag.
824 3269 848 3322 8.
881 3263 917 3320 D.
1196 3312 1205 3325 ,

193 3337 251 3390 Sed
272 3337 409 3391 mandare
435 3351 592 3404 quemquam
620 3336 720 3398 literis¹
740 3335 806 3401 etc]
843 3335 897 3387 Ed.
918 3335 954 3389 ll.
980 3333 1077 3387 literis
1108 3350 1280 3404 quemquam·

122 3408 159 3460 ln
177 3407 246 3460 cod.
272 3408 347 3459 Mon.
370 3411 395 3460 1.
421 3402 626 3474 compendium
652 3415 704 3468 est,
730 3408 807 3477 quod
831 3406 902 3461 alibi
927 3407 1076 3481 significat
1103 3421 1278 3475 proneptem.

123 3479 271 3541 Ceterum,
291 3476 368 3545 quod
387 3492 456 3528 vere
474 3485 573 3530 monet
590 3475 754 3543 Kiibnerus,
772 3477 902 3546 potuisse
915 3473 1011 3529 ebesse
1030 3474 1090 3530 inl
1109 3487 1281 3545 quemqnam,

122 3565 190 3602 cum
208 3554 347 3617 sequatur
364 3543 487 3599 luminis
505 3576 535 3589 —
557 3548 699 3600 abutentia
716 3547 797 3610 (coll.
818 3546 853 3599 de
872 3545 926 3599 Off.
945 3546 969 3598 Ι.
988 3550 1034 3603 28.
1053 3545 1121 3611 ee),
1140 3562 1199 3600 non
1216 3563 1282 3601 mo-

122 3634 191 3673 vere
210 3631 262 3669 nos
279 3614 374 3681 debet,
394 3624 438 3679 ut,
457 3617 513 3668 ista
531 3617 683 3672 accedente
708 3617 844 3671 lectionis
869 3617 1047 3680 diversitate,
1076 3615 1160 3668 illam
1178 3633 1282 3672 vocem

123 3687 254 3758 spuriam
273 3703 333 3770 esse
360 3687 570 3740 existimemus.
608 3688 642 3740 ln
662 3706 738 3757 seqq.
758 3687 896 3741 exhibent
918 3703 986 3739 suaa
1010 3686 1207 3808 coffiitoticnea,
1235 3689 1281 3741 iu·

120 3774 205 3883 tt?
213 3754 345 3880 dini.
366 3756 1159 3885 iid'riiiaiil'eiii'iiilciil‘i.limini·
1174 3757 1281 3896 inii?

121 3898 191 3953 cod.
213 3899 287 3952 cue.
306 3899 333 3951 t.
359 3914 427 3968 quae
446 3907 526 3952 aetus
543 3916 601 3952 nec.
622 3901 708 3953 Mart).
729 3899 853 3953 elicere
873 3915 909 3978 re
933 3898 1063 3950 lectorem
1081 3895 1156 3962 (sic).
1192 3898 1278 3952 vind.

119 3987 154 4043 A.
174 3986 303 4040 lectorem
329 3987 453 4040 allicere.
481 3987 568 4041 codd.
597 3988 667 4064 lieg.
687 3991 713 4043 3.
739 3991 814 4040 Mon.
833 3990 859 4041 2.
877 3967 1023 4038 'ubetentis
1047 3987 1278 4055 intemperanter.

119 4057 194 4142 Aug.
221 4059 295 4110 adut.
320 4058 515 4126 intemperate.
557 4055 592 4113 Se
615 4077 685 4113 uena
710 4065 737 4111 et
761 4067 827 4111 ante
851 4057 910 4108 otio
928 4057 1040 4108 omittit
1058 4056 1126 4113 God.
1156 4059 1233 4110 Mon.
1250 4061 1278 4114 l.

118 4129 179 4196 lpas
198 4144 264 4181 auos
281 4128 370 4181 libror
396 4128 483 4183 habet
501 4127 570 4182 coe.
625 4130 695 4184 uisb.
733 4129 795 4198 Ipsi
822 4127 935 4179 omittit
958 4127 1032 4202 Aug.
1069 4131 1136 4180 Mox
1159 4127 1230 4211 lieg.
1250 4130 1278 4183 ³.

119 4200 211 4267 legent
231 4229 264 4240 -
283 4199 426 4266 attigerit.
463 4201 517 4254 Pro
547 4202 664 4254 eundem
688 4207 732 4254 est
758 4198 830 4251 lonc
853 4197 886 4249 in
908 4197 962 4249 Ed.
981 4198 1017 4249 H.
1043 4199 1119 4252 unde
1138 4198 1280 4251 eonisciat

119 4270 235 4342 aliquis,
253 4271 431 4347 iungendum
450 4288 511 4324 esse
530 4280 687 4343 utrumque
706 4268 945 4337 scribendumque
957 4268 1009 4338 qui
1027 4267 1279 4322 nauseantem

119 4341 266 4395 licentium
284 4351 338 4396 etc.
356 4351 390 4395 ut
409 4350 452 4396 est
470 4342 547 4395 infra
566 4342 620 4395 111.
638 4345 664 4397 4.
685 4345 719 4395 ⁷:
738 4338 801 4394 lca
819 4340 960 4392 eoadem
978 4345 1081 4405 motus,
1104 4348 1134 4394 et
1160 4356 1208 4393 sae
1228 4340 1276 4392 ius

118 4410 198 4468 slibi.
235 4411 293 4468 Sed
317 4429 377 4467 non
400 4429 472 4484 opus
500 4419 546 4467 est
566 4411 621 4470 bac
639 4410 778 4486 esnpbasi.
803 4412 880 4465 tion.
900 4413 926 4467 1.
945 4407 1033 4466 babet
1054 4410 1105 4481 qui
1130 4416 1194 4466 tun
1224 4426 1275 4465 ens
