2828 5070
506 308 639 373 usses
659 309 688 389 1,
708 309 760 375 ιι.
928 363 931 369 ,
1010 322 1014 327 ·
1153 304 1215 373 sss

61 473 212 535 omnium
234 476 397 548 fortunas,
418 473 474 553 qui
489 471 530 537 de
547 473 610 535 hoc
631 471 878 535 iudicauerunt.
913 472 994 548 litei,
1016 468 1105 552 quod
1119 488 1215 552 prse-

59 565 116 617 ter
137 554 216 614 deos
238 563 337 652 negat
357 557 445 615 scire
467 575 674 637 quemquem,
697 554 731 615 id
753 557 818 615 scit
839 556 921 634 ipse,
947 561 1062 615 utrum
1083 555 1128 615 sit
1147 574 1215 615 mc·

61 638 144 699 lius:
166 655 241 698 nem
263 635 461 698 enitentes
485 637 542 697 sed
559 658 656 698 snum
676 635 772 714 illud,
794 635 1098 713 nihilutsffirmct,
1119 642 1214 698 tenet

60 717 105 780 ed
136 727 331 781 extremum.
381 719 452 779 Nos
481 727 591 780 sutem
624 727 806 791 teneamus,
843 728 883 779 ut
912 717 996 779 nihil
1023 719 1279 779 censeamuslw·

61 820 133 862 esse
155 801 286 872 malum,
308 800 397 883 quod
418 803 462 862 sit
482 821 500 861 a
522 813 642 863 nature
659 800 772 861 datum
794 802 957 878 omnibus,
978 799 1216 884 intelligemus·

60 951 113 1004 01.
133 951 187 1003 Ed.
206 952 255 1004 Fr.
275 951 358 1005 Febr.
378 952 521 1021 posterius
546 953 578 1004 in
597 952 671 1005 Gud.
693 956 717 1005 l.
743 951 801 1004 alio
820 952 871 1004 Ox.
896 949 994 1003 Duisb.
1014 951 1101 1005 Murb.
1140 949 1216 1015 Quae

61 1023 185 1091 scriptio
203 1025 311 1094 purtim
331 1041 366 1075 ex
384 1023 632 1092 pronuntiatione,
649 1022 760 1092 partim
779 1039 814 1075 ex
833 1023 953 1143 sntiguo
972 1020 1116 1075 scribendi
1134 1036 1216 1074 more

61 1090 154 1157 (mus)
179 1099 242 1145 orta
269 1100 320 1147 est.
340 1094 410 1145 Vcn.
440 1101 531 1145 nostr.
556 1091 642 1146 habet
667 1108 725 1144 nec.
763 1092 797 1144 ln
822 1108 879 1143 uno
921 1112 947 1142 x.
969 1097 1073 1155 estut,
1107 1091 1139 1142 in
1157 1091 1216 1142 slio

60 1169 164 1214 autem.
203 1161 401 1232 scriptionem
424 1162 540 1231 paulum
563 1180 737 1234 quamquem
766 1160 882 1215 exhibet
910 1161 978 1214 ool.
1002 1162 1065 1213 Vnt.
1093 1159 1153 1213 (lic.
1181 1162 1217 1213 tle

59 1231 131 1303 nep.
158 1229 232 1295 (vit.
258 1233 317 1287 ind.
348 1233 502 1286 Niebuhrii
532 1252 561 1303 p.
588 1235 648 1288 623.
681 1232 734 1285 Ed.
760 1233 887 1296 nostr.);
924 1233 1093 1302 praeierunt
1119 1239 1217 1284 tumen

61 1304 255 1356 Grammatici
274 1303 462 1372 scriptionem
478 1305 594 1370 paullo:
619 1322 646 1359 v.
666 1303 836 1360 Groteieud.
857 1301 938 1354 Orth.
966 1303 1027 1354 bat.
1053 1302 1075 1366 5.
1095 1305 1155 1356 lll.
1177 1303 1215 1354 cl'.

60 1373 127 1426 Alc.
142 1375 278 1425 ·Msnutii
305 1374 386 1425 Orth.
416 1392 443 1444 p.
463 1376 508 1428 67.
537 1375 580 1427 ed.
607 1375 698 1427 Plant.
727 1373 847 1426 Cellarii
875 1372 1011 1448 Orthogr.
1041 1372 1084 1426 ed.
1112 1370 1216 1424 Hurlcs

60 1460 89 1512 p¹
110 1446 170 1499 306.
190 1444 306 1498 Nolten.
332 1446 401 1497 Lex.
424 1445 519 1499 Antib.
545 1463 574 1516 p.
595 1448 654 1500 135.
692 1445 736 1497 Ad
760 1462 846 1496 usum
871 1445 951 1496 vocis
970 1462 997 1496 v.
1018 1443 1160 1495 Goerens.
1181 1440 1217 1493 sel

61 1512 123 1565 cic.
143 1513 177 1567 de
195 1514 286 1590 laegg.
309 1514 363 1566 lll.
382 1517 425 1569 14,
444 1518 488 1568 32.
508 1532 538 1583 p·
557 1516 620 1571 260.
657 1513 802 1568 scribitur
819 1515 927 1566 mallim
945 1515 976 1565 in
994 1513 1067 1567 Gud.
1089 1516 1112 1565 1.
1138 1512 1217 1565 unde

60 1582 235 1637 tucilisfuit
254 1585 393 1637 transitus
412 1584 571 1648 semotim,
639 1585 675 1638 od
702 1584 790 1638 habet
806 1585 894 1640 Msrb.
938 1585 993 1637 l'ro
1018 1581 1216 1636 iudicauerunt

59 1653 91 1776 {p
114 1656 355 1779 itast-tiupicappre
382 1656 413 1707 in
430 1655 503 1711 Edi.
522 1603 637 1712 Διαῗ
658 1654 722 1720 (secl
739 1655 795 1710 MS.
815 1653 850 1707 sel
867 1673 960 1731 marg.
981 1683 1015 1693 —
1032 1651 1114 1720 runt)
1138 1653 1215 1709 Vict.

87 1740 130 1779 o.
184 1743 199 1776 e
242 1765 248 1776 .
322 1743 348 1779 r.

133 1744 218 1860 Esse?
229 1796 310 1866 quod,
328 1803 444 1864 praeter
463 1797 538 1864 deos,
563 1804 650 1867 negot
666 1797 741 1851 scire
765 1796 942 1867 quemquam]
980 1796 1060 1862 Quos
1076 1810 1131 1866 pro
1150 1795 1217 1849 Etsi

60 1863 216 1918 Kiihnsrus
242 1867 272 1918 in
300 1868 437 1920 lemmate
456 1877 552 1921 snnct.
580 1869 700 1938 scripsit
742 1883 896 1936 uunquam,
925 1866 1029 1919 culsmi
1047 1866 1143 1920 errori
1161 1868 1220 1919 tri-

59 1936 207 1989 bnendum
234 1937 362 2003 uidetur,
397 1956 463 1991 cum
489 1940 650 2007 respiceret
667 1941 701 1990 V.
721 1886 765 1991 gl.
791 1937 826 1990 sel
850 1956 874 1994 c.
894 1938 1015 1989 mul.
1039 1941 1082 1994 911
1103 1937 1153 1989 ubi
1172 1944 1216 1991 est

61 2021 231 2076 quostquam
252 2039 282 2049 -
302 2009 359 2063 sed.
398 2011 453 2061 Pro
477 2011 551 2077 quod
576 2017 620 2062 est
648 2010 715 2080 quid
739 2011 769 2061 in
795 2009 881 2065 codd.
902 2008 975 2083 Aug.
994 2008 1079 2061 Vind.
1098 2010 1124 2064 2.
1143 2008 1215 2061 Vsu.

60 2085 152 2130 nostr.
172 2086 309 2132 consueto
334 2079 410 2150 spuel
430 2080 562 2134 librarios
581 2096 692 2146 errore,
712 2097 747 2133 ex
758 2096 814 2149 quo
827 2087 924 2132 ortum
940 2087 983 2132 est
1001 2079 1119 2145 quiderm
1137 2077 1216 2148 quotl

58 2146 168 2201 hubent
194 2158 255 2202 tres
274 2149 345 2201 011.
372 2153 444 2202 Mon.
467 2155 490 2203 l.
510 2154 537 2207 2.
567 2150 611 2216 (in
635 2149 691 2203 hoc
718 2168 796 2219 spr.
816 2152 867 2214 m.)
892 2148 981 2203 Rehd.
1012 2149 1087 2202 Guel.
1112 2147 1213 2203 Duisb.

58 2218 133 2272 Edd.
154 2220 220 2272 Asc.
245 2227 267 2272 Ι.
286 2223 313 2275 2.
339 2219 412 2286 (sed
439 2221 493 2275 MS.
515 2223 546 2273 in
565 2237 655 2296 marg.
683 2223 770 2290 quod)
796 2221 924 2302 June-P.
945 2221 977 2273 Α.
1004 2221 1035 2270 Β.
1056 2219 1084 2271 S.
1105 2220 1136 2276 O.
1165 2219 1216 2303 (ip

58 2291 512 2431 :restituerunt
531 2288 1216 2430 list?eiterititiitiiiiiii}

59 2432 112 2484 ris.
150 2433 215 2499 Ipse
240 2433 352 2484 omittit
379 2431 447 2485 cod.
474 2432 550 2484 Gud.
586 2431 699 2503 Scripsi
724 2434 762 2484 ss't
786 2430 888 2484 metius
914 2447 980 2482 cum
1004 2378 1073 2482 Bau.
1102 2429 1150 2481 Or.
1179 2445 1216 2481 cx

61 2502 150 2554 codd.
178 2503 247 2578 lieg.
276 2503 350 2555 Gud.
381 2509 402 2554 1.
423 2506 447 2558 2.
477 2504 551 2579 Aug.
576 2504 665 2555 Msrb.
697 2503 771 2555 Gud.
800 2502 890 2555 Rehd.
918 2501 1017 2554 Duisb.
1047 2503 1123 2553 ltlon.
1144 2502 1168 2553 l.
1187 2500 1213 2554 2.

59 2573 145 2626 Vind-
167 2579 190 2628 l.
210 2579 236 2629 2.
273 2574 389 2646 Reliqui
410 2582 439 2626 et
456 2574 529 2627 Edd.
548 2575 649 2626 melius
667 2574 713 2624 es't.
756 2574 871 2625 Mireris
896 2589 972 2633 sens,
999 2573 1147 2624 neminem
1166 2569 1215 2621 sd·

59 2641 119 2695 huc
136 2643 223 2698 rerba
241 2652 334 2697 utrum
354 2647 391 2696 sit
409 2645 509 2697 melius
526 2660 581 2714 pro
600 2645 774 2716 glossemsto
792 2643 932 2696 habuisse.
960 2642 1040 2708 Quod
1058 2643 1084 2694 si
1102 2643 1212 2693 facturn

58 2722 141 2780 esset,
161 2717 309 2768 immerito
337 2718 446 2768 suctum
466 2725 546 2769 esset.
584 2716 639 2768 Pro
664 2730 730 2766 nom
747 2714 819 2768 Gud.
839 2717 865 2767 2.
891 2733 907 2766 u
924 2731 969 2783 pr.
990 2732 1028 2765 m.
1056 2713 1119 2765 sed.
1139 2729 1214 2763 unus

60 2784 111 2836 Ox.
131 2802 191 2838 nou.
230 2787 305 2838 'lum
323 2786 413 2839 liehel.
435 2786 508 2839 illud
525 2801 612 2839 suum.
640 2787 732 2839 Verba
750 2801 847 2838 suum
865 2784 974 2848 illud,
992 2783 1065 2837 uiuit
1082 2788 1114 2835 ut
1132 2784 1215 2848 offir-

60 2863 116 2907 met
135 2858 212 2910 idem
232 2857 409 2933 significare,
428 2874 461 2909 sc
480 2859 505 2910 si
523 2858 661 2910 dixisset:
689 2873 767 2908 suum
785 2855 866 2908 etum
883 2873 988 2909 morem
1007 2853 1214 2918 Academicum)

58 2941 119 2978 non
138 2929 336 2981 existimarem
365 2946 425 2982 esse
444 2929 637 2982 necessarium
665 2944 819 2997 exponere,
844 2928 903 2980 nisi
922 2927 1091 2981 Ciceronem
1109 2940 1144 2978 so
1161 2939 1214 2976 no·

59 2998 140 3121 ffie
158 2999 365 3123 reprelienslurbn
386 3018 447 3124 esp}
464 3001 601 3122 ἒὶιὶἰιιιιιι
620 2997 821 3123 ehollle'llio.
858 2997 901 3053 De
913 3015 953 3120 po
970 2992 1211 3134 morleaeismqvid.

88 3085 287 3122 unerumrn
326 3088 388 3124 rro
488 3086 524 3124 rc.
554 3090 585 3122 ιιι
656 3084 728 3123 soso
773 3086 1007 3124 summersus.
1098 3083 1212 3134 sq.-

59 3140 141 3191 Unus
160 3140 229 3196 Cod.
250 3143 301 3193 Ox.
320 3140 406 3194 habet
424 3147 472 3194 aul
493 3158 548 3210 pro
566 3147 604 3195 ut.
613 3087 715 3196 piiehd.
729 3086 847 3192 limittit
866 3141 912 3193 ad.
978 3087 998 3139 p

131 3211 190 3261 Nos
217 3218 308 3262 cutem
336 3219 485 3274 teneamus,
519 3218 549 3263 ut
574 3210 649 3264 silit
665 3208 839 3275 uueeumue]
878 3210 959 3276 Quod
977 3209 1038 3264 eie.
1058 3207 1128 3259 alibi
1146 3217 1214 3276 post

60 3289 155 3333 tenere
173 3280 228 3331 hac
246 3283 391 3334 sententis
408 3282 505 3351 posuit
523 3299 583 3335 acc.
603 3299 627 3337 c.
648 3282 701 3336 inl.
721 3301 749 3337 v.
770 3297 795 3332 c.
814 3283 950 3335 Paradox.
972 3283 995 3334 1.
1013 3281 1040 3334 3.
1059 3281 1109 3335 14:
1133 3277 1214 3344 {illud

58 3359 138 3403 crete
156 3357 248 3403 teuent
268 3379 300 3389 -
318 3353 485 3419 uoluptatem
511 3369 571 3406 esee
588 3369 723 3407 summum
740 3354 851 3406 bouum
880 3353 915 3406 (le
931 3352 1019 3406 Finn.
1038 3350 1060 3402 l.
1082 3352 1132 3403 lo:
1160 3347 1211 3404 hoc

60 3424 155 3476 tenebo
177 3450 207 3460 -
227 3424 359 3474 uirtutem
379 3455 412 3465 -
430 3440 544 3477 cuueom
563 3440 617 3477 nou
634 3426 738 3489 fuisse:
767 3423 797 3476 id
815 3423 843 3476 h.
864 3424 886 3474 1.
910 3425 1004 3476 fecere
1027 3436 1086 3473 non
1104 3422 1210 3489 potuit,

59 3497 129 3563 quis
150 3494 277 3546 uerbum
309 3500 450 3548 teneamus
476 3497 639 3549 accuratius
667 3496 794 3566 explicet
817 3495 905 3548 verbo
929 3507 1097 3554 censeamus,
1134 3493 1212 3560 quod

58 3565 274 3641 adiungendum
286 3573 347 3619 erat
361 3568 563 3620 coniunctione
581 3574 623 3633 ut,
642 3570 724 3690 zuei
741 3567 930 3635 praecesserit
948 3563 1136 3618 necessarium
1160 3569 1210 3621 est.

58 3637 173 3703 Absque
193 3636 245 3688 illo
262 3638 461 3692 verbodicere
479 3645 594 3708 poteret
611 3639 641 3690 m'
666 3639 685 3690 ‘1
701 3654 760 3691 esee
778 3639 896 3689 molum:
914 3654 992 3690 nuno
1009 3636 1050 3688 its
1068 3633 1209 3702 loquitur,

58 3715 93 3759 ut
117 3708 406 3762 circumlocutionem
433 3726 579 3785 agnosces,
604 3716 744 3762 teneamus
767 3714 798 3762 ut
823 3723 979 3761 censeamus
1001 3721 1054 3776 pro
1081 3703 1213 3773 simplici

58 3794 229 3843 censeamus,
248 3782 324 3833 sicut
342 3781 375 3835 de
393 3780 441 3832 Or.
461 3782 499 3834 ll.
519 3785 562 3835 3³.
583 3783 650 3834 tlt:
680 3797 714 3833 ex
737 3780 895 3845 scauuini,
920 3795 981 3831 cum
1007 3776 1122 3837 diceret,
1153 3774 1212 3830 sios·

58 3857 165 3903 certum
183 3866 252 3913 esse,
272 3866 343 3921 prot
363 3869 398 3904 ex
416 3868 448 3904 eo
467 3851 573 3912 audiui,
591 3848 647 3902 sits·
665 3856 769 3904 certum
787 3867 861 3904 esses
881 3869 909 3902 v.
929 3864 989 3900 eum
1009 3846 1143 3898 dicentem
1161 3861 1211 3904 uu·

59 3920 130 3983 diui,
150 3936 173 3971 s.
193 3937 214 3972 c.
236 3938 258 3972 e.
297 3921 351 3973 Pro
379 3939 537 3974 censeamus
559 3919 614 3971 Ed.
633 3922 662 3973 P.
689 3921 853 3976 eeuts'umue.
893 3918 968 3985 Quid
994 3917 1113 3969 intersit
1130 3918 1211 3973 inter

56 4000 217 4059 utrumque
242 3993 374 4058 verbum,
399 3993 519 4068 exposui
541 3991 577 4044 sd
595 3991 656 4044 cic.
676 3992 711 4044 (le
730 4009 761 4045 rs
784 4029 791 4043 .
811 3992 834 4046 1.
852 3994 896 4047 22.
915 3994 945 4060 p?
966 3993 1014 4044 121
1035 4006 1077 4058 sq.
1106 3988 1209 4052 (conf.

58 4062 209 4117 Heinrich.
231 4060 313 4114 adh.
334 4063 354 4115 l.
381 4081 409 4132 p.
431 4063 504 4128 181.)
537 4062 584 4113 Ex
607 4063 680 4114 locis
706 4063 748 4114 ibi
795 4061 889 4115 udstis
908 4061 943 4114 sel
963 4060 1210 4116 constructionem

57 4151 125 4187 cum
149 4142 250 4191 nostro
276 4133 362 4202 plane
387 4135 524 4187 convenit
542 4132 698 4205 Philippic.
727 4131 774 4184 lx.
795 4137 819 4187 1.
839 4135 869 4188 8:
901 4133 963 4200 Ego
982 4137 1083 4198 omem,
1114 4132 1144 4186 P.
1165 4133 1210 4193 0.,

58 4205 103 4258 ss‘c
121 4205 305 4273 interpretor,
324 4207 482 4257 sensisse
501 4205 620 4256 maiores
632 4208 754 4267 nostros,
772 4210 809 4255 ut
826 4219 937 4259 caueam
949 4201 1050 4257 nuruis
1069 4217 1209 4258 censue·

59 4276 149 4340 rint,
176 4293 230 4328 uon
249 4291 339 4342 genus
358 4291 436 4327 esse
455 4276 698 4345 quaerendum.
736 4275 795 4326 Mr.

129 4348 203 4414 quod
221 4346 260 4397 ιιι
278 4363 296 4397 a
315 4352 421 4397 nutura
439 4344 545 4410 dotum]
564 4345 662 4398 Duisb.
683 4346 796 4396 omittit
814 4361 841 4398 u.
868 4346 957 4403 llslul.
975 4346 1063 4401 lssbst
1081 4343 1207 4398 omnious

58 4417 164 4480 dotum,
183 4434 258 4469 unus
274 4415 323 4467 01.
336 4424 366 4469 et
379 4418 453 4478 lton.
469 4421 492 4472 l.
513 4415 606 4469 dutum
623 4413 789 4478 Mmiuioue.
808 4417 878 4494 lisg-
897 4418 1205 4488 intellegemusesse.
1223 4424 1226 4429 '
