2828 5070
506 319 641 397 maan
662 318 688 394 1,
715 317 768 385 as.
1150 321 1221 404 ‚ssa

55 483 175 562 mbas,
197 503 241 545 en
263 504 282 546 a
304 485 398 546 malis
421 482 643 547 discessisset?
682 480 783 546 Certe
804 503 823 545 a
844 483 986 546 miseris.
1030 481 1109 546 Non
1131 487 1221 548 enim

53 587 137 629 cum
158 585 277 629 socero
300 567 424 628 bellum
445 571 620 655 gessisset,
652 586 719 627 non
740 568 924 648 imperatus
946 585 1038 627 erma
1060 571 1221 650 sumpsis-

52 658 130 722 set,
165 667 232 710 non
262 647 397 711 domum
426 652 631 734 reliquisset,
667 667 734 710 non
761 668 800 710 ex
832 649 927 712 ltalia
959 648 1113 734 fugisset3
1153 669 1220 712 non

55 733 211 795 exercita
234 735 355 793 amisso
377 731 486 793 nudus
509 735 743 794 insertorum
770 733 900 794 terrum
928 738 962 791 et
992 749 1107 793 manus
1135 734 1221 796 inci·

56 811 539 890 disset3nonliberidelet13
572 833 639 876 non
666 817 822 877 fortunae
851 832 1007 876 omnesa
1036 814 1221 878 victoribus

55 981 135 1035 Gsd.
154 984 181 1037 2.
207 981 386 1036 extinctum.
426 981 501 1037 'l'um
527 983 617 1038 Rehd.
645 1000 689 1038 aa
708 982 788 1038 dorsis
815 998 834 1035 a
851 982 942 1036 retus.
981 982 1081 1058 Pergit
1099 985 1174 1038 Mon.
1195 989 1220 1041 1.

55 1068 102 1106 ors
119 1052 235 1109 motis.
256 1054 331 1106 Gud.
355 1060 414 1109 l.s
454 1073 478 1107 r.
496 1072 535 1107 m.
559 1056 701 1108 discessit.
738 1056 798 1108 Mr.

45 1149 68 1174 ,ν
130 1124 215 1176 Certe
232 1139 251 1175 a
270 1126 396 1178 miseris.
458 1143 492 1179 ou
511 1126 584 1179 enim
602 1142 659 1179 cum
677 1143 773 1180 socero
793 1123 861 1189 ete]
885 1124 954 1178 Bek.
976 1132 1005 1177 et
1020 1125 1093 1179 Med.
1113 1125 1222 1181 habent

55 1192 200 1258 detrita,
220 1196 297 1264 quod
316 1195 417 1249 lubens
435 1196 606 1267 amplector.
645 1197 694 1251 Sic
718 1206 815 1251 autem
840 1193 894 1247 hac
912 1195 949 1247 de
973 1210 1006 1249 re
1024 1196 1153 1250 Velleius
1172 1200 1222 1251 Pa-

47 1265 190 1319 rtes-colus
208 1264 259 1319 lib.
279 1267 316 1320 ll.
338 1284 400 1336 cap.
420 1271 465 1324 te.
490 1268 652 1338 Pompeius,
677 1268 704 1321 ss'
722 1266 896 1335 grauissima
920 1271 1046 1318 tentatus
1064 1268 1223 1323 valetudine

47 1334 226 1388 decessisset
245 1336 276 1388 s's
295 1337 461 1405 campanio,
481 1338 545 1407 (quo
558 1339 670 1408 quidem
688 1346 811 1405 ternpore
829 1336 963 1388 universo
980 1337 1068 1391 ltalia
1087 1345 1151 1392 sota
1166 1356 1222 1408 pro

57 1405 156 1458 soture
181 1406 241 1458 es‘ue
259 1434 292 1444 -
311 1411 448 1476 suscepit)
477 1410 613 1473 defuisset
636 1412 772 1476 fortunae
799 1406 963 1461 destruendi
987 1408 1049 1460 etus
1076 1410 1169 1474 locus,
1195 1416 1224 1464 et

56 1491 144 1545 quam
170 1478 246 1544 apud
269 1495 386 1547 superos
411 1477 547 1534 tabuerat
574 1481 809 1549 magnitudinem,
840 1477 989 1531 inlibatam
1016 1479 1163 1534 detulisset
1183 1481 1223 1535 ad

57 1547 178 1612 s'aferos.
218 1548 283 1602 Huc
306 1551 486 1620 pertinentia
512 1551 659 1606 luvenalis
684 1560 713 1605 et
739 1548 891 1604 Plutarchi
918 1549 982 1602 loce
1004 1550 1134 1604 citarum
1159 1552 1221 1605 eius

58 1617 252 1687 interpretem
282 1622 480 1689 praetermitti
507 1637 578 1675 vero
596 1639 655 1675 non
674 1622 775 1677 debuit
800 1620 908 1674 Seneca
927 1618 1011 1674 Coos.
1030 1620 1066 1673 ad
1085 1622 1222 1676 Marciam

56 1703 121 1758 cap.
141 1687 199 1744 XX.
237 1689 280 1753 Ss',
301 1692 410 1760 inquit,
438 1692 479 1744 Cn
512 1692 677 1760 Pompeium
695 1725 727 1736 -
747 1690 869 1758 Neapoli
892 1690 1020 1743 valitudo
1046 1692 1222 1758 obstulisset,

57 1758 242 1812 indubitatus
259 1762 356 1829 populi
373 1762 406 1814 ll.
433 1764 566 1830 princepe
586 1768 755 1816 excesserat.
792 1763 833 1813 At
861 1776 933 1812 nunc
960 1759 1061 1827 exigui
1087 1763 1223 1830 temporie

45 1829 181 1882 »adiectio
209 1832 331 1898 fastigio
362 1833 445 1885 illum
463 1850 513 1887 suo
538 1834 653 1900 depulit.
696 1833 775 1887 Vs'ds't
794 1829 920 1896 legiones
938 1839 993 1884 etc.
1033 1829 1120 1886 Certe
1144 1832 1223 1886 nihil

55 1899 117 1954 sisi
141 1900 228 1968 ionga
255 1904 315 1954 os'ta
338 1919 471 1970 magnum
488 1904 581 1967 „modo
599 1904 758 1973 Pompeium
784 1901 902 1956 vertenti
923 1901 1055 1970 praebuit
1078 1904 1222 1971 fortunae,

48 1977 149 2042 ¹prout
167 1974 208 2024 ait
225 1974 327 2026 Livius
350 1975 400 2038 lX,
420 1980 462 2030 17.
501 1975 537 2027 D.

47 2089 50 2093 .
129 2049 208 2095 certe
226 2059 244 2095 a
262 2044 400 2113 miseria]
437 2044 585 2112 Miseris‘s,
606 2044 684 2115 quod
702 2045 852 2100 immerito
870 2046 1003 2117 placebat
1020 2044 1151 2112 Davisio,
1170 2045 1221 2102 ha·

55 2113 108 2167 het
126 2115 215 2166 etiam
234 2132 309 2168 unus
329 2116 378 2168 Ox·
399 2133 464 2168 cum
483 2115 572 2170 Rehd.
592 2115 667 2171 Edd.
687 2118 758 2171 Ven.
779 2116 838 2169 alt.
858 2125 950 2171 nostr
971 2118 1035 2171 Asc.
1056 2123 1080 2173 1.
1115 2119 1148 2170 Α.
1168 2118 1223 2177 So·

56 2199 155 2237 cerum
172 2185 303 2254 Pompeii
322 2187 459 2261 intellige
478 2187 509 2242 0.
530 2187 641 2239 lulium
662 2186 823 2246 Caesarem,
842 2190 925 2241 cuius
943 2188 1006 2241 illia
1021 2188 1096 2241 lulia
1114 2205 1222 2257 nupse-

55 2261 104 2307 rat
123 2255 268 2325 Pompeio.
289 2288 323 2299 -
360 2259 415 2310 Pro
434 2257 623 2312 bellumCod.
643 2255 743 2314 Duisb.
763 2259 852 2311 bellu.-
880 2258 958 2311 idem
983 2275 1039 2311 non
1067 2274 1148 2310 arnse
1168 2259 1222 2312 im-

53 2331 179 2394 peratas
196 2327 376 2394 sumpsisset3
394 2346 468 2381 unus
487 2328 538 2380 02.
559 2327 738 2397 imperatus.
769 2329 842 2403 Aug.
863 2328 1038 2395 imperatus
1056 2343 1136 2380 assae
1154 2344 1222 2396 eup-

54 2397 220 2464 presss‘eset.
266 2399 301 2451 ln
329 2416 410 2469 seqq.
427 2397 510 2453 ⁴Gaul.
533 2399 568 2450 D.
598 2396 721 2452 exercitu
749 2401 841 2465 fuso.
887 2398 968 2451 Unus
996 2398 1046 2450 Ox.
1074 2414 1129 2468 pro
1156 2415 1223 2453 nost

45 2466 191 2519 -eaercs‘tu
214 2467 302 2523 hebet
325 2484 364 2521 et
387 2471 520 2526 exercitu.
557 2467 638 2521 Dicit
664 2486 735 2523 vero
759 2470 790 2522 s'n
812 2485 992 2523 servorum
1012 2472 1133 2534 ferrum,
1173 2469 1222 2524 uia

57 2538 222 2592 trucidatus
242 2547 286 2593 est
302 2541 457 2610 Pompeios
476 2542 510 2607 ab
528 2539 646 2592 Achilla
665 2547 695 2594 et
712 2540 846 2606 Pothino,
869 2541 956 2615 Regis
973 2539 1131 2594 Ptolemaei
1149 2488 1238 2595 flio-³

55 2609 127 2732 epple?
137 2609 288 2732 :unic-¹1¹⁸
313 2630 333 2663 s.
356 2612 540 2733 spadonibus,
567 2610 825 2735 lgidfupithf‘m
843 2610 1020 2734 Glepppntarae.
1041 2611 1221 2734 ‹tpldmoduaa

57 2697 649 2832 senice?namciiiliedcirrs’piluisldssplu
658 2698 948 2820 coinmltllioisilsue
966 2684 1221 2823 pillisePolllpd‘idi

57 2821 170 2872 incidat
188 2821 219 2874 in
238 2825 353 2887 ferrum,
384 2842 470 2894 quam
495 2825 527 2876 in
554 2837 655 2875 monus
677 2839 840 2877 servorum.
877 2823 922 2876 Ad
948 2841 976 2876 v.
1002 2824 1160 2892 superatus
1179 2826 1218 2878 cf.

56 2891 93 2947 tt.
113 2891 257 2946 Wunder.
282 2894 318 2947 ad
337 2895 397 2950 Cic.
425 2911 480 2963 pro
498 2894 594 2945 Plano.
614 2911 644 2962 p.
664 2896 725 2950 223.
763 2896 825 2946 Mr.

129 2979 184 3015 nors
203 2963 290 3016 liberi
309 2961 418 3028 defleti]
451 2965 616 3033 „Antiquos
640 2965 716 3017 liber
733 2964 790 3018 MS.
804 2963 891 3016 habet
909 2965 1007 3030 deleti,
1027 2966 1220 3034 quodminus

56 3032 172 3101 placet:
192 3034 322 3103 placeret
341 3035 433 3110 magis
454 3036 538 3087 eiects'
556 3051 593 3086 so.
607 3035 770 3088 fortunis.“
790 3034 1220 3100 Ursinue.1)ar.,utridetur,

56 3103 90 3153 in
108 3103 209 3158 Edi.
237 3113 389 3175 receperat
409 3106 504 3171 deleti,
530 3103 724 3174 reprehensus
744 3120 776 3159 eo
796 3105 917 3158 nomine
933 3122 949 3156 a
968 3105 1111 3168 Bentleio,
1139 3123 1168 3172 q.
1187 3122 1216 3157 v.

56 3172 232 3226 Bouhierius
250 3192 320 3230 vero
339 3184 444 3229 neutro
461 3174 592 3246 probato,
612 3184 713 3229 contra
729 3174 896 3228 Bentleium
911 3172 983 3226 haec
1001 3183 1116 3227 monet:
1136 3174 1219 3227 Pom·

57 3243 160 3313 peium
182 3259 239 3296 non
257 3247 399 3322 cogitasse
417 3255 541 3299 mortem
561 3245 616 3298 sibi
635 3263 695 3300 esse
713 3254 774 3298 tam
791 3244 1000 3367 propinquam:
1026 3261 1130 3313 neque,
1151 3261 1220 3296 cum

56 3313 175 3366 rideret
194 3330 256 3367 eam
275 3317 441 3381 instantem,
467 3316 612 3369 deflendae
638 3317 768 3370 familiae
813 3315 924 3369 abuisse
951 3316 1046 3368 otium
1071 3317 1134 3368 sive
1154 3331 1220 3385 spa-

57 3384 143 3439 tium.
181 3382 300 3441 Tractus
319 3390 436 3458 quidem
455 3395 521 3456 post
538 3404 667 3460 pugnam
686 3385 882 3440 Pharsalicam
900 3385 991 3439 fuisse
1009 3387 1139 3456 Pompeii
1158 3403 1219 3451 res,

57 3473 113 3509 nec
131 3472 201 3508 aero
219 3455 305 3527 plane
323 3461 495 3528 desperatas,
515 3475 582 3512 cum
601 3459 690 3511 etiam
709 3474 788 3510 nunc
804 3458 874 3509 satis
891 3456 993 3510 firmae
1008 3457 1122 3510 tuerint
1136 3456 1219 3511 Pom-

57 3527 119 3597 peii
139 3536 246 3595 partes,
274 3530 382 3598 quippe
403 3546 486 3598 quae,
517 3529 566 3582 rel
584 3537 650 3598 post
669 3530 731 3583 eius
750 3544 859 3590 accan,
884 3544 939 3597 per
966 3527 1006 3580 ali
1050 3526 1085 3580 od
1103 3536 1162 3581 tem
1185 3546 1219 3581 us

59 3614 88 3651 se
113 3607 209 3650 essent
227 3600 329 3664 tuitae,
357 3600 436 3661 filiis,
470 3597 608 3669 Scipione
632 3614 732 3653 socero
758 3606 788 3651 ct
812 3599 920 3651 Catone
950 3596 1017 3651 duci
1037 3604 1096 3651 us.'
1118 3600 1153 3652 Vi
1175 3599 1221 3653 eri
1265 3623 1269 3630 ’

57 3668 533 3802 {ratast-massas
756 3669 1026 3804 attactas

57 3807 114 3863 Sed
132 3808 183 3862 hic
202 3759 388 3865 Gmecilmus
408 3829 475 3863 cum
493 3757 789 3881 Adilltivo'poe'tico,
817 3829 875 3865 non
888 3819 1018 3887 ,urgente
1037 3814 1220 3878 necessitate,

59 3880 197 3935 Ciceroni
217 3881 332 3933 obtrudi
351 3899 410 3934 non
428 3882 527 3935 debet:
556 3899 730 3951 quamquam
750 3882 781 3935 id
798 3883 910 3934 iactum
928 3898 986 3933 non
1006 3880 1144 3950 displicet
1161 3880 1220 3935 Er-

58 3961 150 4006 nesto.
165 3952 303 4004 Nissenio
315 3953 354 4018 id,
374 3952 451 4021 quod
463 3968 521 4004 non
535 3952 654 4006 defletus
672 3953 765 4006 tuerit
783 3971 800 4006 s
817 3951 920 4006 liberis
932 3952 1094 4020 Pompeius,
1114 3970 1219 4022 parum

57 4025 154 4075 visum
175 4031 219 4076 est
244 4024 324 4074 iuter
349 4031 443 4076 tantas
468 4024 654 4076 calamitates.
693 4023 828 4077 lleishius
854 4024 1028 4076 coniicisbat
1055 4041 1107 4077 non
1133 4023 1220 4077 liberi

58 4100 178 4146 essent
207 4093 326 4146 deleti.
346 4124 378 4135 -
416 4094 600 4165 Receperunt
624 4094 710 4146 deleti
733 4093 877 4149 PAWolf.
903 4091 986 4146 Schs.
1015 4094 1089 4151 sill„
1110 4095 1157 4149 Or.
1182 4113 1219 4149 ex

58 4163 169 4216 duobus
186 4164 256 4216 Oxx.
279 4173 308 4217 et
321 4163 427 4218 Codice
437 4165 540 4219 Ursini
559 4166 663 4233 quibus
682 4164 794 4219 accedit
814 4164 882 4217 Cod
893 4162 993 4219 Duisb.
1024 4165 1104 4230 Quod
1122 4175 1219 4220 autem

59 4235 163 4287 dicunt
181 4233 333 4289 Davisium
353 4236 384 4287 in
401 4236 455 4288 Ed.
476 4239 503 4292 Ἰ.
526 4235 604 4290 idem
623 4234 760 4290 exhibere
779 4232 934 4288 Schiitsius
955 4243 986 4288 et
1003 4234 1168 4299 lliihnerus,
1187 4235 1220 4288 id

57 4307 157 4358 nescio
177 4307 251 4358 unde
268 4306 436 4360 hauserint:
456 4325 525 4361 nam
542 4309 575 4359 in
593 4307 740 4360 contextis
754 4314 797 4359 est
816 4305 919 4371 delicti,
938 4322 1031 4375 neque
1050 4305 1110 4359 ulla
1127 4321 1218 4358 anuo-

57 4377 169 4429 tatione
189 4376 285 4430 addita
302 4377 439 4432 Davisius
459 4380 514 4432 sibi
532 4378 609 4431 illud
626 4376 746 4448 probari
764 4377 848 4430 dixit.
887 4375 935 4430 Or.
958 4392 1028 4431 vero
1053 4377 1114 4428 dici
1132 4391 1218 4444 posse

55 4445 137 4502 dixit
155 4448 242 4502 deleti
259 4449 296 4504 da
323 4448 380 4503 cn.
397 4449 533 4521 Pompeio
551 4449 616 4505 tuto
635 4450 803 4513 interiecto,
826 4453 857 4502 et
872 4446 908 4504 de
926 4446 1013 4504 Sexto
1032 4455 1104 4502 tunc
1122 4444 1218 4501 omni-
