2828 5070
507 334 635 399 unna
656 335 683 410 1,
705 320 756 402 et.
941 352 944 359 ·
987 372 990 377 -
1168 336 1231 404 sss

76 504 153 586 phis
175 489 336 584 templum
357 499 669 575 exaedificavissent,
691 490 888 565 venerantes
906 496 1014 573 deum,
1037 501 1232 587 petiverunt

76 584 265 646 mercedem
286 604 353 644 non
379 604 518 666 parvam
549 584 681 666 quidem
703 586 817 664 operis
837 592 871 644 et
900 584 1023 645 laboris
1051 587 1115 662 sui,
1149 584 1233 649 nihil

77 669 174 744 certi,
207 666 265 729 sed
292 664 379 748 quod
407 676 493 728 esset
524 670 687 748 optimum
709 666 847 726 homini.
892 666 1020 729 Quibus
1049 667 1168 749 Apollo
1197 686 1233 730 ss

78 750 114 811 id
144 749 300 811 daturum
330 749 477 809 ostendit
503 758 578 828 post
607 752 677 810 eius
711 746 776 809 diei
799 747 886 808 diem
916 752 1072 809 tertium:
1110 752 1165 830 qui
1193 759 1231 813 ut
1248 756 1275 808 b.

76 833 204 909 illuxit,
228 833 353 891 mortui
383 839 461 892 suut
482 834 623 912 reperti.
668 829 870 890 ludicsx'isse
898 828 1008 902 deum,
1035 830 1165 908 dicunt,
1199 841 1234 895 et

78 935 156 978 eum
177 913 308 996 quidem
332 912 440 992 deum,
463 915 519 975 cui
541 915 672 995 reliqui·
686 912 734 973 dii
756 915 1007 991 concessissent,
1037 921 1076 974 ut
1096 923 1234 996 praeter

78 1006 210 1058 ceteros
232 995 410 1057 divinaret.

675 1103 803 1110 .-—---
1116 1106 1228 1115 —-—--

77 1107 211 1218 }nosuisse
230 1153 375 1200 testantur
393 1145 536 1197 Homerus
556 1146 663 1214 Hymu.
689 1104 837 1214 napoli.
865 1149 988 1202 vestiti.
1015 1106 1235 1269 etvstkesshsnus

78 1219 112 1270 in
130 1220 242 1285 Δελφοί.
280 1216 352 1268 Vide
371 1223 399 1268 et
418 1215 555 1267 Nonnum
574 1215 766 1268 adcreverit
785 1216 960 1269 Nazianze'ui
979 1217 1049 1271 Stel.
1071 1218 1094 1269 1.
1143 1219 1189 1270 ist.
1209 1222 1234 1274 1.

77 1293 263 1357 Xaqeorqpsoo
281 1303 362 1350 vero,
382 1287 459 1353 quod
478 1286 604 1338 contulit
625 1262 785 1348 iste⁰Deus‚
816 1302 874 1339 non
894 1289 1063 1344 meminere.
1101 1289 1237 1342 Meminit

78 1367 174 1412 autem
194 1356 365 1409 Plutarchus
385 1356 469 1410 Cous.
490 1356 524 1407 sd
543 1356 639 1425 Apoll.
659 1375 725 1443 pag.
748 1360 806 1411 109.
826 1357 859 1408 A.
896 1360 964 1427 Περὶ
985 1357 1163 1429 Ἀγαμήδους,
1191 1359 1236 1411 ir.-

79 1431 154 1499 quit‚
173 1431 218 1481 καλ
240 1432 403 1498 Τροφωνίου
422 1427 492 1494 φησὶ
510 1428 658 1494 Πίνδαρος,
678 1447 726 1480 τον
743 1427 814 1479 νεὼν
831 1429 880 1479 τὸν
898 1426 929 1480 ἐν
947 1432 1062 1500 Δελφοῖς
1081 1430 1236 1500 οἰκοδομο-

80 1516 192 1560 cumae,
212 1498 298 1551 sireis
317 1500 391 1566 παρὰ
410 1499 458 1551 τοῦ
477 1498 642 1561 ’Λπόλλωνος
659 1500 778 1570 μισθόνΙ
798 1498 846 1549 τὸν
865 1497 892 1550 d'
911 1497 1002 1560 αὐτοῖς
1022 1498 1237 1568 ἐπαγγείλασθαι

78 1571 116 1632 sig
132 1567 329 1620 ἘΒΑΟΜλῑΙλΓ
344 1568 449 1638 ἡμέραν
474 1565 648 1636 deoduinus·
669 1596 701 1607 --
720 1568 782 1625 τοὺς
800 1568 833 1620 di
854 1601 884 1610 -
901 1559 938 1637 ἰῇ
956 1566 1139 1623 “ΕΒΔο’ΜΗι
1160 1572 1238 1626 νυκτὶ

78 1641 328 1711 κατακοιμηθένιος
352 1642 513 1702 τελευτῆσαι.
556 1638 684 1694 Eandem
709 1641 770 1692 eivs
795 1639 921 1691 fabulam
950 1641 1012 1694 sive
1037 1659 1099 1696 rem
1126 1650 1237 1719 gestem

79 1714 171 1766 refert
190 1714 277 1765 etiam
297 1709 433 1763 stobaeus
452 1708 544 1762 Serm.
566 1711 661 1765 cxlx,
682 1728 746 1832 paff.
768 1711 827 1763 603.
858 1719 886 1762 et
905 1711 931 1764 ei
952 1729 1067 1781 quoquo
1091 1713 1169 1766 diem
1188 1713 1238 1765 sd·

80 1784 178 1857 signat
197 1781 390 1849 septimum.
429 1781 506 1833 Hinc
533 1782 632 1833 forsan
659 1798 715 1863 spu
763 1787 897 1832 nostrum
924 1783 1044 1834 rescribi
1070 1782 1154 1836 debet
1170 1788 1236 1851 post

79 1855 142 1907 eius
166 1852 226 1906 diei
249 1852 322 1904 diem
349 1850 503 1918 septimum,
535 1867 591 1903 non
618 1857 740 1904 tertium.
780 1850 866 1903 Certe
885 1852 969 1905 notae
989 1854 1152 1907 numerales
1170 1852 1236 1907 Vll.

81 1932 111 1978 et
129 1922 180 1975 111.
208 1922 316 1975 lineola
334 1929 447 1975 tantum
477 1922 707 1996 distinguuntur.
736 1920 862 1991 sdeoque
889 1938 947 1975 non
966 1923 1130 1976 difficulter
1153 1923 1238 1976 sLi·

79 1995 187 2047 brariis
207 1999 317 2062 queunt
335 1991 482 2045 confundi.
520 1991 569 2045 Sic
587 1993 661 2062 apud
680 1993 894 2061 Hieronymum
923 1994 954 2045 in
974 1992 1064 2048 catal.
1084 2012 1145 2065 cap.
1165 1994 1237 2049 CIX.

78 2065 132 2118 alii
151 2063 270 2117 Codices
288 2063 438 2117 Lxxxnt.
459 2062 511 2115 alii
531 2063 691 2116 Lxxxvn.
713 2061 862 2129 exhibent.
901 2065 936 2116 D.

151 2135 303 2187 mercedem
322 2151 373 2186 non
391 2150 509 2200 parvam
526 2134 634 2202 quidem
653 2152 669 2186 o
690 2132 758 2201 eris]
778 2134 859 2187 Unus
878 2135 929 2188 Ox.
951 2143 981 2189 et
1000 2139 1074 2188 Mon.
1094 2141 1117 2192 l.
1135 2152 1235 2205 paros.

78 2203 167 2258 steht
189 2206 300 2258 omittit
325 2204 442 2274 quidem.
469 2206 568 2257 hamb.
595 2213 625 2258 et
677 2224 700 2260 r.
721 2205 805 2257 Fabr.
831 2222 885 2258 non
902 2222 1018 2273 paruam
1043 2207 1075 2259 il
1083 2209 1156 2259 lom
1174 2208 1237 2277 qui·

80 2277 155 2341 dem;
175 2292 212 2329 ex
230 2276 373 2339 Lsinbini‚
393 2284 425 2327 ut
443 2274 570 2338 videtur,
589 2277 762 2329 coniectura.
784 2274 852 2330 Cod.
871 2276 956 2331 vind.
976 2281 1000 2333 2
1022 2284 1051 2330 st
1069 2278 1123 2333 Ed.
1143 2279 1179 2333 H.
1200 2294 1239 2333 ac

79 2348 189 2401 laboris
206 2362 260 2416 pro
279 2353 321 2398 et
347 2347 459 2398 laboris.
497 2348 551 2399 Pro
577 2344 650 2398 nitet
673 2354 715 2398 est
735 2345 781 2398 nil
804 2346 836 2397 iu
853 2345 925 2399 Edd.
947 2345 1011 2402 Car.
1032 2346 1133 2417 steph.
1154 2347 1236 2410 Boul.

78 2419 176 2471 Lamb.
206 2415 292 2470 Goth.
314 2417 376 2468 Ald.
404 2418 452 2469 Fr.
472 2417 557 2470 Febr.
582 2415 718 2470 Reiskius
745 2418 887 2469 coniecit:
915 2415 989 2469 nitet
1014 2420 1084 2470 certi
1109 2425 1236 2474 tanuen:

80 2488 131 2542 sed
158 2488 213 2540 hoc
238 2488 427 2539 intellivitur.
466 2488 576 2540 Eodem
601 2489 664 2540 iure
683 2503 779 2556 posses
806 2487 967 2540 coniicere:
996 2487 1071 2542 sitit
1087 2488 1240 2557 quidem

80 2562 160 2612 certi.
187 2560 221 2610 ln
240 2557 308 2610 Cod.
328 2530 419 2610 llehd.
440 2568 483 2611 est
502 2557 576 2612 nteit
593 2557 666 2610 certi
681 2557 880 2624 petierunt.
919 2558 985 2610 Post
1004 2560 1077 2629 quod
1096 2562 1239 2615 omittunt

80 2637 152 2683 esset
171 2627 245 2682 Edd.
266 2630 346 2680 Junt.
367 2629 416 2683 Fr.
436 2630 517 2682 Fabr.
538 2632 565 2681 P.
587 2631 620 2681 A.
640 2627 670 2679 B.
691 2626 719 2680 5.
738 2627 771 2680 E.
795 2628 825 2681 C.
845 2629 943 2684 Herw.
963 2631 1032 2683 Ven.
1060 2639 1149 2683 nostr.
1171 2632 1236 2685 Asc.

82 2706 106 2755 l·
126 2706 151 2756 2
181 2701 259 2754 Cam.
286 2700 394 2753 Sturm.
433 2701 488 2753 Pro
513 2718 543 2753 se
567 2701 600 2752 s'd
623 2697 676 2753 Ed.
703 2698 738 2749 H.
768 2697 854 2752 habet
873 2698 918 2752 tis
943 2714 980 2752 se.
1019 2703 1085 2754 Post
1105 2702 1239 2755 daturum

81 2770 150 2824 God.
170 2772 244 2844 Aug.
266 2771 345 2822 addit
364 2786 439 2822 esse:
461 2771 536 2826 Gud.
557 2770 644 2824 habet
663 2770 800 2822 laturum.-
818 2770 903 2822 Vind.
922 2775 944 2823 t.
965 2772 1095 2825 daturum
1115 2773 1147 2826 s'd
1165 2791 1236 2827 esse.

79 2843 146 2894 Post
164 2844 223 2895 diei
241 2841 345 2905 Geth„
365 2840 467 2894 nolens
486 2844 619 2904 sortasse,
639 2842 737 2894 omisit
755 2841 843 2903 (λίθοις
867 2858 953 2911 quem
972 2844 1007 2896 ob
1026 2860 1087 2897 rem
1109 2847 1240 2900 eraviter

80 2915 234 2988 castigavit
254 2912 420 2965 Gronovius
439 2928 497 2964 non
516 2921 576 2965 tam
593 2911 790 2973 Gebhardum‚
817 2928 903 2981 quum
923 2929 979 2977 eos,
1006 2916 1057 2984 qui
1074 2889 1170 2967 'illum
1194 2922 1239 2970 ts·

80 3001 161 3037 mere
180 2984 271 3036 secuti
292 2992 366 3035 sunt.
405 2985 470 3035 Post
489 2985 605 3036 tertium
624 2983 735 3035 omittit
754 2981 803 3050 qui
822 2984 889 3036 (lod.
911 2984 986 3036 Mon.
1008 2991 1030 3039 1.
1070 2986 1129 3037 Μν.

150 3054 326 3107 Ιοάίεαιλεεε
353 3057 433 3107 deum
462 3054 570 3120 dicunt]
613 3052 743 3104 1n=Cod.
770 3052 857 3108 Msrb,
889 3061 931 3105 est
958 3054 1157 3107 indicavisse:
1186 3054 1239 3108 ubi

80 3142 94 3175 a
138 3126 213 3175 oscis
246 3142 361 3176 inanum
395 3127 586 3189 correctoris,
620 3124 754 3192 quinon
789 3133 983 3193 concoqueret
1010 3125 1240 3178 iudicavisse

80 3142 170 3256 ἀξιιιὶιη,
190 3211 255 3243 eum
277 3193 352 3244 nihil
372 3195 424 3246 ille
443 3194 559 3247 locutus
578 3210 639 3246 esse
657 3191 780 3244 dicutur.
820 3191 887 3257 ulii,
909 3195 960 3263 qui
980 3193 1154 3249 iusis'caos'sse
1181 3210 1240 3248 non

80 3265 193 3314 ferrent
212 3263 253 3312 sic
272 3264 346 3313 nude
365 3265 502 3331 positum,
522 3265 553 3315 in
572 3264 631 3314 fine
650 3264 755 3332 capitis
774 3260 947 3315 addiderunt
959 3273 1146 3318 morientem
1165 3266 1240 3334 opti·

47 3388 57 3403 ,
80 3350 154 3383 mum
172 3330 284 3383 domini.
323 3333 362 3384 Et
388 3334 429 3385 sic
455 3332 561 3386 habent
588 3333 675 3386 Codd.
702 3331 785 3384 Vind.
809 3341 831 3388 Ι.
858 3334 931 3410 Aug.
958 3335 1030 3387 Edd.
1052 3337 1080 3387 P.
1106 3336 1138 3388 Α.
1159 3338 1190 3389 B.
1209 3335 1237 3393 8.

79 3405 114 3456 E.
137 3403 167 3456 C.
190 3403 285 3457 Herw.
314 3404 345 3453 V.
365 3405 400 3454 Μ.
421 3403 451 3454 L.
479 3404 609 3471 itemque
632 3403 783 3457 slteislsio
808 3403 930 3458 collatae
949 3414 1120 3475 nostraeque
1140 3424 1239 3462 omnes

80 3484 146 3528 aute
170 3474 273 3539 Gebh„
303 3475 354 3542 qui
381 3475 495 3543 primus
520 3474 572 3528 ills
594 3474 694 3539 verbs,
726 3475 757 3525 in
783 3472 870 3526 Godd.
899 3493 957 3528 non
985 3486 1113 3547 reperta,
1138 3480 1237 3546 eiecit,

101 3564 223 3617 uemque
250 3547 342 3598 secuti
370 3544 439 3597 sudt
463 3562 550 3607 recc,
585 3561 651 3596 cum
682 3544 777 3597 absint
799 3545 833 3597 sb
856 3547 999 3612 omnibus,
1024 3556 1144 3618 praeter
1168 3552 1239 3603 istos

79 3566 160 3681 duos,
181 3618 268 3669 Codd.
290 3614 366 3669 MSS.
392 3616 438 3668 Ex
457 3616 554 3669 eadem
578 3632 661 3667 csuss
687 3616 837 3670 fluxerunt
861 3620 1047 3674 coniecturae
1071 3618 1237 3674 Buuhierii:

80 3688 142 3739 Sic
160 3688 347 3751 iudicavisse,
368 3696 396 3739 et
415 3685 514 3740 Rathii
532 3689 590 3740 Ita
608 3685 787 3739 iudicavisse.
824 3687 910 3741 Nihil
927 3690 1104 3744 addendum:
1124 3689 1239 3745 intelli·

81 3757 191 3830 gendus
217 3767 258 3811 est
278 3758 369 3820 locus,
402 3759 485 3826 quasi
511 3759 654 3828 scriptum
682 3759 736 3810 sit:
762 3773 820 3827 quo
838 3760 916 3812 facto
937 3756 1080 3812 iudicium
1100 3778 1183 3813 suum
1203 3762 1239 3814 ds

81 3844 124 3890 eo,
145 3830 220 3896 quod
238 3828 350 3880 hornini
369 3838 445 3881 esset
463 3830 616 3897 optimum,
636 3830 791 3881 rnsniieste
816 3826 1007 3884 declaravisss
1031 3833 1134 3884 dicunt
1151 3830 1239 3900 Apol·
1298 3821 1306 3837 “

80 3899 180 3951 linem.
218 3899 309 3950 Verba
335 3900 423 3963 deum,
451 3900 498 3950 cui
524 3898 629 3968 reliqui
655 3899 700 3950 dii
726 3899 831 3952 desunt
858 3900 888 3951 in
913 3900 981 3964 Cod.
1006 3901 1080 3976 Aug.
1117 3903 1172 3956 Pro
1191 3902 1240 3957 cui

79 3989 154 4021 uuus
174 3968 226 4022 Ox.
248 3975 286 4021 ut.
306 3970 389 4021 Vind.
414 3976 436 4024 Ι.
457 3970 504 4024 dei
521 3970 632 4034 reliqui.
670 3969 749 4021 Unus
768 3969 819 4020 Ox.
840 3971 1053 4025 concenderent.
1084 4000 1113 4010 —
1144 3974 1239 4027 hocu-

79 4042 193 4111 tionem
208 4046 325 4106 praeter
342 4047 447 4093 ceteros
466 4049 542 4094 arnst
562 4041 675 4101 Cicero,
704 4040 754 4092 sed
772 4057 922 4110 nunquam
948 4060 979 4096 es
1005 4043 1046 4096 its
1072 4046 1176 4109 utitur,
1203 4054 1238 4098 ut

80 4113 118 4164 sit
138 4113 156 4163 i.
178 4129 205 4179 q.
227 4113 331 4162 ceteris
351 4111 489 4176 exclusis,
509 4130 545 4164 ne
565 4128 598 4164 eo
618 4109 735 4181 quidem
755 4110 828 4176 loco,
849 4130 905 4181 quo
922 4113 998 4167 dixit
1015 4132 1103 4177 unus
1117 4122 1237 4186 praem

79 4189 183 4234 ceteros
202 4182 348 4246 adiuvisti,
368 4183 402 4234 ad
422 4183 472 4248 Qu.
492 4185 587 4238 Fratr.
609 4183 629 4233 1.
653 4187 677 4244 i,
698 4184 744 4237 15:
768 4182 829 4235 Nec
848 4185 899 4248 ibi,
920 4186 1048 4256 inquam,
1067 4190 1160 4241 ceteri
1180 4203 1232 4240 ex·
1263 4198 1265 4202 '

80 4253 252 4305 cluduntur:
288 4255 336 4306 sed
357 4269 428 4303 cum
455 4262 569 4320 praeter
595 4260 703 4305 ceteros
727 4253 803 4305 siti.
825 4272 851 4324 q.
874 4259 1009 4322 maxime,
1036 4260 1233 4328 potissimum,

80 4320 154 4372 illud
171 4341 241 4374 senus
261 4324 386 4377 inservit
405 4323 603 4377 tantummodo
622 4325 755 4398 augendo
773 4324 972 4395 superlativm
1000 4323 1083 4382 euius
1102 4337 1235 4381 constru-

79 4394 184 4443 ctionis
205 4401 233 4444 et
253 4398 393 4447 rationem
411 4399 532 4464 exposui
551 4404 579 4448 et
600 4394 734 4463 exempla
759 4400 892 4476 congessi
915 4407 959 4453 sst
983 4400 1075 4453 multa
1099 4400 1130 4451 in
1150 4397 1235 4467 Sym·
1302 4444 1307 4452 .

79 4463 153 4516 bolis
173 4464 292 4517 criticis
311 4467 346 4517 sd
365 4466 426 4522 cic.
448 4466 472 4532 1,
492 4471 517 4523 ⁵.
537 4485 564 4537 p·
584 4469 602 4524 8
619 4485 661 4536 sq.
682 4466 720 4521 11.
740 4469 765 4522 λ.
786 4474 822 4525 ld
843 4486 885 4540 sq.
923 4470 984 4527 Mt.
