2828 5070
137 277 197 344 1u
346 244 578 342 domums
599 277 845 344 rusouusu
867 280 1096 349 merum.

137 462 222 522 osso,
251 464 385 524 nervos,
413 466 528 524 venes,
566 466 699 511 omnem
718 445 862 530 denique
880 448 1109 512 membrorum
1129 458 1165 512 et
1185 454 1291 516 totius

136 529 289 671 corporis
309 528 454 628 liguram
473 526 596 630 videor
615 549 713 629 posse
731 529 858 631 dicere,
881 527 970 630 unde
990 540 1147 632 concrete
1167 540 1203 596 et
1223 555 1291 636 σοι

135 627 191 672 mo
215 629 236 672 o
257 613 345 673 facto
364 619 449 673 snut:
482 630 630 675 animum
651 632 772 695 speum,
809 633 840 675 ιι
862 613 946 674 ushal
966 623 1053 677 esset
1080 636 1115 674 m
1138 635 1189 694 eo,
1223 637 1292 683 nusi

143 737 379 747 a—-e--n--u—

134 805 177 850 est
195 802 260 850 eunt
277 799 308 850 in
326 815 384 852 uno
403 799 454 855 Ox.
482 808 512 852 et
529 800 596 854 Cod.
621 800 711 853 Rebd.
748 801 788 853 Et
813 809 880 853 sunt
902 800 972 854 huic
995 803 1204 856 constructioni
1229 804 1296 869 (σι’-

133 868 204 922 deor
217 884 301 937 potae
319 870 423 934 dicere,
442 872 531 924 unde
549 871 629 936 factu
647 873 748 937 aunt)
772 872 882 925 similes
900 873 1063 943 complures
1080 873 1155 944 apud
1173 875 1295 933 cicero·

133 957 210 1006 nem,
229 941 322 994 veluti
340 942 375 995 de
392 943 429 994 N.
444 943 478 994 D.
495 942 532 996 11.
545 946 572 998 6.
593 944 715 995 animem
733 941 763 994 ei
779 943 844 1012 qais
862 949 982 1011 quamue
999 945 1086 997 ende
1109 941 1292 1000 babemus.-

133 1010 168 1063 ad
185 1027 272 1083 quem
289 1013 349 1066 vid.
369 1012 505 1066 Ochsner.
526 1013 557 1065 in
574 1012 695 1089 Eclogg.
715 1013 774 1065 cic.
795 1032 823 1085 p.
843 1017 878 1068 28
893 1032 934 1084 sq.
955 1014 998 1066 ed.
1018 1017 1049 1070 ³:
1069 1015 1167 1086 ibique
1186 1025 1216 1069 et
1234 1032 1292 1093 ego

132 1098 210 1134 nunc
228 1100 291 1136 eum
313 1084 503 1153 scriptionem
526 1102 543 1135 a
569 1101 616 1138 me
643 1102 709 1138 rece
731 1092 790 1136 tam
816 1085 926 1136 malim.
954 1087 992 1136 cf.
1021 1095 1109 1137 nostr.
1138 1095 1234 1139 annot.
1255 1088 1291 1140 ed

132 1153 191 1206 Cic.
211 1154 245 1208 de
263 1154 329 1207 Div.
348 1156 386 1208 11.
407 1158 449 1211 71.
469 1171 497 1225 p.
518 1157 578 1210 547.
616 1155 717 1209 Frotsc
740 1170 780 1207 er.
800 1155 836 1208 ad
853 1153 973 1221 Quintil.
993 1157 1026 1209 X.
1039 1161 1063 1211 1.
1075 1175 1103 1226 p.
1113 1159 1140 1211 8.
1160 1158 1259 1211 llerzo
1281 1196 1290 1210 .

131 1223 168 1276 ad
185 1225 268 1279 eund.
288 1225 384 1278 locum
423 1229 485 1282 ,84
503 1243 544 1294 eq.
574 1227 607 1278 in
629 1243 704 1279 vers.
724 1226 823 1279 Genu.
847 1226 1010 1297 Wopkens.
1038 1226 1072 1279 sd
1095 1229 1186 1280 Lectt.
1205 1175 1289 1281 rufi.

131 1295 169 1348 n.
189 1297 216 1351 b.
235 1296 370 1367 Epistoll.
411 1297 496 1350 odiu.
516 1296 690 1350 Philomuth.
709 1313 737 1367 p.
757 1299 918 1352 utt-eel.
938 1298 1017 1349 Hess.
1037 1297 1072 1350 ad
1080 1297 1173 1350 Tacit.
1185 1299 1289 1352 Genu.

130 1369 175 1422 4⁵.
194 1382 223 1436 p.
243 1369 296 1423 2⁰2
314 1385 355 1436 sq.
376 1367 411 1421 G.
430 1366 533 1420 Busch.
558 1369 590 1420 in
614 1366 709 1443 Allg.
734 1367 921 1442 Schulutg.
950 1371 1026 1424 1828.
1047 1369 1084 1422 11.
1103 1372 1147 1424 84.
1175 1388 1203 1439 p.
1223 1374 1289 1426 691.

131 1438 255 1512 Krilger.
273 1455 302 1489 r.
322 1439 348 1490 d.
374 1437 528 1491 Attract.
552 1454 581 1508 p.
604 1441 663 1494 134.
684 1470 718 1481 -
754 1438 810 1493 ssd
832 1447 930 1493 nostro
954 1438 1019 1492 loco
1046 1439 1078 1491 in
1104 1447 1185 1492 tanto
1203 1441 1292 1494 codi-

131 1525 198 1560 cum
218 1525 354 1562 consensu
372 1509 449 1561 nihil
472 1510 649 1563 mutandum.
685 1510 746 1563 Mr.

202 1580 337 1632 Animum
354 1579 458 1648 ipsum]
477 1580 572 1665 Vulgo
586 1596 652 1649 per
668 1580 789 1634 σιιιίιιιιιι
807 1579 913 1648 ipsum
932 1581 981 1634 sed
999 1581 1030 1633 in
1048 1581 1132 1633 libris
1140 1583 1291 1637 veteribus

130 1665 189 1702 non
215 1659 258 1703 est
278 1667 338 1720 per.
381 1652 464 1706 Unde
490 1652 636 1704 conficere
661 1652 750 1721 possit
777 1651 892 1723 eliquia,
929 1668 987 1706 esse
1014 1652 1169 1727 legendum
1195 1654 1291 1708 anim

129 1720 224 1788 ipso.“
259 1720 418 1776 Lambinus.
464 1724 557 1788 „Non
583 1722 764 1776 incommode
789 1721 849 1797 legi
876 1738 956 1792 posse
978 1723 1062 1775 video
1086 1722 1291 1778 Praeterea

129 1793 255 1845 animum
272 1794 370 1861 ipsum.
407 1797 491 1847 Putat
509 1794 588 1846 enim
605 1793 707 1847 Cicero
734 1793 769 1846 de
795 1793 890 1847 anime
907 1793 1002 1860 vitali,
1021 1810 1094 1864 quae
1113 1794 1201 1847 etiem
1220 1797 1291 1848 stir-

130 1864 212 1935 pibus
229 1865 380 1930 tribuitur,
399 1866 491 1936 deque
509 1881 652 1930 sensuum,
678 1881 750 1935 quae
768 1863 860 1916 brutis
879 1878 994 1934 quoque
1016 1865 1100 1931 inest,
1118 1864 1291 1918 habiturum

128 1951 158 1987 se
185 1935 267 2008 quodr
288 1936 374 2001 dicat,
401 1951 506 2006 nempe
528 1944 646 1988 naturae
664 1935 809 1989 rationem
829 1943 859 1987 et
884 1935 1029 2010 originem
1052 1936 1142 1988 illius.
1180 1934 1237 1990 Sed
1257 1938 1289 1988 in

128 2005 183 2058 lrac
201 2005 344 2077 peculiari
363 2017 466 2060 natura
483 2005 619 2071 bominis,
639 2006 674 2059 de
692 2023 749 2075 qua
766 2023 843 2058 nunc
861 2005 995 2076 deinceps
1014 2006 1094 2076 quusi
1108 2006 1289 2074 declamitet‚

128 2076 249 2129 haerere
267 2093 296 2129 se
314 2086 344 2130 et
362 2093 396 2130 co
418 2077 566 2142 Mutetur,
592 2084 626 2128 ut
652 2085 789 2145 tanquam
815 2077 848 2127 in
870 2077 1026 2151 tragoediis
1044 2086 1170 2129 ecoerset
1189 2076 1289 2146 deum,

128 2163 220 2217 aquo
238 2145 320 2199 hano·
339 2147 509 2201 fabricatam
535 2148 640 2200 sentiat
665 2147 786 2200 fuisse.“
812 2147 1003 2201 Camerarius.
1042 2148 1201 2201 camerarii
1218 2165 1290 2202 con-

128 2216 270 2282 iecturam
287 2219 401 2289 recepit
417 2216 582 2275 uwoluus.
610 2218 672 2271 Mr.

197 2288 328 2342 Arum
344 2288 448 2358 iprum]
466 2289 561 2364 Vulgo
577 2304 632 2357 per
648 2288 766 2343 σιιιίιιιιιι
783 2287 885 2357 iprum,
904 2289 981 2358 quod
998 2289 1121 2343 iurantis
1140 2300 1169 2344 et
1188 2301 1288 2347 sancte

127 2359 300 2413 affirmantis
326 2378 385 2415 esse
411 2359 536 2414 credidit
558 2360 645 2412 Hadr.
671 2360 822 2414 Turnebus
845 2359 963 2413 Advera.
991 2362 1026 2425 X,
1053 2364 1097 2416 24.
1135 2362 1190 2415 Sed
1216 2381 1288 2416 cum

107 2496 108 2500 ἵ
126 2430 197 2483 libri
215 2431 329 2500 antiqui
344 2430 754 2516 praepositionem-nescirent,
764 2430 919 2484 Lambinus
930 2432 1147 2485 rescribendum
1158 2435 1289 2488 coniecit

126 2517 325 2626 11731ῖὲ..
347 2502 1288 2645 1ΪῖΟζῗὲῗ.,Ἣ.ἱῖι““ἓὲ“ἓῗ...ἰῗὲἳῖῗὲῗὶῗιῗξὲι’ᾱέῗέ

125 2643 500 2713 PlaunuCapt.Pm1.vs.
523 2651 546 2701 l.
585 2645 643 2697 llos
671 2660 740 2714 quoa
762 2644 870 2697 videtis
888 2652 967 2697 utare
985 2589 1032 2698 dic
1058 2647 1185 2716 captivos
1204 2646 1286 2713 duos,

124 2714 174 2766 mi
192 2713 246 2784 qui·
259 2715 385 2778 adstant,
404 2714 435 2768 di
451 2722 532 2770 stant
548 2716 637 2783 umbo,
654 2731 712 2768 ιιοιι
729 2717 835 2769 sedent.
873 2715 936 2769 Nec
954 2716 1042 2768 aliter
1058 2716 1123 2768 Act.
1141 2718 1163 2769 l.
1185 2716 1228 2769 se.
1242 2720 1285 2784 ll,

126 2788 149 2839 l.
172 2793 200 2837 et
219 2785 290 2837 alibi
307 2789 420 2855 passim.
458 2788 529 2841 Vide
546 2788 630 2841 modo
648 2788 769 2840 Rudent.
790 2786 853 2839 Act.
874 2787 922 2838 lv,
942 2786 988 2839 Sc.
1004 2787 1112 2850 111,23.
1132 2789 1285 2842 Petronius

124 2856 181 2908 Set.
203 2873 264 2925 cap.
287 2859 345 2912 134.
383 2859 469 2911 Hunc
485 2859 706 2924 adolescentem,
734 2872 806 2924 quen
823 2856 913 2919 videa,
937 2857 1011 2909 malo
1030 2864 1109 2910 astro
1128 2864 1211 2909 naeus
1228 2868 1281 2912 eet.

123 2927 189 2980 Pari
213 2927 297 2980 modo
324 2927 353 2982 lo
395 2930 457 2982 itur
482 2930 643 2982 Herodotus
671 2929 721 2979 lib.
741 2930 775 2979 V.
799 2943 861 2996 cap.
891 2930 951 2982 103.
1001 2926 1109 2980 Seneca
1136 2928 1218 2980 Cous.
1246 2933 1284 2984 ad

124 2999 260 3052 Marciam
277 3016 338 3070 cap.
377 3003 403 3055 4.
440 3000 527 3066 Haec,
548 2998 723 3070 praevides,
752 3013 811 3051 ossa
829 2996 1040 3049 circumvoluta
1057 2997 1163 3062 nervis,
1185 3006 1213 3050 et
1232 3000 1283 3050 ob-

122 3069 239 3122 ductam
257 3078 362 3137 cutem,
380 3071 563 3142 vultumque,
591 3078 621 3124 et
639 3069 786 3121 ministres
802 3085 912 3131 nunnus,
940 3076 969 3121 et
987 3074 1094 3133 cetera,
1114 3067 1215 3135 quibus
1236 3068 1281 3119 in-

123 3141 219 3193 voluti
236 3159 343 3207 sumus,
362 3143 474 3195 meula
493 3142 651 3196 animorum
669 3140 849 3208 tenebraeque
860 3144 939 3192 nant.
959 3138 1100 3191 Homerus
1110 3138 1158 3192 Od.
1169 3139 1203 3207 A,
1216 3140 1278 3195 175.

290 3208 454 3266 MHTE‘PA
472 3211 509 3279 δ’,
533 3216 560 3267 εἴ
575 3212 605 3265 οἱ
620 3207 713 3279 θυμὸς
729 3207 890 3282 &popusitus
913 3208 1073 3278 γαμέεσθαι,
1168 3208 1170 3213 ’

282 3285 342 3339 ἈΨ
353 3285 430 3351 'lm
447 3283 486 3346 εἰς
501 3284 626 3355 μέγαρον
643 3282 742 3355 πατρὸς
759 3281 832 3350 μέγα
849 3280 1026 3349 δυναμένοιο,
1052 3312 1055 3318 -

120 3357 187 3410 Non
201 3359 353 3411 eratenim
365 3374 418 3409 cur
435 3353 563 3409 ἑκουσίου
581 3357 758 3423 σολοικισμοῦ
776 3355 891 3406 Poetem
909 3352 1092 3405 insimularet
1101 3355 1279 3420 Eustuthius,

123 3437 173 3482 aut
190 3429 343 3482 emendare
361 3427 459 3480 locum
476 3435 633 3478 conaretur
658 3425 755 3477 minor
774 3423 956 3477 scholiastes.
992 3424 1151 3494 Xenophon
1171 3426 1278 3498 Cyrop.

120 3500 173 3553 lib.
194 3501 271 3571 lup
309 3539 315 3550 .
338 3502 381 3554 39.
421 3498 532 3550 ΊῸΥΣ
556 3496 655 3565 μέντοι
671 3497 862 3548 mutus
882 3495 996 3549 ΤΟΥἛ
1019 3491 1051 3547 ἐν
1071 3500 1106 3565 τῇ
1122 3499 1198 3564 Ἀσίᾳ
1216 3494 1279 3548 '01-

120 3574 261 3623 ΚΟῩΝΤ
312 3608 320 3636 ,
351 3568 436 3623 οὐδὲν
463 3568 549 3640 σαφὲς
573 3570 676 3636 λέγεται
698 3567 723 3621 σι’
750 3567 870 3623 ἔσονται.
909 3567 1011 3620 Paulus
1037 3571 1060 3621 l.
1091 3567 1155 3621 Gor.
1180 3569 1214 3632 X,
1236 3574 1277 3624 16.

122 3641 183 3695 Τὀν
201 3643 294 3711 ἄρτον,
324 3635 359 3694 ὃν
377 3643 494 3708 κλῶμεν,
521 3635 587 3709 οὐχὶ
604 3640 735 3692 κοινωνία
753 3642 803 3691 sod
820 3633 946 3706 σώματος
971 3641 1024 3691 τοῦ
1041 3642 1166 3708 Χριστοῦ
1189 3637 1280 3705 ἐστιν,

119 3712 288 3765 Huiusmodi
301 3711 394 3763 multa
405 3727 572 3786 congessere
582 3715 786 3779 Γραμματικοῖν
797 3709 904 3772 uuidar,
923 3727 938 3762 e
951 3709 1053 3779 quibus
1065 3710 1132 3762 vide
1142 3709 1279 3764 Servium

119 3785 155 3838 ad
162 3783 234 3838 Aen.
246 3785 269 3851 l,
281 3787 341 3839 577.
354 3792 383 3835 et
392 3783 419 3835 J.
431 3783 463 3834 F.
479 3782 661 3835 Gronovium
679 3781 714 3833 ad
727 3780 850 3834 Senecae
859 3780 957 3834 Benel.
978 3780 1027 3832 lib.
1036 3781 1084 3833 w.
1097 3797 1159 3852 cup.
1174 3784 1217 3836 37.
1238 3783 1274 3836 D.

191 3857 315 3910 animum
332 3853 434 3923 ipsum]
462 3853 531 3905 Dav.
551 3853 584 3904 iu
609 3853 662 3906 Ed.
683 3854 708 3906 2.
736 3851 809 3905 baec
826 3852 974 3906 addiderat
998 3868 1064 3904 suae
1082 3855 1277 3906 annotationi:

119 3926 173 3994 „si
199 3936 298 3980 tarnen
323 3926 396 3978 haec
417 3940 474 3977 non
501 3924 657 3988 arrideant,
684 3924 810 3976 mutatis·
831 3923 1112 3994 interpunctionibus
1137 3923 1276 3998 legerim:

119 4013 184 4053 num
203 3998 380 4065 sanguim,
399 3997 483 4049 bilem
496 4027 529 4036 -
543 4027 577 4038 -
595 3995 695 4049 uideor
710 4011 794 4063 potes
811 3994 906 4049 dicere
925 4026 957 4037 -
977 4025 1011 4036 —
1031 4011 1083 4064 quo
1101 3995 1182 4048 modo
1199 3995 1278 4058 facta

121 4069 197 4132 εἰσι,
225 4084 290 4122 uon
309 4069 428 4127 animum
447 4067 545 4135 ipsum.
582 4066 617 4121 St*
634 4064 710 4120 nitu
727 4072 800 4120 creet
818 4066 850 4120 ιἰι
869 4084 900 4119 eo
918 4066 996 4120 etc.“
1023 4068 1094 4118 Ern.
1123 4081 1188 4134 cum
1211 4079 1278 4131 per

122 4140 218 4194 abesse
241 4139 362 4194 vidisset
386 4155 400 4190 ι
420 4138 489 4192 (lod.
510 4137 610 4192 Guell‘.
636 4147 666 4193 et
689 4137 893 4193 hullemannus
917 4157 933 4191 a
956 4137 1058 4212 regiisj
1082 4142 1206 4202 uterque
1223 4150 1277 4201 per

122 4211 297 4265 eliciendum
315 4211 437 4276 censuit,
456 4210 497 4263 ita
515 4218 620 4275 tumen,
638 4219 672 4263 ut
689 4211 743 4264 ille
754 4210 995 4263 'vocemnonnisi
1013 4205 1127 4258 uncinis
1147 4203 1277 4258 include-

122 4293 180 4336 ret:
200 4283 232 4335 in
250 4299 307 4354 quo
327 4300 392 4336 eum
410 4284 522 4337 semme
541 4291 583 4335 est
600 4282 736 4335 Nobblus.
751 4283 874 4336 ¹Nissen.
893 4282 914 4334 l.
935 4299 959 4332 c.
975 4282 1006 4349 p.
1028 4276 1075 4332 18:
1095 4274 1181 4340 „Per⁹
1201 4278 1277 4342 quod

122 4355 216 4427 priori
233 4355 298 4409 loce
317 4363 369 4419 est,
387 4356 472 4420 leros,
491 4354 595 4419 deleas,
613 4353 734 4426 perinde
752 4353 876 4406 videtur.
915 4344 946 4404 sl
970 4351 1055 4414 feras,
1079 4363 1134 4415 per
1157 4349 1277 4403 animum

122 4426 214 4496 iprum
232 4431 402 4501 repetentur
420 4425 452 4482 in
467 4443 520 4496 per
537 4440 609 4489 ιιιιι
627 4425 793 4493 sin-deleas,
818 4422 934 4477 animum
951 4420 1041 4491 ι’μιισι
1058 4428 1155 4476 tannen
1173 4418 1278 4475 redun-
