2828 5070
187 293 253 363 254
390 286 622 357 CICERONIS
641 283 897 355 absentati.
919 282 1150 353 DlSPUTAT.

192 476 267 521 mus
289 451 456 517 animum!
488 452 580 536 quid,
610 455 758 536 inquam,
787 461 861 516 tum
880 453 1023 539 aqimus,
1055 450 1121 515 nisi
1140 449 1294 515 animum
1313 449 1360 515 ed

193 559 229 604 se
250 541 358 620 ipsum
381 535 594 613 advocamus,
617 556 729 600 secum
745 554 816 599 esse
829 538 992 622 cogimus,
1011 536 1222 615 maximoque
1241 553 1265 596 s
1279 552 1360 598 cor-

155 680 158 685 .
191 640 277 706 pore
306 617 518 683 obducimus!
561 618 745 683 Secernere
766 627 877 683 autem
897 637 918 679 a
940 635 1081 761 corpore
1102 618 1267 694 animum,
1295 635 1361 679 nec

194 705 369 786 quicquam
390 699 493 780 aliud,
515 709 566 764 est
586 701 674 765 mori
695 699 836 765 discere.
870 701 981 765 Quare
1024 719 1064 761 oc
1077 707 1360 779 commentemur,

265 871 325 925 nisi
343 871 468 925 animum
486 872 525 924 ad
542 887 571 923 se
590 871 681 939 ipsum
699 868 930 937 advocamus]
958 871 1040 924 Unus
1058 869 1108 923 Ox.
1127 867 1212 920 Vind.
1233 872 1261 924 l.
1282 868 1360 922 Gud.

193 962 266 995 unus
291 944 379 996 Palat.
402 959 557 1007 ecocasnus,
585 943 672 994 blarb.
697 944 767 1016 Reg.
797 943 870 996 Gud.
893 947 917 996 1.
946 939 1059 1013 Gryph.
1080 947 1204 1011 quatuor
1222 938 1362 1004 Gruteri,

193 1024 252 1068 vet.
279 1014 347 1068 Cod.
376 1015 407 1065 in
433 1032 524 1088 marg.
551 1014 666 1065 bambb.
696 1021 725 1066 et
752 1013 840 1066 Goth.
868 1025 1023 1066 moramur.
1052 1010 1150 1063 Duisb.
1177 1025 1359 1065 euroeam.

193 1086 330 1152 Quamvis
349 1101 418 1137 vero
438 1095 467 1138 et
485 1085 680 1154 antiquissimi
697 1084 784 1137 Codd.
804 1093 834 1137 et
853 1083 957 1154 optimi
976 1081 1177 1137 commendent
1195 1096 1361 1147 avocemur,

193 1166 234 1221 et,
253 1165 326 1209 teste
344 1156 507 1220 Gebhardc,
535 1156 656 1220 fuerint,
683 1155 734 1226 qui
754 1172 816 1207 essu
834 1153 1022 1224 scriptionem
1045 1162 1278 1228 propugnarent,
1305 1168 1361 1276 Ἦ

194 1236 292 1280 tanien
311 1245 372 1281 eam
386 1247 422 1281 ex
439 1242 540 1281 errore
558 1226 746 1279 librariorum
764 1235 859 1278 ortam
877 1242 936 1278 esse
954 1224 1141 1278 crediderim:
1162 1240 1315 1307 nequeoeu
1345 1252 1362 1265 -

193 1296 889 1435 tw.tt.}?lt..¹:tl'tzti⁴⁶..¹3{lz
904 1296 1362 1439 “diffidit-,m

195 1439 228 1492 in
246 1440 318 1493 Edd.
338 1448 409 1493 vett.
431 1440 526 1493 Etiam
544 1447 573 1491 tu
591 1440 631 1492 ab
649 1437 751 1492 bisce
768 1439 871 1493 rebus
887 1439 1012 1491 animum
1027 1439 1075 1492 ad
1090 1444 1362 1505 commatum.-

195 1519 225 1564 et
243 1511 255 1561 i
276 1527 305 1563 ss
323 1509 403 1562 locus
422 1511 480 1563 iam
503 1510 537 1562 ab
555 1511 627 1563 Bru.
647 1510 770 1580 aliisque
787 1518 869 1563 recte
894 1510 935 1563 ita
954 1518 1103 1563 correctus
1119 1517 1176 1563 est:
1208 1507 1312 1563 nasas
1330 1514 1362 1561 tu

194 1580 237 1635 ab
254 1528 350 1633 lim
365 1582 470 1633 rebus
486 1581 611 1634 ssimum
623 1596 662 1633 ao
674 1581 964 1649 cognatissimum
983 1596 1101 1635 aesca.
1121 1579 1225 1647 Neque
1233 1578 1363 1633 Bouhie-

195 1651 275 1704 rium
289 1651 461 1718 audiverim,
473 1671 509 1706 ex
520 1652 679 1723 scriptione
693 1668 836 1706 erocum
852 1653 1048 1726 corrigentem
1060 1666 1232 1705 revocamur.
1258 1649 1363 1705 estat

195 1721 252 1777 hoc
271 1722 438 1776 adversetur
453 1724 610 1794 scriptioni
628 1737 789 1788 aveamus,
809 1723 886 1792 quod
899 1732 943 1775 est
960 1723 993 1775 in
1006 1722 1104 1776 stetim
1121 1721 1362 1793 subsequentibus

196 1810 216 1848 a
231 1809 350 1862 corpore
363 1794 533 1848 obducimus.
561 1796 641 1849 Unus
650 1794 700 1848 01.
711 1794 778 1848 ced.
789 1793 881 1848 Rehd.
900 1810 954 1863 pro
972 1809 1065 1848 secum
1076 1790 1163 1847 babet
1178 1808 1361 1863 meaque,

197 1874 262 1921 tum
279 1867 428 1934 cogimur
447 1893 481 1905 -
499 1865 693 1919 obducimur.
721 1865 819 1918 Duisb.
846 1865 1003 1919 nausimus
1025 1882 1092 1917 oum
1110 1879 1168 1917 une
1184 1863 1256 1929 On,
1286 1864 1361 1917 elius

198 1938 249 1992 01.
269 1937 446 2006 marinosque
463 1936 552 2004 quod
570 1953 587 1988 a
604 1953 680 2004 cosp.
700 1935 767 1990 cod.
780 1935 854 2010 Aug.
868 1951 887 1988 a
900 1951 1018 2003 corpore
1036 1935 1277 1989 sedcucemur.
1297 1935 1360 1992 Mr.

269 2007 311 2061 Ne
330 2008 479 2076 quidquam
498 2007 580 2060 eliud
598 2007 653 2074 erl]
679 2007 742 2072 „Ne
760 2008 912 2077 quidquam
929 2023 983 2077 pro
1001 2004 1148 2060 sturnos
1166 2005 1271 2076 probos
1301 2022 1362 2060 non

198 2078 279 2132 enim
296 2079 358 2129 fert
375 2077 460 2131 latini
479 2079 619 2130 sermonis
637 2078 821 2132 consuetudo.
847 2077 931 2133 Ns'lu'l
946 2075 1101 2148 quidquam
1114 2076 1200 2130 aliea
1215 2083 1255 2130 au
1274 2076 1363 2131 babet

198 2147 296 2202 Maffei
322 2147 406 2200 liber.
436 2147 542 2218 placet.
581 2147 630 2202 Sic
656 2149 734 2201 enim
760 2149 874 2202 locutus
897 2158 942 2202 est
964 2149 1119 2202 Terentius
1144 2148 1177 2200 in
1200 2148 1361 2220 Adelphiss

199 2217 282 2273 Nili!
298 2217 453 2288 quidquam
469 2218 530 2272 eidi
547 2219 666 2273 laetius.-
693 2229 721 2272 et
739 2220 856 2273 Plautus
873 2221 906 2272 in
924 2222 1027 2273 Mero:
1060 2217 1152 2284 leitil,
1177 2218 1315 2286 Clariae,
1331 2226 1363 2274 te

218 2291 313 2345 uidem
338 2289 484 2360 quicquam
512 2290 631 2358 pude‘t.“
658 2288 689 2343 P.
716 2291 872 2344 Manutius.
910 2290 996 2355 „Neo
1018 2292 1166 2359 quidquam
1193 2291 1276 2344 aliud
1302 2297 1363 2345 ests

199 2308 248 2416 lio
266 2362 373 2415 habent
390 2362 533 2443 plerique
544 2379 685 2414 manuscr.
706 2363 849 2415 Manutius
867 2370 1017 2425 asseverat,
1042 2364 1075 2415 iu
1094 2361 1246 2416 Godioibus
1261 2362 1364 2416 Mrffei

198 2442 340 2557 titillet}
358 2430 1365 2574 253?wll.tttltlli..l?⁰¹.²t⁸.lt¹t;l.litemus·

198 2576 262 2649 Ego
283 2590 331 2628 nec
349 2574 499 2642 quicquam
517 2575 713 2643 reponendum
729 2590 841 2639 censeo,
861 2584 890 2627 et
907 2575 949 2629 ita
968 2577 1067 2645 reperi
1084 2577 1228 2646 scriptum
1243 2576 1278 2628 in
1291 2576 1361 2631 Cod.

200 2646 372 2698 Memmiano
391 2654 420 2697 et
439 2645 603 2709 lluraltiuo,
622 2654 652 2698 et
670 2645 807 2699 Danielis.
843 2645 902 2698 Nec
922 2646 1075 2715 quidquam
1093 2655 1190 2700 sutem
1207 2645 1288 2700 velet
1304 2663 1364 2702 m

200 2716 362 2785 quidquam,
381 2731 448 2767 nam
466 2729 516 2766 nec
534 2731 587 2786 pro
606 2731 660 2769 non
677 2717 851 2786 usurpabant
868 2726 995 2770 veteres:
1015 2727 1048 2769 ut
1064 2719 1175 2784 furtum
1191 2721 1364 2772 nee-messi·

200 2787 314 2852 festum,
334 2801 385 2837 neo
404 2811 437 2824 -
456 2785 580 2853 opinato,
599 2803 650 2839 nec
664 2815 697 2826 -
710 2789 788 2853 escit,
808 2804 858 2840 nec
870 2795 1000 2853 -recte,
1019 2804 1073 2860 pro
1091 2805 1147 2843 noe
1165 2791 1363 2856 menifestum,

201 2873 256 2910 uon
276 2857 402 2925 opinato,
429 2857 571 2921 nouerit,
599 2873 654 2912 uon
672 2866 755 2912 recte.
793 2858 864 2910 Vide
882 2861 1009 2912 Festum.
1048 2859 1170 2924 Quodsi
1188 2860 1362 2931 quisdicat,

201 2929 289 2982 etiam
307 2944 341 2981 sse
360 2927 486 2996 posuisse
504 2937 618 2981 veteres
639 2946 693 2999 pro
713 2944 777 2994 nos,
805 2930 988 3000 respondebo,
1021 2931 1097 2983 illud
1124 2948 1182 2985 esse
1206 2932 1362 2986 obscurum

201 3009 231 3053 et
249 3008 477 3064 controversum,
497 3008 577 3053 certe
596 3000 691 3053 minus
700 3002 848 3065 usitatum,
867 3010 897 3053 et
915 3002 1080 3070 antiquum:
1100 3001 1156 3056 boo
1174 3004 1363 3074 perspicuum

201 3089 261 3125 esse
279 3079 309 3124 et
328 3071 406 3124 inter
424 3066 522 3124 osunes'
542 3079 672 3124 constare
692 3080 721 3125 et
739 3072 959 3125 usitatissimum
977 3088 1044 3126 esse.
1083 3072 1175 3138 Quare
1201 3091 1252 3127 saec
1279 3074 1364 3144 quid·

201 3159 285 3214 quam
301 3143 400 3214 probo,
421 3159 455 3195 ne
473 3141 620 3212 quicquam
640 3158 697 3195 uon
716 3143 801 3196 item:
830 3160 914 3211 quam
936 3161 1004 3196 uam
1030 3162 1050 3195 n
1088 3161 1123 3199 ue
1143 3145 1286 3216 improbo,
1310 3162 1364 3200 ne·

201 3232 258 3285 que
276 3214 411 3268 damno.“
429 3213 589 3266 Mutinae.
627 3212 708 3279 „Nee
724 3213 870 3280 quidquam
887 3162 973 3268 hibet
987 3214 1013 3268 G
1051 3161 1116 3267 e‘liii
1134 3216 1221 3269 liber:
1240 3232 1364 3286 quomo·

200 3286 235 3341 elo
254 3287 340 3358 plane
357 3285 515 3361 legendum
533 3285 657 3338 videbar.
695 3285 769 3337 Male
787 3293 883 3338 autem
902 3285 933 3337 in
950 3286 1077 3360 vulgatis
1094 3287 1207 3361 legitur
1224 3304 1258 3341 sse
1273 3286 1363 3358 quie·

201 3357 316 3428 quum.“
335 3359 452 3410 Brutus.
480 3354 584 3421 „Nitil
599 3355 752 3424 quidquam
768 3356 865 3409 Luub.
885 3356 1026 3426 improbat
1044 3367 1164 3412 temere.
1192 3358 1246 3412 Est
1263 3367 1363 3412 temen

200 3429 347 3481 Maffeieni
365 3428 436 3479 libri
454 3428 624 3497 pervetusti.
661 3424 701 3479 Et
719 3426 787 3479 adeo
807 3427 867 3497 ipse
885 3427 988 3481 Cicero
1007 3429 1092 3481 alibi:
1119 3446 1234 3499 quocum
1253 3430 1282 3483 ἐκ
1297 3430 1364 3484 eus

201 3499 275 3552 nibil
298 3498 450 3566 quidquam
476 3497 624 3564 egregium
648 3504 822 3567 assequetur.
863 3499 903 3551 Et
927 3498 970 3552 sie
996 3512 1053 3552 non
1077 3502 1166 3554 seiuel
1188 3501 1305 3554 Plautus
1331 3509 1364 3556 et

201 3569 363 3623 Terentius.
374 3569 392 3597 “
410 3569 451 3620 Α.
471 3565 610 3622 selsam
643 3567 727 3632 (ch
755 3569 816 3623 cic.
843 3571 891 3624 lv.
911 3571 954 3626 28·
980 3588 1008 3640 p.
1029 3572 1104 3636 386.)
1129 3572 1281 3627 Turnebus
1304 3571 1364 3626 Ad-

201 3639 458 3693 versamxxvlt.
476 3642 504 3694 6.
546 3677 552 3690 .
572 3642 614 3695 88.
635 3639 684 3692 lX.
705 3641 748 3695 18.
767 3656 796 3712 p·
815 3643 867 3697 29⁰
885 3658 926 3711 sq.
947 3651 1046 3695 nostro
1072 3644 1135 3697 loco
1154 3644 1363 3714 nequidquam

200 3726 330 3785 prqnor
348 3710 497 3779 quidquam
514 3657 573 3762 <lici
593 3710 751 3775 contendit,
771 3712 888 3782 eiusque
905 3714 1080 3767 senteutiam
1104 3716 1226 3784 probare
1243 3715 1364 3769 videtur

202 3783 289 3838 etism
307 3782 356 3834 Fr.
378 3780 535 3845 Fabricius.
571 3779 745 3835 Boulien'es
762 3783 871 3836 servari
890 3784 1002 3836 volebat
1028 3802 1062 3839 sse
1082 3785 1244 3855 quidquem,
1266 3796 1295 3839 et
1313 3786 1365 3840 de-

200 3856 260 3908 leri
278 3853 396 3918 discere,
416 3869 481 3904 cum
499 3852 651 3905 manifesto
670 3853 771 3907 Cicero
797 3854 888 3907 latine
912 3856 1036 3908 verterit
1059 3857 1156 3909 locum
1177 3858 1364 3911 Platonicum

201 3925 342 3979 Phaedon.
362 3942 390 3994 p.
411 3926 455 3979 64.
475 3923 508 3976 Τ.
531 3928 554 3978 l.
574 3922 627 3975 nd.
647 3923 763 3995 steps:
793 3926 880 3996 χωρὶς
903 3925 935 3978 ds
961 3927 1011 3992 τὴν
1033 3924 1132 3996 ψυχὴν
1158 3932 1208 3983 τοῦ
1234 3928 1364 3996 σώματος

202 3995 406 4064 ἀπαλλαγεῖσαν
430 3991 516 4058 αὐτὴν
539 3995 599 4047 καθ’
625 3989 712 4062 αὐτὴν
735 3994 815 4061 eluas,
842 3987 897 4068 ripa
920 3993 958 4066 μὴ
984 3997 1050 4053 ἄλλο
1073 3996 1135 4068 uqi
1158 4000 1175 4054 si
1200 3998 1363 4067 θάναιοςῆ

202 4072 293 4130 rouro,
313 4076 342 4119 et
360 4082 387 4136 p.
398 4068 447 4120 67:
466 4066 569 4121 οὐκοῦν
587 4066 667 4120 τοῦτό
680 4084 712 4135 re
728 4069 848 4129 θάνατος
866 4068 1044 4137 ὀνομάζεται,
1062 4071 1138 4134 λύσις
1155 4072 1201 4125 sal
1217 4073 1366 4140 χωρισμὸς

202 4141 296 4208 ψυχῆς
313 4136 373 4190 rso
391 4141 525 4202 σώματος.
563 4137 692 4191 Turnebi
711 4141 883 4193 sententiam
901 4160 929 4193 v.
950 4140 1259 4199 introeuntem.
1297 4142 1363 4198 Mr.

274 4208 332 4262 Nec
350 4209 497 4278 quiequam
515 4208 603 4274 aliud,
623 4214 665 4263 est
682 4210 755 4264 meri
772 4211 891 4278 discere]
910 4213 1015 4287 Vulgo,
1044 4231 1093 4268 neo
1111 4214 1264 4285 quidquam
1281 4211 1365 4267 aliud

203 4288 255 4343 est,
280 4298 367 4351 quam
394 4280 486 4333 esnori
511 4280 628 4334 discere.
666 4281 705 4335 At
728 4284 798 4356 Reg.
825 4283 912 4336 lssbet
939 4287 1153 4355 necquicquam
1170 4284 1252 4339 aliud
1268 4285 1364 4339 emori

203 4352 319 4407 merere.
357 4351 403 4404 Ex
427 4368 484 4421 quo
503 4351 546 4405 et
566 4352 714 4409 Bentleius.
731 4369 848 4407 insnum
863 4355 1013 4410 Ciceronis
1033 4358 1118 4410 eruit.
1154 4357 1193 4410 D.

274 4421 425 4479 Seorsum
443 4428 537 4478 eutem
554 4438 573 4476 a
591 4439 707 4493 corpore
725 4424 859 4491 animm,
876 4441 928 4482 uec
945 4426 1092 4497 quicqum
1108 4427 1199 4496 aliud,
1229 4435 1271 4485 est
1287 4427 1368 4487 mm
