2828 5070
557 299 683 362 otono
705 297 747 378 11,
774 299 826 362 ve.
1215 300 1274 385 eoi

120 464 253 547 quidem
273 462 495 526 laudabiliora
518 463 677 526 videntur
698 465 822 542 omnin,
850 482 934 545 queo
954 465 1025 528 sine
1050 455 1277 528 venditatione

120 558 155 612 et
175 552 247 611 sine
268 549 390 632 populo
423 555 506 609 teste
530 547 633 612 fiunto
666 566 733 609 non
755 561 824 630 ansi
854 545 1034 631 fugiendos
1060 551 1121 624 sit3
1152 544 1277 625 (omnic

238 676 333 684 *σο-.-
344 676 431 683 ..α-ιι..-
469 675 482 682 -
498 676 510 681 -·
528 674 543 681 ο.
567 676 600 682 .....
676 676 715 682 m-
820 677 840 683 .-
856 675 1015 684 .ο-..ι--ο-
1024 675 1152 685 -nn——u-
1162 677 1207 684 ...-
1216 677 1260 684 ..-

191 736 227 790 Se
246 744 344 790 tamen
362 734 426 803 ipra
443 736 568 802 detentet]
605 735 699 810 Vulgo
717 741 832 789 rannm.
859 734 1036 802 Lectionem,
1063 753 1148 806 mum
1167 736 1279 807 recepi-

121 826 194 875 mus,
212 816 334 861 tuentur
348 807 442 859 nostri
460 807 587 869 Codices,
607 823 696 876 eaque
714 807 832 889 omnino
851 815 894 860 est
912 807 1008 876 probe.
1046 807 1081 860 D.
1154 878 1161 891 .

76 1002 84 1021 ,
121 896 279 1005 ...Ἢ
297 879 782 1019 tlttttttttttttt‘ttt.
796 892 871 1025 ii}
885 878 1038 1006 iiiiii.
1055 880 1166 1003 itit:
1179 882 1280 1005 itti

122 1022 215 1073 tribus
234 1022 304 1074 Oxx.
325 1022 411 1073 Illarb.
435 1020 530 1072 Duisb.
557 1023 631 1074 ltlon.
651 1023 678 1076 2.
706 1020 778 1073 Edd.
803 1029 861 1073 vet.
881 1020 970 1073 Bouh.
997 1023 1026 1073 P.
1046 1021 1196 1075 Sententia
1221 1030 1277 1074 est:

123 1098 151 1145 et
170 1086 336 1161 quemquem
353 1091 434 1158 vulgi
449 1091 553 1159 plausu
572 1097 659 1157 caret,
687 1108 767 1161 quem
794 1090 911 1146 minime
928 1099 1032 1160 captet,
1060 1092 1123 1160 ipen
1142 1098 1233 1146 tamen
1250 1107 1281 1146 re

124 1160 190 1231 iped
210 1164 325 1216 delectet
352 1182 379 1215 v.
399 1180 429 1216 ee
454 1169 545 1216 tamen
564 1162 864 1230 ipscdelectetur.
904 1164 1002 1215 Malim
1025 1173 1104 1216 certe
1131 1165 1174 1231 (in
1193 1181 1281 1232 quem

122 1237 320 1288 coniecturam
338 1235 438 1299 incidi,
457 1242 609 1303 antequem
628 1235 782 1286 Ernestum
801 1234 878 1286 idem
897 1235 1014 1287 sensisse
1033 1234 1110 1302 vidi)
1129 1235 1281 1288 delectetur

89 1312 93 1321 ’
122 1323 177 1376 pro
195 1306 320 1359 delectet.
358 1307 412 1358 Pro
439 1311 559 1373 captane
582 1323 656 1357 unus
675 1305 724 1358 Ox.
754 1304 884 1372 captatis.
912 1304 997 1358 Codd.
1018 1305 1092 1359 Gud.
1114 1314 1142 1358 et
1161 1305 1205 1358 Au
1228 1345 1233 1356 .
1254 1305 1282 1358 ei

123 1394 177 1461 pro
196 1394 234 1430 ee.
255 1376 328 1500 (giiii.
349 1382 373 1433 1.
393 1395 409 1429 a
427 1394 472 1447 pr.
500 1394 538 1429 m.
564 1385 594 1429 et
620 1393 692 1428 unus
716 1376 766 1430 01.
786 1376 845 1429 ead.
864 1375 960 1433 Duisb.
982 1376 1050 1446 ipae.
1072 1382 1173 1432 tomen.
1203 1324 1278 1432 dod.

123 1464 225 1501 neunt.
298 1465 322 1499 r.
1155 1475 1160 1489 ·

136 1466 155 1517 p
196 1519 270 1576 Quin
287 1519 374 1571 etinm
390 1516 461 1571 mili
479 1520 590 1589 quidem
608 1518 677 1583 etnl
714 1518 833 1574 Quidem
851 1519 928 1572 abest
946 1537 963 1571 a
981 1519 1047 1574 cod.
1068 1520 1142 1573 Gud.
1162 1523 1189 1577 l.
1227 1523 1281 1574 Pro

124 1590 314 1645 venditatione
334 1600 376 1644 est
394 1590 587 1644 vendicatione
607 1591 638 1641 in
656 1590 708 1642 Ed.
729 1592 799 1644 Yen.
819 1599 926 1656 nostra,
945 1590 1037 1644 tribus
1055 1590 1140 1645 codd.
1161 1593 1231 1646 Oxx.
1252 1600 1282 1647 et

126 1664 199 1738 Aug.
218 1662 374 1716 venditione
393 1662 424 1713 in
437 1663 521 1714 Μαι-1).
543 1662 620 1714 Lael.
640 1662 684 1726 2³,
703 1665 752 1716 86:
773 1662 941 1728 Quamquam
960 1677 977 1714 a
996 1661 1091 1715 multis
1109 1663 1172 1733 ipen
1191 1662 1282 1717 virtue

124 1733 318 1799 contemnitur,
338 1741 365 1786 et
383 1733 588 1787 venditatio
607 1734 744 1799 quaedam
761 1740 844 1802 etque
862 1733 1062 1786 ostentatio
1085 1750 1146 1787 esee
1165 1733 1279 1787 dicitur.

125 1807 262 1880 iungitur
280 1807 367 1858 etiam
384 1805 532 1857 venditare
550 1810 577 1858 et
597 1810 737 1857 ostentare
763 1803 896 1858 inlibris
914 1803 949 1858 ed
967 1803 1093 1858 Herenn.
1114 1805 1152 1859 11.
1172 1807 1216 1861 30.
1236 1807 1279 1861 47.

125 1877 193 1931 eod.
213 1877 287 1958 Aug.
307 1876 419 1928 omittit
438 1881 473 1929 el.
513 1877 572 1928 Mr.
651 1925 655 1932 ,
912 1941 915 1947 Ι

171 1990 172 1993 .
197 1953 224 2000 et
242 1962 305 2000 esne
321 1945 423 2014 populo
441 1952 533 2008 teste
550 1949 632 2013 fiunt]
652 1948 714 2011 „ln
732 1946 821 2001 Nonii
840 1947 933 2009 libris,
953 1947 1002 2000 ubi
1021 1947 1106 2001 huius
1125 1947 1183 2001 loci
1201 1949 1285 2002 testi-

125 2021 222 2072 monio
241 2019 333 2083 docet,
361 2027 473 2070 veteres
490 2017 707 2071 venditationem
724 2034 777 2089 pro
796 2018 984 2073 ostentatione
1006 2018 1149 2090 posuisse,
1173 2019 1284 2095 legitur

125 2090 187 2144 eine
203 2089 305 2158 populo
323 2095 418 2142 reate
435 2091 534 2155 fiunt.“
553 2089 601 2142 Fr.
621 2089 734 2144 Fannia.
772 2090 884 2144 Placuit
908 2089 964 2144 hoc
983 2096 1057 2145 recte
1104 2091 1211 2144 nimum
1229 2090 1284 2144 De-

125 2163 220 2286 yisiffl
237 2171 344 2285 pssstee,
359 2160 445 2288 liedda
453 2160 562 2298 &diti
574 2162 696 2226 ratione,
721 2161 1047 2285 ⁵⁹¹¹t⁰ffi⁸¹flmi¹²³lit²
1078 2170 1285 2301 flffiselgeiien}

126 2251 157 2285 in
220 2271 227 2283 .
278 2250 338 2285 nnn
484 2250 588 2297 ansus,
612 2250 653 2284 nu
674 2250 707 2286 er
731 2251 763 2286 re
784 2251 824 2286 ei
898 2253 906 2283 ι
928 2250 986 2293 siae
1012 2251 1029 2285 a
1051 2271 1057 2284 .
1165 2271 1171 2285 .
1263 2272 1270 2285 .

125 2305 281 2375 reperisset
300 2310 386 2356 teste:
426 2318 477 2356 uae
495 2304 584 2357 lectio
603 2251 723 2356 foedasse
742 2251 783 2357 ei)
795 2302 866 2356 Edd.
887 2250 947 2356 cic.
967 2252 1170 2375 iuitprecepte.
1205 2302 1285 2370 Quod

125 2376 151 2429 si
169 2377 285 2444 quaerit
301 2374 395 2428 Bentl.
406 2321 454 2440 iv.
475 2374 535 2428 eius
554 2375 632 2441 ann]
652 2375 723 2445 quid
740 2376 780 2427 sit
797 2373 859 2427 eine
874 2375 975 2443 populo
992 2372 1142 2440 [videlicet
1160 2374 1185 2426 si
1203 2373 1284 2450 leges

110 2445 229 2522 secta]
256 2446 426 2516 respondeo:
457 2445 531 2499 idem
559 2445 635 2515 quod
652 2463 738 2516 supra
764 2444 792 2499 ei
809 2451 887 2499 occet
909 2445 1021 2514 populo.
1060 2444 1139 2512 Quod
1163 2446 1187 2498 si
1210 2446 1238 2500 le
1260 2447 1285 2500 is

127 2522 205 2580 teste,
224 2533 280 2569 vox
296 2517 399 2585 populo
417 2516 473 2568 erit
491 2516 560 2569 satis
577 2534 802 2587 supervacanea:
830 2515 991 2570 sufficiebat
1010 2515 1107 2572 dicire
1124 2515 1186 2570 sine
1204 2464 1283 2570 tecit.

126 2589 249 2657 Reliqua
275 2588 403 2641 Bentleii
428 2586 578 2640 subtiliora
608 2587 746 2641 videntur
773 2605 860 2658 qnam
885 2587 1010 2641 veriora.
1055 2589 1101 2642 Ne
1122 2605 1158 2642 ue
1186 2597 1285 2642 temen

126 2661 273 2734 vulgatam
292 2660 377 2728 plene
397 2658 548 2729 reprobo.“
566 2655 701 2712 Bouhier.
739 2659 805 2712 Non
824 2659 922 2729 inepte
946 2657 1079 2730 loquitur
1101 2607 1191 2714 anuh.
1228 2659 1286 2715 Sed

126 2739 253 2801 praestat
270 2730 397 2855 Bentleii
414 2730 498 2784 ratio.
519 2729 586 2785 Cod.
607 2730 681 2785 cut
701 2730 763 2784 eine
777 2732 879 2800 populo
898 2736 925 2784 et
941 2730 1004 2785 eine
1022 2735 1097 2786 tecte.
1118 2731 1203 2786 Vides
1222 2749 1285 2786 cor·

128 2812 281 2856 rectorem.
354 2819 379 2853 r.

198 2890 252 2927 non
271 2889 335 2942 qua
352 2863 505 2940 fugiendus
522 2871 596 2941 εἰη]
625 2875 737 2939 „Vetus
755 2875 842 2929 liber:
863 2891 916 2929 non
935 2874 1026 2945 quod
1042 2872 1195 2944 fugiendus
1213 2871 1285 2929 eit.“

129 2943 260 2999 Ursinus.
298 2945 418 3015 Recepit
436 2943 614 3001 FAWolfius
633 2961 688 3000 non
713 2947 816 3016 quod,
844 2947 876 2999 in
900 2945 1007 3000 scholis
1031 2946 1205 3002 contendens
1230 2963 1289 3009 non¹

126 3033 193 3083 ouo
212 3018 317 3087 ubique
336 3017 441 3069 fulsum
460 3033 528 3081 esse,
547 3016 604 3069 nisi
623 3034 688 3069 enm
706 3027 831 3087 ponatur
869 3035 900 3071 ro
919 3034 972 3071 non
995 3022 1027 3070 ut
1045 3033 1086 3071 eo.
1120 3018 1161 3071 Et
1178 3015 1286 3072 habeut

127 3090 202 3156 quod
220 3090 294 3144 Gud.
314 3088 398 3140 Vind.
420 3093 443 3144 1.
473 3087 535 3152 (ui
553 3087 632 3141 addit
650 3087 773 3154 munina)
799 3037 871 3142 End.
896 3089 968 3144 Ven.
992 3098 1081 3141 nostr.
1109 3088 1206 3142 Lasnb.
1233 3088 1283 3155 Fe.

127 3159 210 3211 Febr.
230 3159 285 3213 Sed
304 3160 414 3212 erravit
431 3158 492 3215 Wo
527 3177 568 3210 us.
606 3159 638 3211 ld
656 3168 770 3212 tantum
788 3178 891 3214 rerum
910 3168 962 3221 est,
987 3176 1040 3213 non
1058 3159 1131 3228 quod
1148 3158 1207 3212 diei
1226 3174 1284 3212 non

128 3246 217 3299 pesse,
236 3230 261 3283 si
279 3229 423 3282 sententia
440 3230 479 3282 sit
496 3244 552 3283 non
570 3236 601 3282 ut
621 3246 652 3283 eo
671 3231 719 3284 vel
737 3247 791 3286 non
810 3248 842 3285 eo
861 3228 989 3294 coneilio,
1014 3236 1044 3281 ut
1065 3257 1107 3282 -.
1145 3228 1200 3284 Sed
1218 3245 1285 3301 pro·

128 3301 237 3354 misene
255 3301 376 3371 ponitur
393 3317 448 3354 non
466 3317 519 3371 quo
538 3309 566 3354 et
584 3317 640 3353 non
658 3301 742 3370 quod,
768 3303 809 3354 ita
827 3310 859 3354 ut
877 3303 928 3355 vix
951 3300 1128 3355 admittenda
1152 3299 1286 3354 videatur

127 3371 310 3425 Ilamshornii
328 3371 476 3425 distinctio
493 3373 591 3442 paullo
609 3371 751 3438 subtilior,
779 3381 884 3427 utnon
903 3373 975 3441 quod
998 3369 1039 3425 eit
1063 3371 1173 3425 nicht
1192 3381 1286 3425 etwe

127 3442 229 3508 weil,
249 3450 275 3497 et
293 3460 345 3496 non
363 3459 417 3513 quo
436 3443 455 3494 i.
476 3461 504 3514 q.
525 3443 631 3496 nicht
650 3443 700 3496 als
718 3462 837 3509 wenn,
866 3443 973 3498 nicht
991 3443 1043 3495 els
1062 3444 1111 3496 ob.
1149 3441 1285 3497 Ceterum

127 3514 186 3567 vid,
215 3515 350 3568 Oehsner.
378 3514 412 3567 ed
439 3513 499 3567 Cic.
523 3514 587 3567 Eel.
613 3517 755 3585 p-81sq.
782 3514 851 3584 ibiq.
877 3514 970 3569 laudd.
1000 3514 1031 3568 0.
1052 3517 1088 3567 Μ.
1109 3514 1222 3568 lliiller.
1250 3512 1288 3569 ad

127 3587 187 3641 cic.
213 3587 248 3639 de
267 3587 314 3639 01¹.
336 3587 372 3640 11.
394 3589 436 3642 18-
456 3587 499 3641 ⁷4.
541 3588 628 3642 434·
663 3587 796 3660 Kriiger:
825 3587 976 3641 Gremio.
996 3585 1209 3640 Untersuch.
1230 3584 1283 3641 111.

127 3679 153 3728 p·
174 3659 235 3714 too.
256 3667 284 3711 et
303 3660 354 3714 297
374 3675 415 3727 sq.
445 3657 525 3710 Gern
563 3657 604 3709 rd.
631 3657 665 3710 ad
683 3656 744 3714 cat.
771 3656 837 3721 mai.
858 3660 901 3722 23,
920 3658 964 3713 84.
988 3671 1016 3728 p·
1038 3659 1098 3713 161.
1126 3657 1159 3709 in
1181 3656 1285 3728 primis

77 3721 85 3745 ¹
127 3729 161 3781 ad
180 3730 303 3783 eundem
327 3730 424 3782 locum
444 3729 511 3781 Otto
527 3745 556 3798 p.
576 3730 638 3784 tlt.
675 3727 829 3781 Kiihnerus
855 3745 908 3782 non
932 3742 983 3796 quo
1006 3744 1060 3797 per
1083 3729 1285 3781 attrecfionem

128 3810 235 3854 natum
253 3818 313 3854 esse
330 3801 371 3852 eit
389 3818 425 3854 ex
442 3816 495 3854 non
513 3799 643 3868 eoquod,
661 3807 696 3852 ut
714 3800 857 3853 Graecum
874 3791 960 3872 ln'ql
983 3807 1012 3852 et
1031 3793 1074 3867 ἔφ’
1093 3789 1146 3866 dre
1189 3815 1222 3853 ro
1240 3795 1288 3852 inl

126 3880 222 3940 τούτῳ,
241 3872 274 3926 ii:
301 3879 457 3942 praeeunte
481 3873 613 3945 Kriigero
631 3870 698 3922 leo.
724 3870 795 3923 And.
815 3887 865 3923 nos
884 3871 919 3924 nd
937 3869 997 3924 cic.
1025 3868 1060 3921 de
1079 3871 1147 3939 liep.
1168 3816 1220 3922 ill.
1239 3871 1284 3926 27.

125 3939 745 4071 stit-2poenitentenoo
759 3941 893 4066 veo
910 3941 1192 4082 totonis:
1206 3943 1284 4066 oz·
1352 4029 1363 4053 x

126 4088 185 4153 kio,
206 4086 267 4156 qni,
290 4084 465 4153 fugiendum,
496 4083 578 4149 dicit,
603 4083 632 4137 h.
652 4101 676 4136 e.
697 4082 900 4151 aufugiendum
918 4093 947 4138 et
965 4082 1154 4137 secedendum
1180 4100 1216 4134 ex
1233 4082 1285 4137 ho·

126 4160 238 4212 ininum
265 4158 331 4210 luce
359 4164 389 4208 et
416 4154 561 4220 societate,
586 4151 792 4225 dvcyaanelov.
822 4156 932 4223 Fugere
955 4154 997 4206 sic
1016 4154 1090 4208 nude
1113 4153 1286 4207 dictumest

126 4229 292 4301 diarmait,
320 4237 350 4281 et
376 4225 540 4297 oppositum
565 4231 603 4293 toi
627 4224 740 4280 versari
762 4226 791 4279 in
816 4243 848 4280 re
868 4225 1012 4296 publica.“
1049 4227 1093 4279 lte
1120 4226 1152 4276 in
1175 4240 1286 4276 cassum

127 4288 271 4370 dispnture
289 4300 383 4353 solent
401 4298 461 4351 viri
478 4297 568 4362 docti,
595 4297 646 4367 qui
665 4296 751 4350 Codd.
772 4295 851 4351 MSS.
872 4297 1015 4368 inspicere
1039 4297 1088 4349 vel
1114 4295 1219 4348 nolunt
1236 4292 1285 4347 vel

128 4387 185 4423 non
207 4381 331 4442 possunt.
370 4371 404 4424 In
428 4367 505 4429 codd,
521 4368 595 4444 Aug.
620 4367 750 4434 additur,
779 4368 855 4439 quod
882 4368 1012 4445 intelligi
1036 4366 1128 4430 debet,
1153 4365 1282 4435 populere.

127 4442 206 4495 ldem
224 4442 401 4497 soluehnbet
421 4446 545 4511 quipse
563 4457 623 4510 que.
659 4437 720 4495 Me.
854 4488 856 4493 .
