2828 5070
588 316 716 383 mett
736 316 817 396 Η.
1173 320 1176 327 “
1238 312 1282 387 28

120 485 252 571 aliquid
272 485 405 557 ciuibus
427 483 564 559 nostris,
584 485 753 565 prosimus
776 481 888 557 etiam,
910 479 940 540 oi
960 498 1148 562 possumus,
1170 477 1281 547 otiosi,

122 573 162 635 ln
189 590 261 651 quo
287 587 329 631 eo
355 568 462 652 magis
489 566 584 628 nobis
612 573 664 628 ost
691 561 942 639 elaborandum,
981 561 1069 644 quod
1095 560 1192 624 multi
1210 558 1325 623 iamt

122 672 194 715 osee
213 653 299 715 libri
318 650 433 713 Latini
459 646 630 724 dicuntur,
659 646 778 728 scripti
799 642 1057 720 inconsiderate,
1084 644 1124 706 ab
1146 643 1283 725 optimis

121 737 190 797 iltis
212 731 352 815 quidem
372 731 470 808 viris,
491 728 549 799 sed
570 729 741 792 nonsatis
763 725 914 789 eruditis.
958 725 1048 788 Fieri
1069 734 1181 787 eutem
1208 736 1283 808 pot-

122 909 245 993 ginibus
263 909 422 976 scripserat
440 904 525 958 Ceto:
544 921 712 973 onagrorum
729 904 852 957 virorum
871 919 926 956 noo
943 901 1037 954 minus
1056 899 1120 964 otii,
1138 916 1222 970 quoin
1238 917 1283 954 sse-

122 979 198 1047 gotie'
216 980 360 1031 rationem
376 983 474 1029 enare
491 976 651 1044 oportere.“
667 977 809 1031 Muretus.
848 972 937 1041 Quod,
956 981 990 1025 ut
1003 974 1098 1059 msqie
1118 970 1285 1025 Ciceronis·

123 1067 206 1113 num,
227 1050 261 1101 in
351 1083 357 1097 .
378 1047 506 1100 oouiecit
522 1046 682 1100 Ernestus:
702 1046 730 1098 ei
745 1045 947 1113 possimus,
966 1060 1022 1113 pro
1042 1064 1067 1097 si
1083 1056 1284 1109 possumus,

123 1120 264 1175 exhibent
283 1119 325 1171 Co
346 1118 373 1169 d.
394 1117 468 1171 Gud.
491 1122 514 1170 1.
541 1117 616 1170 Gud.
644 1115 735 1170 Rebd.
763 1113 847 1170 Viud.
869 1122 893 1172 l.
919 1114 974 1167 Et.
998 1114 1034 1165 li.
1071 1114 1135 1167 Neo
1161 1127 1232 1165 vero
1250 1126 1285 1165 so

122 1193 157 1246 bt
174 1188 367 1261 probabilius.
405 1187 515 1240 mutet
533 1187 624 1241 Orell.
643 1186 683 1242 11.
700 1191 733 1242 ³:
752 1194 784 1240 sit
802 1203 859 1251 eor,
883 1185 918 1237 si
939 1200 1153 1252 poseamus,
1179 1180 1286 1235 excite·

123 1278 192 1315 ιω.
232 1261 342 1313 Vocem
368 1257 492 1327 aliquid,
520 1275 606 1327 quem
628 1273 689 1310 uon
714 1259 833 1311 sineri
858 1256 970 1309 addidit
989 1255 1102 1319 cicero,
1131 1269 1284 1324 perperim

123 1331 239 1385 unierit
256 1330 312 1384 Ed.
331 1330 361 1381 P.
396 1330 458 1382 Mr.

192 1403 229 1453 Ire
248 1416 305 1468 quo
319 1414 351 1452 eo
368 1398 463 1466 mugit
480 1397 562 1451 sotis
580 1404 622 1450 est
641 1399 851 1466 elaborandum]
889 1398 959 1452 (lod.
978 1397 1053 1451 Gud.
1073 1397 1100 1451 2.
1121 1395 1152 1448 ie
1169 1410 1222 1460 ouo
1240 1409 1284 1462 qo.

122 1491 163 1525 eo.
199 1470 352 1524 scribitur
377 1485 409 1521 eo
426 1469 508 1521 nobie
523 1468 620 1536 magis
646 1471 679 1520 in
697 1468 785 1523 Coid.
813 1469 904 1523 liehd.
925 1470 999 1522 Gud.
1021 1471 1094 1521 Mon.
1116 1471 1141 1521 1.
1166 1464 1238 1540 Reg.
1254 1467 1282 1519 8

120 1544 176 1597 lese
192 1548 266 1592 unte
285 1539 367 1591 nobie
384 1538 490 1591 hebent
504 1539 577 1614 Reg.
597 1542 622 1591 θ.
642 1539 728 1592 Beru.
747 1540 820 1596 Edi.
844 1539 915 1594 Rob.
941 1537 1042 1608 steph.
1067 1537 1138 1590 Dur.
1176 1536 1285 1589 Vocem

123 1618 165 1666 eet
187 1611 305 1664 omittit
322 1610 393 1692 Reg.
413 1611 439 1663 4.
478 1608 546 1663 Gud.
571 1608 648 1660 Gud.
672 1607 758 1663 habet
782 1611 864 1664 nobie
889 1609 1099 1662 elaborandum.
1137 1607 1284 1676 Trsuspo-

121 1690 239 1736 nentur
257 1681 345 1734 etiem
362 1698 395 1732 sn
411 1697 492 1763 seqq.
512 1679 608 1742 verba,
626 1680 823 1750 scribiturque
842 1681 928 1734 latini
951 1679 1022 1733 iibri
1045 1680 1078 1733 iu
1104 1678 1194 1732 (lodi.
1213 1677 1283 1803 Καὶ.

122 1756 149 1811 2
166 1757 196 1809 3.
215 1755 245 1809 4.
273 1751 350 1803 Mon.
372 1755 396 1804 1.
424 1749 509 1803 vind.
532 1754 556 1805 1.
583 1747 656 1803 Edu.
685 1751 750 1803 t'ur.
777 1749 876 1820 Stepb.
905 1753 975 1803 Ven.
1002 1748 1066 1804 Asc.
1094 1754 1119 1805 1.
1144 1751 1170 1805 l·
1198 1747 1260 1802 Bou

117 1818 428 1893 Gryph.lt1d.sylb.
455 1818 564 1872 Sturm.
591 1820 689 1877 humb.
709 1824 735 1875 2.
764 1820 852 1877 Goth.
880 1821 966 1875 Grut.
995 1818 1087 1871 Grou.
1117 1817 1192 1871 oliv.
1210 1818 1283 1873 Em.

120 1893 189 1949 &k
208 1893 262 1947 W.
283 1891 331 1946 Or.
368 1889 429 1943 Nos
448 1908 515 1943 cum
532 1889 624 1965 Regio
643 1894 669 1945 1.
725 1893 871 1945 ucioress
930 1891 1015 1944 imur.
1049 1888 1117 1941 Coei.
1138 1888 1213 1940 Gud.
1231 1886 1285 1941 hu·

122 1965 172 2017 bet
198 1961 272 2015 iibri
299 1960 416 2013 iatine
441 1988 475 1998 -
500 1960 611 2027 scripti.
640 1960 663 2013 0
702 1998 708 2010 .
737 1964 811 2013 Mon.
840 1964 865 2016 2
920 1960 985 2013 abet
1011 1958 1113 2026 scripti
1143 1958 1282 2013 diesem.

122 2034 210 2087 vind.
231 2035 258 2087 ²·
279 2032 410 2085 dicentur
437 2047 514 2083 etse
530 2030 640 2113 scripti·
679 2031 753 2086 Gud.
774 2036 799 2087 1.
826 2029 898 2083 libri
921 2029 1028 2082 Latini.
1062 2030 1137 2082 Gud.
1157 2031 1182 2085 l.
1214 2029 1285 2082 libri

123 2103 260 2158 &untur
283 2100 400 2168 scripti,
426 2117 483 2155 om.
512 2101 602 2153 latine
627 2101 703 2177 Aug.
729 2116 789 2153 esse
815 2101 886 2155 libri
910 2100 1014 2169 ecripti
1038 2100 1173 2155 dicuntur
1191 2099 1282 2155 latini.

122 2174 269 2229 Dicuntur
287 2171 362 2224 dicit
380 2171 484 2223 urtone
499 2187 555 2241 pro
573 2178 647 2224 sunt.
684 2171 745 2223 Mr.

192 2242 281 2297 Libri
306 2239 411 2293 Latini
436 2272 470 2282 -
495 2256 550 2293 oon
574 2240 649 2295 satie
669 2240 806 2308 eruditis]
841 2242 1028 2299 melanium
1054 2250 1136 2295 notet
1153 2243 1284 2313 alivoque

121 2312 284 2371 nonnullos
303 2329 340 2365 ex
356 2310 384 2363 Ε
404 2311 480 2363 icuri
497 2327 550 2387 gre
589 2348 598 2376 ‚
616 2326 688 2381 quos
706 2327 739 2365 so
757 2311 876 2366 nomine
893 2313 1069 2383 perstrinxit
1087 2313 1175 2367 etiem
1193 2311 1244 2369 lib.
1260 2312 1282 2368 1.

122 2384 209 2441 scau
230 2400 294 2453 cup.
314 2383 342 2436 l.
404 2381 435 2434 di
454 2381 494 2434 sis
513 2384 544 2435 et
588 2398 648 2437 usc.
668 2381 720 2444 IV,
738 2384 765 2435 3.
802 2381 838 2434 D.

193 2450 409 2509 inconeiderote
456 2451 528 2506 Dav.
548 2452 580 2504 in
596 2451 651 2506 Ed.
670 2453 698 2508 2.
717 2451 942 2516 „Doctissimus,
962 2452 1013 2517 sit,
1041 2451 1190 2507 Bentloius
1209 2452 1285 2527 legit

123 2521 309 2580 incondite“:
338 2538 396 2591 quo
436 2521 462 2575 ei
479 2520 565 2574 libris
583 2520 663 2576 MSS.
682 2522 861 2587 firmaretur,
885 2521 1040 2576 edmodum
1065 2529 1142 2576 esset
1159 2521 1285 2593 proben-

122 2596 201 2650 ium.
240 2593 389 2646 Incondite
413 2592 491 2645 enim
514 2600 615 2647 noster
641 2591 677 2646 de
703 2591 864 2661 scriptione
890 2590 937 2645 vel
964 2591 1111 2646 locutione
1134 2594 1220 2663 ponit
1249 2593 1284 2647 de

119 2668 170 2721 Or.
190 2667 249 2720 nl.
266 2666 312 2719 44.
331 2665 402 2719 itt:
424 2662 562 2731 quoditie
580 2663 665 2716 rodis
682 2663 874 2716 incondite
891 2661 981 2726 fedi&
1004 2664 1053 2717 sed
1072 2664 1284 2718 inconsiderate

122 2739 158 2793 is
175 2738 278 2799 tectis,
297 2733 391 2786 veluti
409 2733 445 2786 de
460 2733 549 2786 Mic.
570 2734 594 2786 l.
613 2737 664 2790 29:
691 2740 724 2785 ot
742 2748 777 2785 ee
796 2733 866 2802 quid
884 2740 986 2786 temere
1010 2748 1045 2786 ac
1070 2735 1200 2800 fortuitu,
1225 2736 1283 2788 in·

122 2807 362 2862 eoseielerste
379 2803 615 2874 negligenterque
631 2819 761 2872 agamus.
798 2803 879 2857 idem
903 2812 947 2857 est
969 2822 1039 2858 usus
1063 2806 1281 2861 adiectivorum.

122 2880 159 2934 ln
177 2878 249 2933 (loti
270 2878 345 2929 Mon.
365 2879 391 2929 l.
412 2875 554 2944 scriptum
573 2883 617 2929 est
641 2876 821 2928 moeiderate.
859 2875 997 2929 Ceterum
1019 2892 1079 2929 non
1097 2876 1282 2943 Amofereium

120 2957 240 3003 tentum
258 2945 356 2999 notari
372 2943 401 2996 b.
422 2946 443 2998 1.
462 2952 561 2999 monet
579 2944 716 3012 Orelliue,
736 2944 787 2999 sed
804 2945 940 3000 universe
948 2946 1110 3016 Epicureos
1127 2948 1282 3016 Romanos,

122 3023 174 3092 qui
194 3020 375 3088 scripserunt
392 3016 483 3069 libros
502 3015 711 3086 pbilosoph0s3
739 3017 889 3069 itabirium
906 3017 993 3070 etism
1012 3024 1041 3070 et
1059 3018 1184 3073 Catium.
1221 3021 1281 3074 Mr.
1384 3070 1387 3076 .

194 3091 232 3142 ub
251 3087 367 3156 optimis
385 3087 399 3138 i
406 3087 418 3137 1
424 3086 478 3138 tis
496 3087 609 3155 quidem
625 3087 713 3153 viris]
760 3088 805 3140 lts
824 3087 912 3143 codd.
931 3087 1001 3162 Reg.
1023 3091 1047 3142 l.
1064 3090 1093 3141 b.
1112 3093 1139 3144 3.
1159 3092 1185 3144 4.
1206 3089 1281 3143 Gud.

122 3166 148 3216 l.
167 3165 195 3217 2
227 3160 302 3235 Aug.
329 3157 403 3210 Gud.
430 3157 529 3210 Duisb.
552 3160 629 3214 Mon.
650 3161 721 3213 1.t.
749 3159 834 3210 Bern.
860 3158 944 3209 vind.
966 3163 991 3212 l.
1010 3160 1037 3212 2·
1065 3157 1139 3210 Ede.
1166 3167 1282 3227 praeter

123 3230 282 3286 „ornem
302 3230 333 3280 Ρ.
348 3229 380 3281 Α.
396 3227 526 3293 wolfi,
546 3227 699 3282 Reiskium
718 3235 748 3281 et
765 3226 881 3280 Sobiite.
902 3244 1012 3292 omnes,
1038 3228 1096 3281 nisi
1124 3226 1203 3298 quod
1220 3229 1282 3281 illie

122 3304 202 3355 abest
222 3300 258 3354 eb
276 3300 332 3352 Eu.
352 3299 430 3353 Crat.
451 3308 481 3353 et
497 3300 573 3352 virio
600 3300 722 3370 ponitur
739 3307 805 3352 unte
824 3297 935 3368 quidem
954 3298 986 3349 iu
1004 3297 1073 3351 Cod.
1102 3300 1177 3351 Mon.
1197 3301 1224 3355 l.
1253 3306 1282 3353 et

121 3373 176 3428 m
196 3372 236 3425 n,
254 3371 371 3426 wetti.
407 3368 457 3422 1112·
475 3370 601 3423 coniecit
612 3369 689 3422 lim.
709 3368 795 3438 idque
813 3385 849 3422 ex
867 3369 976 3422 nostris
996 3368 1065 3422 cod.
1088 3368 1175 3422 hebet
1192 3370 1279 3423 Msrb.

123 3443 203 3514 quod
226 3440 391 3495 correctori
417 3440 538 3495 vitietur
563 3438 669 3494 deberi.
714 3441 963 3514 Morgenstsrnius
990 3442 1024 3491 V.
1045 3440 1090 3494 cl.
1119 3441 1151 3493 in
1178 3442 1279 3517 Progr.

123 3514 201 3567 lausi.
221 3529 253 3582 p.
272 3513 320 3565 lv,
341 3513 396 3565 eit:
427 3513 490 3577 „ln
509 3512 552 3565 ed.
570 3512 667 3583 priori
685 3510 812 3566 Wolflus
831 3511 957 3562 retinuit
974 3510 1047 3576 tetis,
1065 3526 1121 3581 pro
1179 3512 1279 3565 oErn.

120 3585 181 3637 ism
200 3583 310 3636 maluit
325 3582 383 3646 itti,
411 3590 446 3634 ut
463 3581 499 3635 ed
515 3582 606 3635 libros
624 3583 797 3651 pertineret.
835 3578 1011 3634 Defendebat
1036 3588 1133 3635 eutem
1194 3583 1280 3636 olflus

295 3652 454 3707 lectionem
473 3653 530 3705 sic:
555 3653 697 3723 primum,
721 3651 831 3721 quidem
848 3659 915 3721 post
931 3668 1095 3774 pronomen
1117 3652 1180 3706 illie
1197 3655 1280 3722 posi-

121 3732 186 3777 tum
205 3740 269 3779 esse
286 3724 460 3776 traiectione
478 3723 598 3792 quadem
621 3739 676 3792 pro
700 3722 756 3774 hec
781 3722 908 3775 formula
954 3722 1067 3777 icendi:
1096 3722 1140 3775 Ao
1165 3724 1281 3791 optimis

124 3795 237 3866 quidm
253 3792 319 3847 iltis
334 3793 418 3858 viris,
444 3794 494 3847 sed
512 3809 565 3846 oon
583 3793 660 3845 sotis
678 3791 815 3855 eruditie3
841 3792 954 3858 deinde,
981 3793 1089 3846 multos
1117 3810 1178 3847 ssse
1197 3794 1280 3849 Cice·

123 3867 205 3918 ronis
223 3865 316 3926 locos,
344 3864 447 3935 quibus
470 3865 522 3917 itte
549 3865 613 3917 sino
631 3863 751 3917 lionoris
776 3865 981 3917 testificatione
998 3864 1128 3933 positum
1148 3866 1280 3936 reperiu-

123 3944 186 4000 tur3
206 3944 242 3988 ut
259 3936 316 3988 itte
334 3951 393 3989 non
410 3952 527 4005 semper
544 3951 610 3987 cum
625 3941 850 4003 contemptionis
865 3935 1088 4010 significetione‚
1106 3951 1280 4006 quamquem

124 4016 283 4076 utrumque
306 4007 429 4075 proprie
459 4006 501 4058 its
527 4013 661 4075 ponetur.
708 4006 743 4058 ln
770 4004 863 4059 ultera
889 4014 986 4058 tumen
1012 4005 1141 4060 editions
1167 4009 1281 4078 recepit

124 4079 326 4132 nuuisctursm
352 4075 407 4141 s'tts‘,
433 4074 541 4129 oblitus
567 4083 668 4131 notare
699 4075 836 4130 lectionis
860 4076 1035 4130 Ernestinse
1062 4076 1279 4133 diversitatem:

124 4167 191 4202 nem
209 4148 243 4200 in
262 4147 406 4200 contextis
423 4147 543 4216 quidem
560 4147 632 4199 Ern.
656 4147 817 4218 reliqueret
843 4147 912 4199 iltis.
950 4147 1041 4200 Nobis
1066 4163 1181 4228 quoqne
1207 4147 1237 4200 b.
1256 4148 1278 4199 1.

193 4219 201 4232 '
234 4217 334 4289 pluent
350 4215 406 4269 itti.
442 4214 491 4268 Sic
509 4216 594 4270 Tusc.
614 4218 668 4274 111.
688 4219 714 4271 ⁴.
744 4222 789 4272 tl:
813 4217 919 4271 Graeci
945 4219 1040 4271 volunt
1066 4219 1130 4270 etti
1155 4218 1277 4286 quidem,

189 4305 298 4359 parum
313 4288 408 4341 velent
424 4287 536 4342 ΜΝ
571 4288 636 4342 Hoc
654 4287 788 4358 exemplo
806 4289 884 4341 nibil
902 4290 1029 4358 probari,
1047 4290 1195 4342 neminem
1211 4290 1278 4339 fore

125 4360 224 4426 orsio,
251 4360 327 4431 quin
347 4357 504 4442 intelliget.
539 4357 580 4410 tlt
604 4358 702 4429 ipsum
720 4360 753 4411 in
778 4361 867 4413 tertis
885 4359 1013 4413 editione
1038 4366 1171 4429 receptae
1195 4355 1278 4408 lilius

126 4434 315 4486 coniectum
335 4428 483 4500 poenituit
506 4428 659 4489 Wolssum.
706 4430 767 4484 Noc
794 4446 864 4484 rsro
881 4430 948 4501 plus
971 4430 1126 4500 proficitur
1148 4424 1278 4479 Nissenii
