2828 5070
504 309 633 374 num
655 309 682 390 1,
702 312 754 379 ae.
1144 311 1206 378 aar

54 474 243 538 lacrimasse
261 472 432 554 Priomum,
453 495 545 559 quom
570 473 721 540 Troilum.
764 475 889 539 Eorum
913 487 1034 551 autom,
1057 477 1114 563 qui
1134 496 1208 541 exa·

57 671 182 743 Mythol.
210 690 238 724 r.
265 673 390 726 Troilus.
424 672 635 727 Billerbeclsius
659 670 746 726 verba
772 671 920 726 Ciceronis
950 680 983 724 ut
1015 672 1208 727 Trochaicum

57 743 255 814 septenarium
274 746 398 815 exprimi
418 739 508 810 iussis,
532 745 590 797 sic:

200 816 289 869 milio
306 816 422 884 coepitis
439 818 609 884 lacrymasse
626 811 780 884 litamus,
799 832 881 887 quom
902 815 1039 871 Tritium:

60 885 173 939 Graeca
189 895 285 940 sutem
301 889 390 941 verba
407 889 438 940 in
457 887 583 940 eiusdem
600 888 713 940 numeri
733 906 849 942 versum
872 889 980 963 coegit:

203 960 296 1010 Μιΐον
314 958 401 1018 ὄντως
421 960 541 1029 Τρώϊλός
558 954 734 1027 γ’ὲδάκρυσεν
758 958 774 1026 ἦ
794 964 926 1030 Πρίαμος·
1076 1015 1079 1022 ,

60 1035 156 1081 metro
173 1027 251 1082 haud
267 1029 419 1083 admodum
445 1030 480 1092 ad
497 1030 577 1152 leffies
596 1028 665 1080 artis
692 1031 828 1083 metricae
853 1027 1072 1083 accommodato.
1110 1025 1209 1079 Paullo

60 1099 177 1163 melior,
203 1117 258 1152 nec
281 1117 352 1154 vero
377 1101 462 1171 plane
482 1117 535 1171 pro
555 1098 647 1163 abilis,
672 1109 714 1154 est
731 1119 830 1154 versus
846 1101 1031 1164 Hexameter‚
1061 1115 1148 1173 quem
1166 1097 1211 1151 in·

59 1170 96 1224 do
107 1170 292 1224 Callimacho
311 1173 437 1225 confecit
456 1169 660 1226 Grotefendius
678 1173 711 1223 V.
732 1172 775 1226 Cl.
795 1173 869 1242 apud
886 1169 1128 1225 Billerbeekium:
1218 1219 1223 1231 ,

203 1245 315 1310 Δάκρυα
333 1244 418 1296 πολλὰ
437 1241 509 1296 πλέω
527 1242 652 1313 Πρίαμός
669 1245 694 1310 γ
713 1241 730 1309 ἢ
751 1245 871 1313 Τρώὶῖος
888 1234 968 1308 εἶβεν.

61 1312 98 1365 ln
115 1312 181 1366 Cod.
201 1314 285 1366 Vind.
308 1320 331 1369 1.
352 1333 417 1367 cum
437 1315 535 1368 Glossa
553 1315 581 1366 le
603 1314 676 1366 itur:
705 1314 873 1383 Iocrynrorse
899 1314 935 1367 ἐκ
957 1311 1036 1368 sito
1054 1310 1210 1374 Priamum,

64 1399 145 1450 quam
166 1384 353 1438 Troiulum.
391 1387 426 1439 ln
449 1331 625 1439 Callimacho
642 1384 818 1439 Blomfieldii
843 1387 953 1441 Graeca
975 1383 1063 1438 verba
1091 1383 1123 1436 in
1141 1383 1211 1436 Pen-

63 1455 181 1507 tametri
200 1458 323 1508 formam
343 1455 456 1509 redacta
474 1457 603 1509 ridemus
620 1473 649 1525 p·
669 1458 736 1512 294:

203 1531 294 1579 Μεῖον
312 1522 460 1596 ἐδάκρυσεν
479 1529 610 1597 Τρώϊλος,
628 1524 644 1592 ἢ
663 1531 792 1597 Πρίαμος.
830 1526 891 1583 Mt.

134 1595 183 1665 qus*
201 1605 300 1650 nocto
319 1604 413 1651 aetate
432 1599 499 1664 etc]
536 1598 603 1651 Cod.
630 1597 704 1650 Gud.
725 1597 802 1651 addit
826 1603 852 1650 et
870 1605 936 1653 ante
955 1603 1060 1652 erasm.
1090 1597 1164 1651 Gud.
1186 1600 1210 1652 l.

62 1671 156 1719 aulem
173 1685 257 1738 supra
284 1669 392 1721 lineam
416 1669 509 1722 habet.
547 1669 582 1723 ln
601 1668 674 1722 Gud.
694 1672 720 1727 2.
748 1677 791 1722 est
815 1668 864 1737 qui
889 1677 917 1723 st
947 1676 1022 1725 octa.
1060 1669 1212 1722 Lambinus

62 1736 98 1788 ad
116 1739 201 1792 rerba
218 1739 302 1806 Nam,
322 1756 398 1804 reor,
418 1740 505 1792 nullia
523 1749 592 1793 ete:
622 1741 702 1805 „Vel
720 1739 761 1792 sie
779 1739 944 1813 legendum,
964 1750 997 1793 ut
1014 1739 1100 1792 habet
1118 1738 1212 1792 Codex

62 1805 241 1876 lluraltinus‚
261 1819 289 1865 et
307 1811 444 1876 Danielis,
464 1820 493 1863 et
511 1810 686 1876 Clericanus‚
713 1811 761 1863 vel
778 1810 860 1877 Nom,
887 1827 961 1879 reor,
989 1826 1043 1864 nou
1067 1810 1136 1863 ullis
1155 1818 1210 1862 etc.

62 1879 124 1931 Hoc
142 1889 238 1933 autem
255 1882 278 1934 si
300 1882 398 1935 nificat
417 1883 532 1936 Cicero:
558 1881 619 1934 Cur
636 1897 744 1947 eorum,
774 1881 824 1950 qui
843 1890 943 1937 exacta
968 1888 1060 1934 aetate
1083 1879 1212 1933 moriun-

64 1956 125 2014 tur,
144 1953 259 2005 fortuna
275 1900 426 2006 lgaudatur?
455 1953 523 2023 quia
540 1953 631 2005 nullis
649 1962 742 2022 posset
761 1969 819 2006 esse
836 1952 898 2005 vita
915 1952 1079 2018 iucundior,
1106 1952 1130 2002 si
1148 1949 1212 2003 lon·

61 2019 131 2143 §ior
148 2021 208 2075 vita
225 2023 349 2089 daretur,
369 2043 455 2095 quam
473 2025 543 2090 illis,
571 2024 678 2094 quippe
697 2040 763 2076 cnm
782 2031 874 2076 essent
890 2023 1117 2093 prudentissimi.
1143 2039 1213 2094 pru-

83 2093 160 2145 entia
177 2103 273 2149 autem
290 2095 367 2148 nihil
386 2095 529 2150 ductast
547 2095 819 2148 lumbino-assentit
839 2093 930 2147 Gebh.
952 2104 981 2149 et
1000 2096 1040 2148 ita
1058 2095 1119 2169 legi
1137 2093 1212 2165 apud
1277 2128 1294 2153 ,.

63 2162 146 2215 Febr.
172 2172 201 2217 et
223 2166 255 2218 in
279 2167 387 2220 duobus
412 2167 483 2220 Pell.
507 2167 558 2232 ait,
584 2183 651 2219 oum
674 2165 764 2239 vulgo
787 2165 825 2216 sit
849 2181 902 2217 oon
925 2165 996 2220 s’lls's.
1034 2164 1212 2218 Camerarius

61 2233 149 2287 verba
166 2250 239 2304 nom,
259 2254 332 2304 reor,
358 2237 421 2290 illis
440 2247 495 2292 etc.
521 2237 664 2309 εἰρωνικῶς
681 2235 870 2305 pronunciari
893 2236 1014 2289 volebat.
1046 2237 1135 2298 Nam,
1159 2236 1211 2300 ait,

62 2304 152 2358 sentit
168 2325 249 2377 posse
271 2309 361 2361 vitam
384 2308 535 2362 admodum
562 2325 621 2361 esse
647 2307 678 2358 in
700 2303 884 2380 longitudine
909 2306 1070 2359 iucundam.
1107 2305 1212 2358 Brutus

62 2393 98 2428 ex
116 2377 244 2449 Gryphii
262 2379 337 2432 libro
356 2381 484 2433 enotavit
501 2379 597 2444 nullis,
615 2377 771 2434 HWolfins
789 2374 821 2426 in
838 2393 928 2460 marg.
947 2376 1011 2429 Ed·
1024 2391 1101 2426 suae:
1128 2375 1211 2440 „liu-

62 2447 187 2501 tetianus
212 2468 291 2503 meus
310 2451 404 2504 Codex
431 2467 546 2519 omnem
563 2449 644 2503 tollit
662 2447 841 2519 scrupulum,
868 2463 920 2515 qus
944 2447 987 2498 sic
1009 2445 1107 2498 babet:
1137 2443 1238 2498 Cur-⁰

62 2519 151 2571 smmi
185 2520 260 2574 Reor
278 2522 356 2588 enim,
383 2522 445 2576 illis
469 2522 496 2574 si
512 2521 571 2574 vite
588 2519 704 2587 longior
729 2519 845 2571 larem·
862 2526 916 2571 otc.
935 2515 1076 2584 lieiskius,
1103 2516 1155 2586 qui
1178 2516 1211 2568 in

61 2597 133 2641 vett.
152 2591 223 2644 Edd.
243 2593 398 2664 reperisset
416 2610 469 2647 ooo
486 2592 558 2658 illis,
585 2589 747 2666 „Egregia
766 2589 816 2654 ait,
836 2596 865 2640 et
883 2588 967 2641 unice
984 2605 1054 2640 vera
1076 2585 1148 2640 haec
1168 2595 1211 2640 est

61 2659 160 2726 lectio,
178 2663 210 2714 in
228 2681 314 2733 quam
332 2680 429 2717 omnes
447 2664 505 2715 mei
523 2663 592 2716 libri
612 2661 803 2715 consentiunt.
842 2659 1001 2713 Sententia:
1022 2658 1053 2712 si
1069 2658 1131 2710 vita
1147 2657 1211 2711 lon·

60 2731 129 2814 gior
146 2732 263 2787 daretur
280 2735 453 2800 hominibus,
473 2751 558 2802 quam
576 2733 640 2787 data
659 2741 710 2797 est,
729 2730 787 2783 non
803 2739 897 2800 posset
915 2731 972 2785 alia
984 2729 1045 2781 vita
1056 2729 1211 2784 iucundior

61 2820 99 2853 ns
118 2820 178 2857 esse
197 2804 347 2874 [senibus],
367 2806 415 2858 sui
433 2805 495 2858 scil.
515 2823 565 2859 seu
582 2804 670 2857 senio.
707 2802 770 2856 Nou
795 2802 924 2872 pertinet
950 2800 984 2853 ad
1005 2799 1132 2868 posset.“
1158 2800 1208 2855 Fr.

61 2873 210 2928 Fabricius
228 2877 262 2930 ad
279 2876 350 2931 haec
367 2876 586 2930 rerballlanutii
604 2873 735 2927 scholion
752 2873 808 2925 hoc
827 2889 885 2926 esse
903 2873 961 2925 ait:
981 2887 1059 2937 „non
1075 2870 1210 2941 antiquus

60 2943 137 2998 liber
154 2963 211 2999 non
228 2947 326 3002 habet:
352 2965 405 3002 nec
423 2963 490 3000 sane
508 2964 573 2998 cum
591 2945 733 2999 sententis
751 2960 804 2997 con
862 2944 895 3010 it,
915 2961 1004 3014 quum
1021 2942 1122 2995 Cicero
1140 2960 1210 3064 pru-

62 3014 189 3070 dentiam
211 3018 243 3071 in
266 3021 380 3072 senibus
406 3017 536 3071 laudet.“
571 3016 660 3071 Addit
684 3014 750 3070 Co'd.
776 3015 836 3069 Co.
862 3016 957 3068 facere
982 3030 1048 3066 cum
1070 3014 1141 3065 ham
1160 3013 1208 3065 ino

62 3087 244 3141 exhibentem
262 3107 314 3144 non
333 3091 409 3157 ullis·
446 3090 508 3144 Mr.

131 3160 239 3211 Eorum
256 3159 433 3226 asseruere]
470 3161 505 3212 ln
522 3159 576 3212 Ed.
595 3161 657 3230 Bip.
678 3159 719 3213 ita
734 3158 805 3211 haec
831 3156 917 3211 verba
941 3157 1021 3210 inter
1042 3158 1208 3226 colloquen-

61 3236 105 3279 tes
123 3228 347 3283 distribuuntur:
367 3235 402 3284 A.
423 3231 528 3284 Eorum
546 3236 638 3283 autem
656 3261 689 3272 -
708 3231 820 3294 fortuna
839 3228 981 3283 laudetur.
1009 3230 1046 3280 m
1067 3228 1146 3282 Cur?
1171 3227 1205 3279 A.

60 3298 145 3364 Nam,
164 3314 241 3364 reor,
259 3302 342 3354 nullis
360 3333 393 3345 -
413 3303 497 3367 offert
515 3308 589 3355 certe
607 3306 740 3354 senectus.
768 3302 805 3353 Μ.
826 3300 903 3354 Quos
920 3315 985 3351 vero
1004 3306 1057 3350 etc.
1077 3298 1122 3351 Ad
1135 3313 1207 3367 quae
1267 3326 1269 3330 ·

60 3368 225 3423 Nissenius:
254 3372 388 3436 „nollem
417 3375 535 3425 iactum.
582 3372 694 3442 Quippe
722 3371 875 3424 verborum
904 3384 970 3422 nam
999 3383 1066 3421 reor
1094 3385 1207 3422 sensum

58 3457 176 3511 prorsus
194 3457 252 3493 non
270 3442 415 3507 viderunt,
432 3444 576 3513 particula
593 3460 667 3509 nom,
685 3450 766 3566 puto,
786 3440 818 3492 in
836 3457 965 3494 errorem
983 3438 1102 3492 inducti.
1131 3441 1207 3492 Nam

60 3528 118 3565 non
137 3512 307 3579 ostenditur,
327 3530 414 3581 quare
433 3529 532 3567 eorum
551 3517 668 3574 fortuna
698 3512 829 3577 audetur,
888 3511 898 3563 i
918 3519 1016 3565 exacta
1034 3518 1128 3564 aetate
1145 3525 1206 3563 mo-

60 3585 187 3637 riantur:
208 3584 267 3637 imo
284 3585 403 3649 Marcus,
421 3583 455 3636 hi
472 3583 612 3649 homines,
631 3585 681 3649 ait,
700 3582 801 3637 miseri
810 3529 887 3634 mihi
903 3582 1008 3652 potius,
1027 3598 1112 3651 quam
1128 3580 1205 3635 beati

58 3655 243 3723 praedicandi
268 3656 411 3708 videntur.
448 3654 546 3708 Nullis
569 3654 651 3720 enim,
678 3654 705 3707 si
728 3652 806 3708 cet.“
843 3651 941 3707 Secuti
967 3660 1033 3704 sunt
1064 3652 1205 3705 nimirum

56 3725 207 3794 Bipontini
228 3727 387 3791 Pearcium,
413 3727 464 3797 qui
483 3725 524 3777 ita
542 3725 621 3778 adh.
641 3724 677 3777 l.:
702 3723 863 3789 „Buherius
888 3730 968 3777 recte
986 3724 1086 3774 statuit
1106 3723 1206 3796 legen-

58 3795 130 3847 dum
148 3812 205 3849 esse
223 3797 302 3850 Cur?
320 3814 394 3864 nom,
414 3813 490 3862 reor,
508 3795 570 3850 illis
589 3804 643 3848 etc.
664 3795 698 3848 ad
715 3794 801 3849 fidem
817 3794 905 3846 unius
922 3792 980 3847 MS.
1005 3809 1128 3860 suaeque
1145 3799 1203 3844 vet.

58 3864 202 3919 editionis.
239 3867 295 3920 Sed
321 3884 357 3919 ne
375 3870 417 3920 sic
436 3867 552 3936 quidem
578 3866 649 3918 haec
673 3883 739 3918 cum
764 3863 948 3934 sequentibus
970 3863 1042 3914 bene
1069 3862 1206 3916 cohaere·

57 3935 137 3988 bunt.
177 3936 243 4001 Quis
261 3946 304 3990 est
322 3938 410 4002 enim,
429 3939 481 4006 qui
499 3937 572 3990 dicit
589 3944 639 3988 aut
656 3934 726 3989 haec
743 3943 793 3988 aut
811 3933 970 4003 sequentia:
990 3929 1064 3984 silit
1080 3938 1120 3984 est
1131 3932 1205 3987 enim

55 4038 90 4049 -
110 4009 193 4073 offert
211 4015 286 4061 certe
303 4015 444 4061 senectus.-
463 4007 526 4077 quis
544 4014 596 4071 est,
615 4008 743 4076 inquam,
762 4005 814 4074 qui
830 4004 902 4057 haec
920 4002 1013 4055 dicit?
1041 4001 1073 4055 si
1091 4001 1203 4070 Cicero,

54 4093 105 4129 suo
125 4079 186 4148 ipse
204 4089 375 4153 argumento
394 4077 537 4132 adversari
554 4077 686 4128 videtur:
706 4093 782 4141 nam,
807 4091 873 4128 cum
891 4071 1052 4126 instituerit
1070 4074 1203 4143 probare,

54 4164 110 4201 ooo
136 4165 195 4202 esse
225 4150 361 4202 miserum
386 4156 452 4204 auls
477 4156 580 4216 tempus
604 4145 688 4213 mori,
717 4146 814 4216 inepte
838 4145 889 4198 hic
913 4161 1025 4198 causam
1047 4146 1203 4198 senectutis

55 4219 126 4303 agit,
154 4227 184 4272 ut
203 4236 274 4290 quoe
293 4223 395 4285 offerat
415 4218 604 4288 prudentiam,
633 4231 685 4287 qua
702 4215 774 4270 nibil
799 4224 843 4270 est
860 4214 967 4269 bomini
985 4215 1104 4268 duldus.
1142 4216 1203 4267 lloc

53 4308 80 4342 si
99 4290 201 4344 Cicero
220 4292 338 4357 dixerit,
365 4308 423 4343 non
441 4290 536 4361 potuit
558 4305 616 4342 non
634 4289 799 4352 concedere,
823 4288 962 4341 miserum
985 4303 1044 4340 esse
1071 4293 1137 4337 anto
1159 4301 1202 4337 ee·

52 4370 202 4414 nectutem
221 4363 305 4422 mori.
342 4363 443 4425 Locus,
461 4369 495 4413 ut
513 4360 624 4430 opinor,
643 4359 762 4412 vitiosus
781 4365 836 4410 est:
863 4373 952 4426 eaque
970 4355 1118 4409 Ciceronis
1143 4369 1202 4407 esse

52 4431 141 4484 verba
158 4432 327 4495 creduntur,
347 4448 418 4500 quae
437 4431 532 4505 potius
550 4429 802 4484 adolescentis·vel
815 4427 959 4492 auditoris
977 4435 1055 4492 sunt,
1078 4440 1201 4495 quocum

78 4525 158 4570 Cicero
174 4525 239 4570 Tute.
254 4527 323 4581 Disp.
339 4527 373 4568 sd.
388 4526 471 4572 llossr.
488 4525 512 4568 Τ.
519 4525 540 4568 1.
953 4533 994 4596 21
