2828 5070
129 294 192 361 82⁰
337 290 565 356 CICERONIS
585 286 832 354 TUSCULAN.
854 287 1096 354 DISPUTAT.

129 458 271 544 pedibus
299 456 462 534 hortatio)
481 482 524 503 -Α
543 457 652 519 nostri
679 457 844 518 exercitus
860 457 1021 537 ,primum
1050 453 1155 516 unde
1183 472 1296 518 nom

129 665 191 708 esse
209 653 355 728 insignem
374 670 407 707 ao
423 654 552 724 peritum
571 654 650 707 inter
667 668 775 723 paucos
792 651 1027 726 grammaticum.
1057 646 1227 704 Tullianae
1244 652 1297 706 aiot

127 726 288 790 Lectiones,
308 725 517 779 Amstelodami
536 726 654 778 nonita
671 723 785 794 pridem
806 724 905 785 editas,
924 737 979 773 nec
996 735 1069 772 raro
1089 737 1155 774 nec
1171 723 1296 798 seg-nitar

128 797 267 851 evolvant
284 797 306 849 ii
325 813 434 860 omnes,
456 797 558 864 quibus
578 796 680 850 Cicero
700 803 799 848 noster
816 794 924 862 placet,
947 793 1060 861 quique
1079 792 1122 844 ad
1144 811 1218 847 enm
1235 811 1296 847 cou-

127 876 173 922 tra
191 866 323 921 Davisios
341 886 373 921 ac
393 865 538 920 Bentleios
557 865 771 922 defendendum
790 867 845 918 sibi
871 880 950 916 arina
968 880 1157 933 comparare
1176 866 1295 920 relint“

127 938 257 993 Handius
277 957 346 993 vero
364 940 399 992 ad
417 937 597 1007 Wopkensii
616 940 791 992 sententiam
809 936 895 989 haee:
923 936 1084 1000 „Minimer
1117 954 1295 1007 quamquam

127 1010 175 1065 Or.
196 1027 309 1081 quoque
334 1008 528 1064 anacoluthon
554 1026 649 1080 nuper
674 1008 895 1062 commendarit.
933 1008 1028 1059 Verba
1058 1008 1150 1062 enim
1172 1011 1217 1062 ita
1235 1026 1295 1062 con·

127 1090 296 1136 struuntur:
316 1082 395 1134 vider
413 1081 485 1133 unde
503 1083 592 1133 rostri
612 1081 756 1134 exercitus
776 1096 871 1132 nomen
889 1075 1005 1130 habeant
1025 1079 1190 1132 militiam.
1222 1081 1295 1133 Hane
1334 1120 1336 1131 ,

127 1172 142 1207 a
164 1153 317 1223 positionis
343 1155 402 1204 rim
429 1153 458 1204 in
484 1154 603 1206 Graecis
632 1154 688 1205 iem
721 1152 829 1205 dudum
858 1152 1006 1224 cognitam
1033 1147 1154 1204 habent
1192 1152 1294 1207 critici.

126 1171 208 1278 Pisto
228 1223 374 1277 Charmid·
395 1227 437 1279 50.
458 1242 485 1293 p.
507 1227 566 1279 175.
588 1223 618 1278 tu
642 1227 693 1276 suiv
712 1223 754 1284 all,
776 1247 808 1261 ·-
827 1219 939 1290 οὐδαμῆ
957 1221 1105 1285 δυνάμεθα
1129 1223 1237 1292 εὑρεῖν,
1255 1224 1294 1291 lp·

126 1295 182 1361 ὅτῳ
200 1297 266 1346 aori
284 1302 340 1348 τῶν
357 1298 445 1348 ὄντων
465 1299 480 1348 ti
504 1296 707 1361 ὀνοματοθέτης
722 1297 804 1348 τοῦτο
828 1295 951 1358 τοῦνομα
969 1293 1050 1345 idere
1069 1297 1127 1359 τήν
1147 1300 1296 1364 σωφροσύ·

127 1386 186 1433 νην.
206 1368 270 1422 Vid.
291 1366 426 1420 hlatthias
447 1366 575 1418 Gremm.
596 1385 625 1435 p·
646 1365 727 1422 794.“
764 1365 808 1418 Ad
826 1382 899 1434 quae
917 1363 965 1416 Or.
984 1364 1123 1432 primum
1146 1368 1203 1429 ait,
1222 1382 1296 1420 eur·

126 1439 213 1493 citum
232 1453 379 1507 nunquam
398 1437 457 1490 dici
476 1438 626 1489 militiam.-
645 1436 782 1506 sedquod
800 1437 830 1488 in
850 1435 1035 1504 expeditione
1051 1437 1122 1510 agit
1136 1441 1296 1502 exereitus,

126 1504 264 1561 militiam
284 1527 343 1561 esse
350 1527 359 1569 ,·
380 1509 482 1561 deinde
500 1524 558 1560 non
577 1509 648 1578 poni
667 1508 696 1560 h.
715 1508 735 1559 l.
756 1521 790 1561 ex
812 1507 981 1560 licationsm
1000 1512 1030 1559 et
1051 1501 1187 1574 etysnon
1207 1510 1296 1564 nomi·

126 1581 173 1632 nis
191 1579 321 1644 militiae,
341 1580 390 1631 sed
408 1580 564 1631 exercitari
591 1594 715 1649 euinque
733 1580 774 1632 ita
792 1526 902 1631 hictum
922 1594 983 1630 esso
1007 1576 1079 1640 dici,
1106 1581 1186 1648 quie
1206 1580 1296 1633 multo

126 1667 193 1704 cum
212 1649 312 1703 labore
331 1658 492 1704 exercetur.
522 1649 677 1703 Kiihneros
696 1650 821 1719 denique
838 1649 874 1702 ad
893 1646 1136 1716 emendationem
1159 1651 1295 1714 mititte,

126 1721 211 1789 Quid,
238 1738 352 1790 quaeso,
378 1723 428 1785 ait,
452 1720 508 1775 boc
527 1723 582 1774 sibi
602 1721 681 1773 vulti
715 1721 807 1785 rides,
836 1720 907 1773 unde
931 1719 1055 1773 militiae
1084 1724 1187 1782 (nom.
1208 1721 1295 1794 plur.)

126 1793 265 1847 exercitus
284 1795 375 1847 nostri
392 1810 489 1847 nomen
507 1791 645 1845 habeant?
677 1792 776 1858 [Vides
800 1808 865 1845 enm
890 1808 925 1844 ne
949 1790 1084 1874 cogitare
1114 1793 1245 1862 quidem
1263 1793 1295 1845 de

125 1865 246 1921 absurda
271 1867 358 1936 plene
384 1865 527 1918 Gronovii
559 1864 776 1917 constructione
805 1872 835 1916 et
857 1863 1013 1919 Perizonm
1048 1865 1139 1930 quasi
1168 1865 1295 1919 voluerit

127 1937 244 1991 Cicero:
274 1938 354 1990 vides
381 1938 456 1989 unde
480 1936 574 1987 nostri
600 1935 745 1988 exer-ditus
767 1948 875 1988 nomen
892 1934 923 1984 in
942 1930 1062 1997 militia,
1098 1953 1129 1988 v.
1154 1938 1190 1989 in
1211 1936 1295 1998 bello,

126 2007 266 2070 habeant3
284 2025 378 2076 neque
396 2008 430 2060 de
449 2025 480 2058 ea
498 2005 575 2057 haud
593 2007 689 2058 minus
709 2006 841 2058 absurda:
870 2005 959 2066 rides,
985 2003 1064 2055 unde
1089 2009 1196 2061 nostri
1217 2025 1295 2061 exer·

126 2080 202 2132 citus
221 2077 346 2130 habeant
364 2093 469 2129 nomen
488 2077 621 2137 militiae,
648 2078 667 2129 i.
689 2093 712 2130 s.
734 2078 870 2130 dicantur
893 2075 1011 2137 militia,
1040 2078 1128 2143 qussi
1150 2096 1229 2132 vero
1246 2078 1294 2129 na

126 2149 193 2201 lilt'u
212 2149 250 2200 sit
269 2148 308 2212 id,
328 2149 404 2216 quod
423 2164 475 2201 nos
494 2148 618 2199 dicimus
638 2146 758 2210 Milia,
779 2157 812 2199 ut
835 2153 878 2200 est
896 2146 972 2215 apud
990 2147 1102 2199 Justin.
1115 2152 1169 2213 32,
1184 2154 1212 2206 2.
1250 2149 1291 2202 Gi.

125 2228 223 2274 utnon
242 2219 301 2272 Cic.
323 2221 358 2272 de
377 2219 466 2295 lagg.
486 2219 540 2271 111.
560 2222 591 2272 3:
624 2217 754 2271 Militiae
782 2218 881 2287 quihus
908 2217 983 2270 iussi
1007 2227 1088 2270 erunt
1115 2221 1291 2288 imperanto.

125 2292 326 2355 Accusativus,
356 2309 410 2362 per
433 2294 466 2354 it,
494 2288 629 2342 militiam
653 2290 836 2343 attractionis
863 2289 987 2358 quodam
1010 2305 1123 2361 genere
1151 2311 1170 2344 ι
1200 2293 1292 2346 subse·

125 2365 227 2433 quenti
251 2363 339 2416 verbo
360 2310 460 2427 [ciuica]
487 2363 609 2437 regitur.
645 2360 836 2430 Aliquatenus
854 2360 904 2412 hic
931 2359 1063 2412 struendi
1084 2362 1197 2416 modus
1218 2381 1291 2416 com·

124 2436 222 2504 parari
240 2435 332 2504 possit
351 2449 416 2486 cum
436 2435 471 2486 iis
492 2433 642 2502 cassaphe.
664 2432 815 2501 inquibus
833 2432 968 2484 attractio
989 2432 1107 2484 inversa
1127 2437 1291 2504 reperitur,

125 2507 210 2576 quale
228 2515 271 2558 est
289 2507 370 2579 Virg.
391 2507 458 2558 Aen.
480 2506 502 2557 1.
523 2506 591 2558 573:
623 2502 722 2557 Urbem
749 2519 831 2572 quam
854 2510 947 2555 statuo
966 2508 1059 2554 eastra
1080 2509 1133 2554 est.
1178 2503 1247 2582 Ego
1264 2505 1293 2558 id

124 2593 215 2630 unum
235 2576 315 2637 addo,
344 2576 418 2627 mihi
438 2576 627 2627 ἀνακόλουθον
644 2574 753 2628 hancce
772 2576 933 2628 orationem
959 2575 1000 2625 ita
1019 2575 1233 2642 explicandam
1252 2578 1292 2629 vi·

52 2704 56 2711 ,
124 2649 206 2702 deri:
237 2650 396 2714 Antequam
417 2648 542 2708 doceam,
571 2663 628 2716 quo
647 2649 823 2700 modoserre
842 2646 984 2715 possimus
1003 2646 1135 2698 laborem
1161 2659 1194 2701 et
1214 2650 1293 2702 dolo·

124 2736 188 2771 rem
206 2719 320 2769 ratione
340 2725 367 2769 et
393 2718 483 2768 enimi
508 2718 685 2783 inductione,
714 2718 858 2787 exemplis
884 2715 1085 2786 comprobabo,
1120 2719 1153 2770 id
1176 2721 1293 2772 etheri

124 2802 209 2859 posse
230 2796 258 2841 et
276 2790 386 2840 sactum
406 2806 474 2841 esse.
515 2789 655 2841 Militiam
682 2789 811 2858 primum
839 2796 968 2839 nostram
995 2788 1025 2838 in
1046 2790 1226 2858 exemplum
1246 2791 1292 2843 ad·

125 2860 246 2911 ducem:
277 2861 359 2911 vides
378 2859 464 2922 unde,
499 2861 529 2911 in
549 2868 645 2912 nostra
664 2861 782 2929 quidem
802 2858 914 2934 lingua,
947 2858 1224 2914 exercitasnomcn
1242 2862 1292 2914 ba·

123 2928 217 2994 beant,
247 2931 386 2982 nimirum
405 2931 439 2982 ab
459 2932 635 2983 exercendo:
663 2937 829 2983 exercentur
846 2931 924 2982 enim
943 2931 973 2982 in
992 2930 1090 2982 labore
1109 2935 1292 3001 perferendo

125 3008 154 3055 et
173 3002 206 3053 in
223 3002 375 3055 tolerando
394 3001 502 3057 dolore.
542 3005 602 3056 hir.

137 3119 139 3122 ·
196 3091 318 3144 Militiae
337 3109 412 3155 aero,
446 3097 573 3144 nostram
592 3093 664 3155 dico,
691 3106 745 3144 non
765 3088 990 3158 Spartiatarum,
1018 3106 1140 3158 quorum
1155 3093 1291 3159 pracedil

123 3179 205 3218 mora
225 3165 264 3216 ad
282 3165 382 3216 tibiam
401 3165 468 3230 etc]
506 3163 554 3216 Sic
572 3162 729 3237 legendum
748 3164 873 3216 coniecit
891 3162 918 3213 J.
933 3164 964 3216 F.
979 3163 1147 3216 Gronovius
1168 3162 1289 3217 Obserr.

124 3237 174 3289 lib.
196 3230 251 3287 111.
278 3253 338 3304 cap.
359 3239 383 3290 6.
412 3253 465 3289 nec
489 3235 729 3298 emendationem,
762 3250 847 3299 quam
872 3234 986 3304 recepit
1013 3233 1099 3296 alius,
1130 3237 1291 3288 exturbare

125 3308 220 3370 rolui3
252 3303 410 3375 probabilis
440 3308 517 3360 enim
544 3306 663 3359 ridetur
688 3313 716 3358 et
736 3305 863 3380 elegans,
891 3302 1034 3373 siquidem
1063 3321 1146 3357 mora
1172 3306 1290 3359 Latinis

78 3430 82 3438 ,
126 3380 214 3432 etiam
235 3374 340 3430 cohors
360 3386 403 3431 est
420 3378 652 3442 Lacedaemonia,
675 3376 750 3446 quod
769 3384 848 3445 patet
867 3394 902 3429 ex
923 3375 1008 3428 Corn.
1028 3375 1072 3427 Ne
1094 3378 1154 3427 otis
1174 3377 1288 3447 lphiar.

124 3464 185 3518 cap.
207 3453 233 3504 2.
266 3449 347 3501 Mssti
366 3449 443 3512 dant,
474 3449 609 3500 mititiam
628 3464 704 3509 sero,
734 3456 861 3499 nostram
888 3445 962 3511 dico,
988 3463 1042 3500 nors
1081 3449 1290 3514 partiatum,

125 3532 240 3586 qaorum
270 3520 399 3585 procedit
428 3520 580 3570 admodum
605 3520 643 3572 ad
673 3519 784 3571 tibiam.
834 3520 1000 3580 Lambinus,
1032 3526 1196 3587 praeeunte
1223 3521 1292 3572 viro

125 3590 218 3649 docto,
239 3590 385 3650 rescribit,
406 3590 513 3641 militia
532 3605 606 3652 uero,
627 3595 753 3643 nostram
772 3589 835 3643 dico
856 3606 909 3642 nou
929 3589 1152 3656 Spartiatarum,
1173 3605 1291 3655 quanm

120 3661 250 3729 procedit
276 3676 379 3732 agmen
405 3661 443 3711 ad
467 3661 575 3711 modum
600 3662 639 3712 ad
662 3662 770 3724 tibiam,
798 3678 847 3714 nec
871 3659 1017 3713 adhibetur
1040 3660 1100 3711 ulla
1120 3661 1185 3712 sine
1206 3663 1291 3714 Ano-

119 3733 230 3801 paestis
253 3726 371 3798 pedidus
393 3730 528 3792 hortatio,
558 3747 644 3796 quam
667 3733 808 3786 laboriosa
833 3736 891 3786 est!
929 3731 1030 3784 Nostri
1055 3733 1204 3784 exercitur
1231 3741 1287 3785 etc.

124 3804 152 3857 J.
172 3808 209 3857 ht.
230 3803 345 3866 Brutus,
374 3820 409 3857 ex
428 3802 584 3856 verborum
605 3803 831 3874 transpositione
857 3804 993 3858 mendum
1014 3820 1075 3855 esse
1094 3811 1199 3855 natum
1221 3820 1291 3856 cen·

125 3890 199 3936 sens,
234 3875 313 3927 hunc
339 3890 437 3928 eorum
462 3877 617 3927 constituit
636 3876 784 3927 ordinem:
816 3873 918 3927 Nostri
942 3874 1080 3926 exercitus
1100 3901 1133 3910 —
1155 3874 1291 3941 agminia

123 3945 277 4009 (militiam
295 3963 361 3997 sero
382 3976 411 3988 -
432 3945 574 4012 hortatio)
593 3948 670 4010 ferre
684 3946 749 4013 plue
768 3945 921 3998 dimidiati
938 3944 1044 3997 mensis
1066 3946 1188 3997 cibaria.
1231 3945 1290 3998 Sed

123 4016 292 4080 tricamus,
323 4017 376 4070 ille
403 4017 575 4070 licentiosus
603 4023 647 4070 est
672 4017 841 4071 emendandi
867 4017 980 4075 rnodus,
1013 4032 1068 4068 nee
1093 4015 1289 4069 Gronoviana

123 4087 267 4142 leniorem
287 4089 454 4141 corrirendi
480 4090 622 4141 rationem
650 4087 736 4142 tacite
763 4091 904 4159 reperies.
942 4089 1077 4140 Attamen
1096 4087 1146 4139 rel
1166 4088 1221 4140 ills
1241 4088 1291 4139 ni-

122 4161 178 4212 am
196 4175 213 4212 a
232 4138 386 4211 corteno}
405 4161 474 4220 abit,
503 4176 590 4229 quam
615 4165 649 4210 ut
673 4161 714 4211 ita
740 4163 887 4232 scripsisse
906 4156 1040 4212 'sutrium
1059 4159 1229 4211 certissima
1249 4159 1289 4210 at

122 4230 200 4284 fides.
239 4231 313 4283 Utut
340 4238 436 4283 autem
460 4229 531 4284 haec
550 4247 580 4283 se
598 4247 645 4283 res
663 4229 775 4292 habeat,
810 4232 1027 4287 Lacedaemonii
1053 4229 1145 4288 αὐλοῖς
1170 4228 1202 4282 ἐν
1229 4233 1290 4287 ταῖς

120 4307 223 4371 μάχαις
242 4300 305 4356 ἀντὶ
332 4304 493 4368 σαλπίγγων
517 4300 558 4355 ciel
580 4303 710 4372 χρῶνται,
762 4302 853 4356 Verba
881 4311 948 4356 sunt
972 4300 1089 4355 Nicolai
1112 4300 1288 4354 Damasceni

122 4374 198 4443 apud
217 4373 370 4428 stobaeum
388 4371 481 4425 Serm-
500 4372 586 4425 xutt.
607 4391 642 4445 pa
667 4414 672 4427 .
693 4377 755 4430 294.
784 4374 863 4429 idam
882 4382 1003 4427 narrant
1021 4373 1073 4426 alii
1092 4373 1166 4426 bene
1185 4370 1288 4434 multi,

122 4445 260 4514 equibus
278 4442 345 4497 vide
365 4443 406 4496 sis
423 4442 603 4499 Athenaeum
621 4390 674 4500 lii.
693 4445 754 4498 ΧΠ.
781 4461 847 4521 png·¹
867 4448 927 4502 517.
952 4446 1024 4498 XIV.
1049 4459 1115 4515 pag.
1136 4444 1203 4509 626,
1221 4443 1286 4500 ott.
