2828 5070
77 346 103 413 t
406 356 410 361 -
567 323 698 386 mom
717 323 763 402 11,
786 324 836 388 ιτ.
1214 321 1277 388 su

83 489 206 585 ¹qnid
233 489 354 552 velint:
387 490 452 551 nisi
479 491 559 550 satis
587 491 629 550 iis
660 493 784 550 sectum
812 490 868 564 sit,
897 506 933 549 se
959 487 1043 548 veile
1065 484 1274 550 decumbere.

77 624 104 665 ι
120 661 287 731 exemplum
311 678 370 715 non
394 671 446 726 est,
471 670 500 713 ct
519 668 662 735 repugnat
681 660 830 712 Ciceronis
854 656 1011 727 proposito.
1047 659 1111 732 Ego
1135 674 1188 711 nec
1214 674 1277 710 sen-

95 764 98 769 -
122 733 246 787 tentiam
265 732 347 786 iilam
366 748 466 785 censeo
486 749 555 796 esse,
575 741 604 784 et
623 730 809 795 librariorum
827 728 952 781 ludibria
979 727 1057 781 nihil
1081 729 1160 781 aliud
1183 738 1277 782 osten-

76 792 102 833 ·
121 803 190 859 dere
214 821 323 868 censeo,
353 821 439 873 quam
466 803 637 855 Ciceronem
660 800 718 853 scri
740 801 807 853 sisse
832 799 905 854 satis
932 796 1100 864 bisfactum
1126 799 1173 851 sit.
1210 801 1277 854 Non

76 877 101 918 Ι
120 874 187 927 vult
205 891 317 949 rogasse
336 876 435 938 vitam,
454 875 503 927 sed
520 874 690 955 defatigatos
709 820 800 942 dique
819 871 942 923 victoria
960 869 1078 940 vitaque
1097 868 1277 940 desperantes

76 982 101 993 -
122 945 243 998 differre
263 954 385 998 mortem
403 954 432 998 et
451 945 562 998 contari
581 962 610 998 se
630 944 798 996 submittere
823 943 857 994 ed
875 941 1047 994 audiendum
1074 941 1147 1007 iilud
1174 941 1277 1011 Recipe

76 1046 101 1081 .
120 1017 239 1085 ferrum,
270 1017 360 1069 donec
387 1034 401 1067 a
428 1016 552 1068 dominis
578 1014 778 1067 testimonium
805 1029 907 1083 operae
930 1013 997 1065 satis
1027 1011 1162 1087 gnaviter
1185 1012 1278 1066 editae

76 1092 99 1151 ἰ
122 1087 299 1157 impetrent:
320 1087 525 1162 significantes,
544 1086 568 1137 si
588 1086 695 1140 iudicio
714 1085 833 1137 illorum
851 1084 977 1136 nondum
1002 1082 1211 1154 responderint,
1237 1101 1277 1150 se,

76 1190 94 1223 ,
122 1175 296 1228 quamquam
314 1176 404 1228 paene
423 1161 578 1222 coniectos,
597 1158 708 1211 ultimis
734 1157 845 1208 viribus
863 1155 1006 1207 advocatis
1034 1155 1069 1207 ed
1086 1153 1277 1208 restitandum

76 1260 92 1297 Ι
123 1238 154 1282 et
179 1230 213 1282 ad
241 1228 453 1300 impediendum
479 1231 621 1282 victorem
648 1228 850 1291 obduraturus;
877 1227 931 1288 sin,
958 1243 987 1278 se
1014 1233 1204 1279 commeatum
1222 1226 1277 1279 sibi

76 1334 88 1367 ,
122 1309 249 1352 mortem
267 1301 386 1354 fortiter
405 1301 546 1353 subeundo
566 1300 688 1352 daturos.
717 1299 843 1351 Verbum
861 1296 1029 1362 satisfecere
1047 1297 1088 1348 sic
1106 1297 1180 1366 apud
1189 1297 1278 1364 Quin·

76 1378 85 1439 ἰ
122 1370 260 1424 tilianum
278 1372 404 1424 Declam.
425 1372 531 1425 CCCV:
551 1370 705 1423 Plurimum
725 1376 818 1422 tumen
837 1366 926 1421 adbuc
943 1369 982 1421 ud
999 1367 1124 1421 dolorem
1140 1369 1275 1437 pertinet,

123 1443 198 1511 quod
216 1448 243 1494 te
261 1449 403 1511 spectante
424 1449 637 1510 pugnauerunt:
661 1442 711 1495 itte
733 1439 924 1510 gravissimus
950 1441 1040 1503 dolor,
1068 1440 1140 1509 quod
1165 1440 1203 1492 ud
1219 1439 1279 1492 ἐπὶ·

76 1548 83 1583 ,
121 1513 193 1566 mici
211 1514 376 1581 voluptutem
395 1515 598 1580 satisfecerunt.
635 1513 741 1566 Fraudi
766 1513 823 1564 suit
849 1519 968 1581 praeter
984 1512 1150 1585 ignoratum
1175 1527 1277 1564 urenae

76 1610 80 1653 ι
122 1600 234 1637 morem
253 1589 282 1637 ab
302 1585 330 1638 si
349 1586 481 1638 omissum
501 1594 529 1638 et
548 1589 644 1651 τμῆσις
660 1585 710 1638 τοῦ
728 1583 917 1648 satisfactum,
937 1599 1009 1652 quae
1027 1583 1152 1655 gratiam
1171 1582 1278 1635 oratio-

76 1696 81 1729 ,
122 1655 168 1706 nis
186 1658 303 1729 auget.“
322 1656 492 1709 Bouhierius
510 1657 666 1726 respiciens
686 1673 756 1725 quae
775 1662 989 1726 praecesserunt
1008 1650 1094 1717 (uiuit
1116 1669 1163 1705 eos
1180 1653 1277 1720 mulie,

76 1752 78 1797 5
123 1743 206 1796 quam
225 1727 270 1779 vet
287 1727 396 1780 domino
414 1727 583 1791 satisfacere
602 1727 647 1779 oet
661 1726 773 1798 poputp)
792 1727 833 1777 ita
851 1724 990 1793 explicat:
1010 1723 1189 1776 Gladiatores
1207 1724 1278 1778 adeo

122 1798 240 1851 maioris
259 1799 424 1851 existimant
451 1800 614 1850 satisfacere
638 1798 771 1860 dominis,
799 1813 885 1866 quam
909 1795 1019 1859 vivere,
1045 1803 1087 1860 ut,
1111 1811 1177 1846 cum
1203 1794 1277 1848 victi

76 1910 78 1919 .
122 1877 199 1932 sunt,
230 1869 346 1920 mittant
373 1871 423 1939 qui
446 1869 543 1921 dicant
565 1887 593 1921 so
618 1869 693 1921 mori
716 1877 828 1938 paratos
859 1883 927 1930 esse,
958 1866 1099 1936 siquidem
1117 1865 1147 1917 id
1164 1865 1277 1935 placent

76 1988 78 2003 ,
122 1939 255 1991 dominis.
299 1940 458 1993 Admodum
490 1940 644 2009 probabant
670 1939 744 1992 illud
771 1937 937 2007 obsequium
955 1936 1084 2002 Romani,
1113 1945 1157 2000 et,
1190 1935 1277 1989 huius

123 2011 135 2061 i
157 2009 213 2061 sius
233 2011 333 2062 mortis
352 2019 533 2082 contemptus
552 2028 643 2075 causa,
662 2027 867 2079 nonnunquam
886 2008 922 2060 iis
939 2008 1031 2061 vitam
1054 2005 1278 2061 concedebant.“

122 2028 231 2204 gangit
250 2091 380 2133 nostrum
399 2082 495 2134 iocum
513 2082 601 2134 etiam
619 2083 646 2135 J.
668 2081 702 2133 ,Γ
716 2081 843 2137 Gronov.
871 2079 945 2133 Obss.
965 2079 1012 2132 IV.
1033 2081 1076 2135 20·
1097 2096 1124 2149 p·
1145 2081 1206 2136 315.
1232 2078 1276 2134 cd.

149 2161 258 2204 aventr.
299 2153 356 2205 Mr.

75 2268 80 2305 Ι
192 2222 229 2276 st
246 2223 319 2277 sotis
337 2222 383 2276 bis
400 2225 504 2290 fuctum
520 2223 578 2291 sit]¹
599 2222 684 2276 Hadr.
704 2221 833 2275 Turnebi
852 2221 956 2287 Codex,
975 2220 1005 2274 si
1022 2220 1094 2274 sotis
1111 2218 1278 2290 bisfactum

75 2346 78 2363 Ι
122 2310 181 2347 non
199 2294 250 2359 ss't,
269 2303 479 2369 negantemque
497 2295 668 2366 particulam
686 2301 903 2364 repraesentant
920 2292 990 2344 Pau.
1015 2309 1070 2345 sec.
1099 2302 1167 2346 tert.
1204 2294 1278 2346 Cum

75 2365 78 2376 '
124 2364 160 2417 iis
178 2365 248 2417 tacit
265 2366 314 2418 vir
331 2367 510 2419 doctissimus
529 2366 646 2418 Advers.
667 2366 715 2429 IV,
736 2366 778 2419 18.
799 2372 828 2417 et
846 2363 945 2418 eodem
971 2380 1054 2416 sensu
1072 2362 1106 2415 1).
1125 2363 1278 2418 Lmnbinus

75 2415 79 2520 ζ
122 2435 339 2489 rescribendum
358 2436 480 2490 coniicit
498 2436 529 2488 ru'
545 2436 723 2503 satisfactum
740 2435 789 2489 sit.
827 2434 865 2486 At
888 2434 1006 2488 ommno
1031 2451 1096 2485 sana
1120 2443 1162 2488 est
1189 2435 1278 2489 lectio

75 2560 77 2571 ἱ
123 2505 181 2557 iam
199 2515 323 2629 recepta,
344 2525 410 2558 num
428 2506 762 2561 vultTuliius'miseros
790 2505 856 2559 illos
873 2504 1005 2559 homines
1028 2521 1086 2558 non
1109 2515 1175 2559 ente
1193 2505 1279 2583 iuqu-

122 2576 185 2628 lum
204 2595 272 2646 prae
292 2594 350 2642 ere,
370 2595 456 2647 quam
481 2576 645 2631 aiDominis
663 2594 766 2648 operae
806 2577 920 2630 naviter
946 2577 1039 2629 editae
1065 2586 1216 2647 reportent
1233 2586 1278 2631 te·

123 2648 302 2700 stimonium.
340 2649 424 2701 Hunc
443 2666 556 2701 sensum
576 2658 655 2701 recte
681 2649 755 2701 vidit
796 2648 854 2700 ,Εἴ
875 2646 1037 2702 Gronovius
1056 2647 1170 2701 Observ.
1192 2649 1230 2714 11,
1249 2650 1276 2704 2

123 2719 176 2788 qui
194 2727 291 2771 temen
309 2720 434 2788 primam
451 2736 562 2783 vocem,
582 2737 667 2789 quam
686 2720 815 2773 retinent
833 2722 907 2783 Mes,
935 2719 1009 2772 rnale
1028 2735 1059 2770 re
1081 2719 1200 2773 udiavit.
1238 2718 1275 2773 D.

195 2789 266 2843 uisi
283 2790 355 2843 setis
378 2790 429 2844 s's's
453 2790 558 2853 fuctum
576 2789 636 2856 sit‚]
670 2791 826 2843 .Videamus
850 2790 978 2860 primum
996 2790 1030 2844 de
1058 2736 1150 2843 iibris.
1188 2789 1278 2858 Quin·

123 2877 179 2929 que
199 2861 268 2915 Oxx.
289 2862 317 2914 ni
335 2861 515 2927 satisfactum
539 2861 579 2914 to
603 2861 652 2926 sit,
684 2870 806 2944 quatuor
831 2877 897 2913 cum
921 2861 962 2913 Re
985 2900 991 2912 .
1012 2860 1084 2946 Aug.
1110 2861 1183 2914 Gud.
1205 2865 1228 2917 l.
1249 2864 1275 2919 2.

121 2931 207 2983 Bern.
228 2934 316 3008 Marg.
336 2934 420 2986 Vind.
443 2938 465 2988 1.
486 2936 511 2989 2.
531 2932 560 2986 si
578 2933 654 2986 sotis
672 2929 716 2985 bes
734 2934 837 2997 fectum
855 2932 907 2996 sit;
926 2879 1015 2985 Reid.
1035 2948 1060 2986 es
1079 2932 1153 2986 sutis
1171 2932 1213 2986 s't's
1231 2933 1247 2998 f
1262 2961 1277 2976 ·

122 3007 195 3054 ctum
213 3004 251 3056 sit
272 3022 338 3057 cnm
357 3007 431 3057 Mon.
451 3007 492 3067 23
512 3004 608 3056 Duisb.
628 3003 701 3056 sotis
719 3000 770 3056 boc
786 3004 891 3067 fuctum
910 3019 964 3056 uon
984 3003 1033 3056 sit.
1054 3002 1128 3056 Gud.
1148 3003 1177 3057 ss'
1187 3003 1277 3056 sutis·

121 3073 227 3138 suetum
245 3075 283 3128 sit
302 3073 362 3138 iu‘s‚·
382 3077 455 3128 bion.
478 3081 502 3131 l.
523 3076 551 3129 si
569 3073 645 3128 sutis
662 3074 701 3127 id
718 3076 822 3141 fuctum
840 3074 887 3126 sit.
907 3072 977 3126 Edd.
990 3075 1108 3128 Reiskk.
1129 3083 1278 3145 praeterea

122 3145 152 3195 P.
172 3144 205 3195 Α.
225 3146 256 3196 Β.
277 3147 311 3198 Ε.
332 3147 361 3199 0.
382 3148 415 3197 V.
436 3149 473 3199 Μ.
492 3149 562 3199 Ven.
583 3154 670 3199 nostr,
691 3144 755 3198 Asc.
776 3150 800 3201 t.
821 3148 846 3200 2·
872 3146 953 3198 Junt.
980 3146 1043 3198 Car.
1073 3144 1173 3215 Steph.
1193 3143 1275 3197 Boul.

122 3214 202 3265 Brut.
223 3215 287 3267 Ald.
308 3216 416 3269 Sturm.
437 3215 516 3287 Sylb.
537 3216 658 3271 iIWolf.
679 3216 763 3268 Leod.
793 3216 822 3270 εἰ
846 3215 1025 3280 satisfactum
1042 3216 1089 3269 -s't's
1114 3216 1161 3268 stt.
1189 3214 1275 3269 Grut.

122 3284 207 3336 Verb.
233 3285 301 3337 Dav.
330 3287 401 3338 Ern.
427 3287 500 3339 hall.
525 3288 597 3339 Tbn.
617 3287 645 3340 st'
662 3286 735 3340 tutis
753 3285 798 3339 bt's
815 3289 922 3353 fuctum
948 3285 1002 3351 ut,-
1026 3285 1274 3341 FAWolf.1toet.

123 3354 208 3409 Schz.
232 3357 278 3409 Or.
307 3357 396 3410 Nobb.
418 3358 446 3410 st'
464 3357 599 3412 satiabis
621 3358 680 3422 (Or.
700 3358 747 3424 iis)
773 3360 877 3425 suctum
901 3374 954 3410 nou
980 3357 1028 3411 sit.
1065 3359 1129 3433 Ego
1156 3374 1222 3410 cum
1244 3358 1277 3411 in

122 3461 229 3514 duobus
248 3464 379 3515 Lambini
399 3465 478 3518 codd.
498 3466 591 3519 tuerit
608 3464 650 3530 ni,
669 3465 755 3534 quod,
780 3465 804 3516 si
822 3464 963 3534 scriptum
986 3464 1045 3517 tuit
1061 3431 1090 3528 ei,
1109 3464 1170 3539 legi
1188 3464 1278 3518 etium

122 3533 206 3585 debet
219 3533 287 3599 uisi,
306 3534 361 3587 hoc
371 3537 514 3607 rescripsi,
534 3545 566 3588 ut
580 3536 652 3588 haec
666 3535 784 3606 prodeat
802 3535 943 3588 sententia
962 3534 1203 3603 commodissime:
1224 3552 1277 3600 „se

122 3605 180 3656 iam
198 3623 299 3658 necem
317 3625 417 3676 usque,
438 3616 467 3661 et
485 3608 526 3659 its
544 3607 719 3682 depugnasse
742 3623 778 3659 ex
800 3607 948 3660 voluntate
972 3606 1092 3670 domini,
1117 3615 1150 3658 ut
1174 3605 1277 3659 vulne-

121 3674 201 3727 ribus
240 3677 303 3729 lane
323 3679 382 3730 sint
400 3679 540 3732 confectis
573 3679 621 3731 sed
642 3677 667 3730 si
694 3695 730 3730 ne
748 3677 804 3730 hoc
831 3677 948 3747 quidem
966 3676 1121 3730 satutsciat
1142 3677 1276 3742 dominis,

121 3697 290 3800 decumbere
316 3751 403 3802 etiam
428 3759 457 3803 et
483 3759 607 3803 mortem
630 3757 765 3818 appetere
789 3745 918 3812 (ferrum
942 3748 1086 3818 recipere)
1114 3765 1172 3801 esse
1216 3764 1278 3800 ara-

121 3818 196 3867 tos.·‘
231 3818 338 3871 Omisso
357 3822 387 3874 ui
409 3822 496 3891 (quod
520 3838 606 3889 quam
624 3820 711 3872 facile
729 3819 905 3872 intercidere
922 3820 1061 3888 potuerit,
1087 3817 1179 3882 vides)
1260 3835 1277 3872 ο

121 3887 240 3957 prodire
259 3892 431 3943 sententiam
450 3893 491 3945 ait
509 3893 576 3945 On:
604 3890 784 3955 „dummodo
802 3889 926 3942 dominis
951 3890 1124 3942 fortitudine
1143 3906 1192 3941 sue
1209 3890 1277 3943 sutis

121 3959 282 4011 fecerint“:
303 3961 351 4013 sed
368 3979 472 4015 vereor
488 3970 521 4014 ut
539 3960 576 4026 si,
596 3962 637 4014 ita
655 3962 788 4032 positum,
813 3976 866 4030 pro
891 3960 1036 4013 dunsmodo
1060 3960 1171 4013 dictum
1196 3961 1278 4015 aCi·

122 4047 227 4085 cerone
246 4049 373 4100 unquam
393 4033 430 4085 sit
448 4033 583 4102 positum,
609 4032 657 4084 ubi
676 4032 742 4084 fieri
760 4033 812 4083 vix
829 4040 923 4102 potest
946 4041 978 4084 ut
996 4031 1083 4084 uliam
1106 4032 1278 4086 sententiam

121 4104 249 4172 reperiat
272 4103 379 4166 lector,
416 4122 502 4173 quam
526 4103 610 4166 benc,
635 4112 668 4155 ut
701 4121 718 4157 a
761 4102 946 4155 ladiatoribus
979 4103 1104 4172 pendere
1135 4103 1278 4166 videatur,-

122 4182 233 4239 utrum,
252 4174 376 4226 dominis
396 4175 567 4238 iubentibus,
586 4192 605 4244 p
647 4192 715 4229 nare
735 4121 843 4226 <itatius
862 4174 966 4237 velint,
986 4190 1160 4244 quemquam
1177 4176 1280 4226 vulne-

122 4244 202 4295 ribus
220 4245 303 4314 plnnc
323 4246 458 4309 confecti,
478 4263 513 4299 an
532 4246 633 4299 decum
653 4263 710 4300 ere.
737 4245 829 4310 Quare
848 4262 952 4314 neque,
971 4245 995 4297 si
1013 4244 1144 4298 additum
1161 4245 1199 4296 sit
1214 4261 1280 4308 non,

122 4314 198 4365 hanc
222 4319 393 4371 sententium
415 4318 500 4388 plane
523 4335 637 4388 possum
661 4318 783 4388 probare
802 4316 835 4367 ab
859 4316 924 4368 aliis
948 4316 1105 4400 prolatum:
1144 4315 1194 4379 „si
1212 4314 1281 4367 satis

122 4387 213 4437 fortes
237 4394 265 4437 et
292 4389 464 4442 exercitatos
488 4407 547 4443 sese
572 4405 631 4442 non
657 4385 852 4458 praebuerint,
881 4387 1064 4441 dominorum
1082 4405 1098 4439 e
1116 4384 1224 4439 iudicio
1242 4384 1282 4438 li·

124 4457 227 4510 benter
244 4474 273 4511 se
291 4461 481 4515 morituros.“
516 4462 621 4515 Dicere
639 4459 715 4513 mihi
732 4459 870 4513 videntur
886 4453 958 4516 booz
986 4458 1145 4515 senissimo
1163 4455 1282 4528 quidem
