2828 5070
549 316 721 398 LIBERI,
755 320 806 388 tl.
1188 321 1250 388 341

97 496 145 540 me
175 476 371 548 absolvistis,
400 488 527 540 mortem
557 483 737 543 timueritis.
780 480 851 544 Nec
881 482 959 544 enim
991 483 1135 565 cuiquam
1167 483 1250 546 bono
1268 483 1312 536 ⁹⁹·

97 559 174 622 moli
194 564 360 641 quicquam
381 563 505 622 evenire
523 570 642 639 potest,
665 582 722 623 nec
743 565 827 640 uiuo,
848 583 906 624 nec
924 575 1058 630 mortuo.
1095 567 1250 628 1100001-

98 661 191 722 qrmm
211 646 279 704 eius
305 662 356 704 res
377 662 397 701 0
419 643 486 704 diis
512 644 743 705 immortalibus
763 643 981 725 negligentur,
1012 667 1070 708 nec
1089 647 1166 710 mibi
1186 648 1251 726 ipsi

97 723 160 786 boc
179 725 301 786 00011111
326 722 480 804 fortuito.
522 725 591 786 Nec
616 745 690 787 uero
718 745 780 805 ego
806 730 860 804 iis,
893 748 913 789 0
941 729 1057 808 quibus
1078 730 1332 791 accuritusrdw·

97 815 156 867 out
177 827 197 866 0
218 805 333 885 quibus
355 806 582 889 condemnatus
603 827 680 884 sum,
712 806 813 869 babeo
841 809 928 889 quod
946 829 1152 882 succenseam,
1183 813 1250 874 nisi
1275 800 1300 837 ⁸·

97 955 167 1009 Sola
183 952 238 1008 Ed.
256 952 289 1005 Α.
308 950 393 1006 habet
412 970 468 1006 nec.
507 952 550 1005 ad
569 954 741 1008 sententiam
761 955 927 1018 tenendum,
945 958 1032 1010 verba
1050 974 1124 1010 ne-
1140 958 1250 1027 quidem

96 1024 127 1076 h.
147 1024 168 1075 l.
187 1039 246 1075 non
265 1040 327 1076 esse
345 1023 500 1097 iungenda,
521 1023 569 1077 sed
588 1026 835 1079 constructionem
854 1024 928 1078 hanc
948 1043 1024 1080 esse:
1054 1029 1109 1082 Vos
1128 1028 1249 1095 quietern,

97 1093 259 1147 ludices-
279 1098 397 1144 mortem
422 1109 455 1144 ne
479 1092 642 1150 timueritis.
678 1096 772 1148 Verba
795 1095 830 1157 s's',
858 1095 907 1163 qui
931 1112 973 1147 me
997 1097 1158 1150 absolvistis
1182 1117 1248 1153 cum

97 1178 158 1218 non
176 1163 236 1215 sint
253 1163 329 1231 apud
346 1161 495 1216 Platonem
514 1164 545 1214 in
562 1162 616 1215 hac
635 1165 772 1217 orationis
791 1166 875 1228 serie,
901 1165 1074 1219 Bouhierius
1093 1166 1167 1235 apud
1184 1168 1248 1224 Pla·

97 1243 196 1287 tonem
215 1230 274 1317 legi
291 1232 418 1285 volebat:
451 1229 589 1301 0111111000
607 1233 746 1288 δίκαιοι
769 1252 823 1305 pro
844 1231 866 1287 ui
884 1235 981 1304 ἄνδρες
1003 1236 1183 1301 δικασταί,
1214 1246 1248 1295 01

97 1303 153 1373 ipsi
180 1303 203 1354 ii
231 1303 478 1375 significarentur,
508 1304 559 1371 qui
586 1302 735 1356 Socratem
761 1304 924 1358 absolutum
950 1306 1070 1359 vellent·
1113 1307 1195 1372 Male,
1221 1309 1248 1361 si

97 1371 168 1442 quid
186 1369 278 1425 rideo.
314 1370 370 1424 Sed
396 1373 478 1440 peius
507 1374 593 1425 etiam
621 1373 740 1426 eandem
768 1374 803 1426 ob
822 1391 935 1427 causam
955 1374 1054 1429 eadem
1074 1377 1158 1429 verba
1179 1377 1249 1430 eiici

96 1440 211 1497 volebat
228 1439 359 1505 Rathius,
377 1449 527 1509 praeterea
547 1460 579 1496 ea
596 1460 633 1496 ne
650 1444 753 1497 Latina
770 1443 887 1511 quidem
903 1462 967 1498 esse
985 1447 1168 1499 contendens.
1190 1445 1248 1500 Sed

97 1520 178 1567 recte
195 1530 263 1565 eum
282 1509 481 1579 reprehendit,
499 1510 577 1579 quod
594 1512 630 1565 ad
647 1513 845 1580 Latinitatem,
868 1515 977 1566 Censor
994 1515 1138 1579 benensis,
1159 1532 1246 1584 quem

96 1599 156 1636 000
175 1581 267 1636 semel
285 1579 474 1644 laudavimus,
495 1583 572 1636 1801.
591 1585 633 1637 49.
652 1585 754 1652 pnes
768 1602 809 1653 sq.
829 1582 975 1652 additque,
993 1602 1029 1637 ne
1049 1601 1162 1638 merum
1181 1585 1246 1655 qui-

96 1654 162 1706 dem
189 1653 245 1705 ista
267 1650 355 1703 verba
377 1649 601 1704 additamentum
627 1669 688 1706 esse
714 1652 873 1708 Ciceronis.
920 1654 1004 1706 Hunc
1029 1655 1116 1718 euim,
1144 1653 1245 1723 paullo

96 1722 217 1776 liberius
235 1728 398 1775 vertentem
419 1728 514 1773 totum
532 1720 639 1786 locum,
657 1721 714 1775 hoc
733 1722 797 1776 loco
817 1724 966 1777 commode
984 1724 1152 1789 inseruisse,
1172 1740 1245 1793 quae

94 1791 195 1861 paullo
214 1792 346 1862 superius
363 1808 392 1859 p.
413 1794 457 1846 39.
476 1808 502 1844 0.
522 1790 558 1853 (c.
577 1793 635 1856 31.)
661 1792 771 1861 scripta
789 1799 871 1845 sunt:
906 1798 963 1851 τοῖς
980 1793 1011 1845 dl
1029 1791 1244 1861 ἀποψηφισαμέ-

96 1880 155 1921 rosc
173 1861 234 1926 (iis,
253 1860 302 1930 qui
318 1876 361 1912 me
386 1861 570 1924 absoluerunt,
592 1861 642 1930 qui
667 1861 736 1914 ibid.
764 1870 951 1931 opponuntur
974 1867 1029 1924 τοῖς
1051 1873 1245 1932 καταψηφισα-

96 1933 203 1999 μένοις)
221 1928 307 1998 ἡδέως
324 1929 362 1982 ἂν
380 1929 553 1997 διαλεχθείην
571 1926 640 1998 ὑπὲρ
658 1935 707 1983 τοῦ
725 1935 868 1998 γεγονότος
886 1933 996 1984 0000001
1012 1934 1178 2000 πράγματος.
1208 1932 1244 1989 in

94 2003 149 2056 Ed.
159 2001 195 2058 11.
213 2003 354 2070 scriptum
375 2007 417 2054 est
435 2000 483 2068 qui
500 2017 541 2052 me
559 2000 595 2053 ts·
600 2017 615 2052 0
633 2001 808 2066 absolvistis3
827 2001 858 2054 10
876 2018 933 2054 000
946 2001 995 2057 Ox.
1014 2010 1043 2055 et
1055 2000 1145 2055 liehd.
1164 2002 1245 2057 tinte-

95 2073 173 2126 rets's.
218 2072 300 2125 Male.
343 2070 442 2123 Parcit
477 2070 550 2123 aliua
575 2071 626 2124 Ox.
652 2089 718 2124 cum
749 2070 840 2124 liehd.
870 2070 942 2125 Edd.
971 2071 1053 2128 Junt.
1077 2075 1144 2125 Asc.
1170 2077 1196 2128 1.
1214 2075 1240 2129 t.

96 2146 166 2197 Ven.
184 2151 275 2196 nostr.
304 2142 382 2195 Cam.
398 2116 430 2192 1.
451 2140 484 2193 Α.
504 2141 533 2191 Β.
553 2138 582 2192 S.
600 2139 635 2192 E.
656 2141 687 2193 C.
717 2140 816 2195 Herw.
847 2141 906 2194 Nec
932 2141 999 2202 (duo
1023 2144 1118 2195 Monn.
1138 2137 1244 2210 neque)

94 2214 168 2267 enim
185 2227 334 2282 unquam
350 2211 420 2264 bono
438 2210 587 2277 quidquam
604 2210 682 2264 mali.
703 2209 777 2264 Gud.
797 2208 901 2264 habet:
930 2210 989 2263 Nec
1005 2227 1152 2280 unquam
1170 2211 1244 2265 enim

95 2283 223 2352 cuiquam
243 2284 313 2335 bono
340 2300 376 2333 m.
397 2300 422 2349 q.
446 2281 499 2332 Ed.
525 2281 561 2332 H.
588 2297 638 2335 nec
661 2281 736 2334 ent'm
760 2297 939 2351 nunquam.
983 2279 1128 2334 Scribitur
1154 2281 1243 2335 etiam

95 2354 242 2421 quicquam
270 2351 340 2404 mali
372 2353 404 2404 in
430 2350 502 2404 Cod.
523 2350 607 2403 Vind.
630 2355 659 2406 ·l.
681 2382 712 2394 -
754 2352 821 2404 Post
851 2351 911 2403 etus
937 2349 1024 2402 Marb.
1053 2351 1163 2404 omittit
1187 2367 1242 2409 res.

94 2425 195 2477 Paullo
214 2423 346 2503 superius
366 2421 433 2474 Cod.
454 2420 528 2495 Aug.
555 2437 597 2472 ne
621 2420 692 2474 uiuo.
730 2422 791 2475 Mr.

165 2495 192 2545 A
211 2493 270 2545 diss
289 2491 491 2544 immortalibus
508 2488 724 2579 negleguntur]
760 2490 809 2544 Sic
836 2490 1003 2566 legendum,
1020 2506 1079 2543 nou
1097 2488 1243 2559 negligen-

95 2572 158 2626 tur;
176 2562 252 2633 apud
271 2563 417 2615 Platonem
438 2561 515 2614 enim
536 2567 580 2614 est
598 2563 740 2627 αμελεῖται.
778 2560 813 2613 1).

165 2632 362 2700 negligenter]
399 2631 442 2682 lta
466 2629 553 2686 codd.
580 2638 609 2684 et
634 2630 707 2684 Edd.
728 2638 799 2684 vett.
827 2647 934 2686 omnes.
961 2631 1063 2702 Neque
1086 2647 1156 2686 vero
1181 2639 1244 2684 erat

95 2703 292 2759 emendatione
321 2718 403 2772 opus,
431 2717 602 2770 quamquam
627 2719 688 2754 eam
710 2701 845 2770 probavit
868 2700 959 2754 Bouh.
978 2709 1044 2773 post
1065 2700 1242 2767 Bentleium,

95 2781 326 2843 receperuntque
361 2770 444 2824 Schz.
472 2778 500 2823 et
529 2769 621 2824 Nobb.
656 2771 799 2824 nimirum
832 2778 866 2823 ut
895 2779 1007 2839 tempus
1034 2788 1100 2823 cum
1132 2771 1243 2824 Graeco

95 2842 231 2914 duriciam
249 2844 404 2912 conspiret.
442 2840 468 2892 E
526 2856 606 2906 vero,
632 2841 764 2924 quasnvis
784 2856 843 2894 non
862 2857 926 2893 oum
946 2841 1080 2894 Nissenio
1107 2838 1244 2906 bpslsisas

94 2930 147 2984 pro
174 2917 273 2967 tuturo
298 2912 407 2983 passivi
430 2909 466 2962 lm
488 2911 593 2962 endum
619 2910 755 2973 dixerim,
787 2909 874 2963 facile
897 2909 961 2963 fero
987 2912 1121 2963 futurum
1147 2910 1182 2964 de
1200 2927 1244 2972 re,

95 3002 167 3054 quae
185 3000 242 3036 000
261 2984 345 3035 modo
364 2997 510 3051 uunquam
529 2980 591 3042 fiet,
611 2980 661 3034 sed
679 2982 809 3034 nefasta
827 2979 944 3049 quidem
963 2996 1090 3049 unquam
1109 2987 1160 3033 est.
1181 2980 1244 3032 1100

94 3054 195 3125 probo,
215 3054 291 3122 quod
303 3055 338 3105 N.
359 3052 445 3115 dixit,
462 3049 567 3104 melius
582 3052 738 3105 convenire
757 3050 889 3101 buturum
907 3049 993 3103 verbo
1013 3051 1123 3103 euenire
1139 3051 1243 3115 potest,

94 3134 125 3179 et
143 3124 220 3193 quod
237 3121 390 3175 Riihnerus
410 3120 445 3173 ad
464 3139 491 3171 v.
519 3137 554 3172 un
574 3137 638 3173 uum
664 3120 810 3188 respicere
836 3117 923 3174 iubet.
962 3116 1099 3187 Sequitur
1124 3117 1156 3168 in
1174 3135 1243 3187 qua-

94 3203 163 3246 tuor
181 3194 251 3245 Oxx.
272 3200 300 3247 et
318 3195 393 3246 Mon.
412 3195 438 3247 2.
459 3207 498 3241 ne
516 3138 601 3242 mlii:
635 3206 745 3253 errore,
775 3187 851 3258 quod
876 3188 933 3240 iam
958 3206 1045 3257 supra
1071 3186 1182 3253 rnonui,
1207 3202 1244 3239 ex

94 3263 265 3332 compendio
285 3278 318 3313 nc
336 3269 410 3314 orto.
448 3260 509 3311 Hoc
527 3258 605 3312 abest
627 3278 643 3312 a
662 3258 729 3312 Cod.
751 3256 824 3311 Gud.
854 3265 882 3310 et
900 3273 956 3309 uno
975 3257 1025 3309 Ox.
1063 3259 1171 3309 Vocem
1190 3271 1243 3322 ego

95 3333 237 3386 omittunt
256 3331 325 3384 Cod.
344 3329 435 3382 Rehd.
453 3328 524 3381 Edd.
545 3327 580 3379 11.
601 3329 681 3383 Junt.
701 3329 730 3384 P.
750 3326 784 3379 Α.
803 3329 832 3380 Β.
853 3325 880 3378 S.
900 3327 935 3379 E.
956 3327 986 3380 C.
1007 3327 1044 3377 Μ.
1062 3327 1132 3378 Van·
1152 3333 1242 3378 nostr.

93 3405 160 3457 Asc.
181 3407 204 3456 l.
223 3394 251 3457 1.
272 3401 349 3454 Cam.
388 3400 423 3450 ln
442 3396 516 3451 Gud.
536 3401 562 3454 t.
582 3407 626 3453 est
643 3395 689 3451 bis
707 3415 768 3464 ego,
787 3399 819 3450 in
837 3396 911 3472 Aug.
933 3413 984 3464 ego
1004 3412 1037 3448 es
1055 3394 1121 3450 biis.
1140 3392 1242 3447 Edit.

94 3491 147 3540 ego
166 3471 246 3525 addit
264 3480 330 3540 post
348 3469 455 3538 quibus.
491 3468 582 3523 Verba
606 3474 752 3522 accusatas
775 3472 822 3519 aut
845 3483 863 3519 a
887 3466 988 3534 quibus
1012 3468 1115 3520 absunt
1132 3464 1166 3518 ab
1185 3479 1244 3518 000

95 3544 164 3599 Cod.
185 3545 233 3596 Ox.
272 3537 502 3596 1000111011.
528 3539 616 3594 verba
642 3543 788 3591 accusatus
816 3543 845 3589 et
871 3538 1065 3590 condemnatus
1082 3535 1244 3590 locaintst·

94 3633 125 3669 se
143 3621 357 3684 permutarunt.
393 3610 472 3664 ldem
492 3610 604 3663 omittit
621 3625 689 3662 sum.
726 3606 852 3661 Verbum
870 3622 931 3658 sum
949 3625 1015 3660 cum
1032 3607 1103 3660 Dav.
1123 3611 1152 3660 et
1168 3604 1244 3662 oliv,
1332 3666 1335 3671 ,

96 3686 213 3810 itti
231 3675 1146 3807 instetissentessets⁶⁶·1..⁰st.¹·t·.st·
1165 3677 1246 3797 itt
1335 3737 1337 3748 .

96 3773 340 3896 000111110001Ι
355 3791 413 3874 out.
451 3786 532 3874 11000
555 3768 719 3872 01.phabet
744 3789 904 3880 clamantum
936 3786 1021 3869 vind.
1043 3821 1067 3870 l.
1096 3784 1165 3883 quid
1183 3829 1244 3938 800
1334 3801 1337 3810 ’

96 3896 183 3962 quod:
214 3913 249 3948 ex
268 3911 422 3964 perperam
441 3891 517 3945 lecto
535 3888 715 3960 compendio.
742 3887 806 3944 Vid.
826 3886 996 3960 Heusinger.
1017 3886 1108 3938 Praei.
1129 3881 1164 3936 ad
1207 3883 1244 3940 10.

95 3966 131 4019 de
150 3963 202 4016 off.
221 3983 250 4035 p.
271 3965 319 4017 LI.
355 3964 416 4017 Mr.
958 4005 965 4019 ,

165 4036 273 4088 Nee-
293 4033 379 4087 babeo
398 4033 470 4102 quod
487 4029 673 4096 succenseam]
703 4029 748 4082 Ad
767 4027 938 4082 seutentiam
957 4025 1127 4081 Beroaldus:
1147 4024 1245 4092 „Hinc

96 4113 242 4175 sumptum
263 4113 306 4158 est
325 4103 401 4156 illud
420 4102 539 4155 Satirici
557 4108 659 4170 poetae
684 4097 826 4163 [Iuvenal.
847 4097 924 4149 xltl.
946 4098 1018 4165 teo]

262 4174 318 4229 Qui
333 4177 443 4242 purtem
460 4178 589 4238 acceptae
612 4185 696 4224 saeua
719 4169 794 4221 inter
811 4166 905 4221 vincla
923 4167 1030 4223 0100100

259 4243 433 4297 Accusators'
458 4242 544 4295 nollet
566 4242 643 4294 dare.

93 4318 260 4370 Succensere
278 4322 373 4367 autem
393 4312 543 4387 significat
562 4311 648 4364 irasci
672 4313 747 4364 iusta
766 4311 801 4364 de
820 4327 911 4363 causa.
948 4310 1053 4365 Silius:
1085 4322 1246 4363 succensere

93 4390 175 4453 nefus
190 4385 313 4455 patriae.
336 4416 368 4426 -
405 4383 439 4436 ln
459 4379 530 4436 Gnd.
554 4386 576 4439 l·
608 4380 746 4435 scribitur
764 4395 947 4435 suscenseam.
985 4381 1044 4436 Mn.
