2828 5070
518 308 645 373 LIBER
665 307 694 389 1,
714 309 766 375 44.
1158 316 1222 382 365

64 472 185 536 fundat
216 472 258 536 ad
286 473 429 555 tibiam.)
472 472 667 538 Tenendum
696 485 747 539 est
768 477 886 563 igitur,
914 477 1001 540 nihil
1032 479 1220 544 curandum

65 577 138 619 esse
156 567 237 646 post
257 565 411 635 mortem,
434 578 534 638 quum
555 560 655 622 multi
675 560 830 621 inimicos
851 562 954 623 etiam
968 571 1120 625 mortuos
1142 584 1221 646 pos-

64 643 213 702 niautur.
256 640 459 702 Exsecratur
480 642 658 703 luculentis
685 662 763 706 sane
784 643 939 706 versibus
968 644 1057 727 apud
1077 645 1220 710 Ennium

63 826 96 875 in
115 841 178 877 eam
197 825 330 886 formam,
349 841 405 892 qua
423 824 523 877 Cicero
544 841 589 878 eos
614 826 718 900 legisse
737 828 862 893 videtur,
890 846 923 884 re
946 848 1014 884 vera
1039 841 1106 886 sunt
1129 839 1218 901 septe·

63 895 154 960 narii,
174 894 204 945 id
222 903 264 946 est
282 895 424 946 trochaici
442 896 606 948 tetrametri
625 898 799 965 catalectici,
820 901 870 969 qui
888 900 1109 956 habentnomen
1127 913 1220 974 septe·

64 968 213 1020 uariorum
231 984 248 1017 a
266 983 385 1029 numero
404 966 519 1034 pedum,
548 967 649 1036 quiin
672 969 707 1021 iis
726 980 792 1023 sunt
819 971 943 1046 integri:
970 991 1026 1042 qua
1053 975 1087 1027 de
1107 991 1139 1026 re
1158 975 1216 1028 vid.

64 1039 100 1090 G.
117 1037 276 1090 Hermanni
294 1037 445 1088 Elementa
462 1037 617 1090 Doctrinae
643 1041 779 1094 metricae
807 1059 834 1111 p.
855 1045 890 1099 86
908 1061 949 1113 sq.
976 1043 1046 1096 Add.
1067 1044 1216 1119 Spalding.

62 1110 98 1161 ad
117 1108 303 1174 Quinctilian.
325 1109 393 1159 lust.
415 1108 476 1160 Orr.
499 1109 545 1161 lli.
566 1112 591 1163 4.
614 1112 655 1164 72.
676 1130 704 1181 p.
724 1115 785 1168 579.
806 1114 843 1164 cf.
864 1113 951 1165 etiam
969 1115 1120 1168 Mencken.
1141 1116 1215 1169 Obss.

63 1182 95 1233 L.
116 1181 148 1232 L.
170 1197 196 1247 p·
217 1181 276 1234 903.
315 1179 442 1231 Fundere
461 1179 595 1232 Ciceroni
614 1181 648 1233 de
666 1183 794 1235 versibus
811 1184 1078 1253 frequentissimum
1097 1195 1153 1238 est:
1174 1187 1217 1240 ita

62 1268 150 1320 supra
176 1266 199 1300 c.
221 1251 263 1304 26.
293 1267 354 1319 pre.
382 1250 456 1301 dixit
481 1263 572 1317 graue
594 1252 755 1323 plenumque
782 1270 895 1308 carmen
915 1287 946 1297 -
965 1247 1090 1322 fundere.
1112 1283 1145 1293 -
1181 1258 1216 1309 ln

63 1339 142 1391 seqq.
155 1320 220 1374 God.
232 1319 306 1394 Aug.
327 1321 438 1371 omittit
456 1323 615 1375 curandum.
637 1325 724 1376 Mirus
742 1343 810 1379 vero
830 1335 858 1379 et
875 1343 945 1381 vere
963 1327 1102 1381 ridiculos
1121 1337 1214 1398 septe-

63 1393 158 1444 narios
177 1392 338 1444 construxit
357 1393 468 1443 Nissen.
488 1393 508 1442 l.
529 1411 552 1446 c.
576 1412 602 1463 p.
623 1397 666 1449 95.
688 1397 729 1449 ita
746 1397 887 1451 scribens:

311 1462 373 1514 Heu
392 1463 542 1531 relliquiae
560 1465 673 1517 snuiesi

310 1533 410 1602 Regis,
436 1535 583 1587 denudatis
602 1537 720 1602 ossibus,

309 1605 401 1673 Supra
420 1610 525 1659 terram
550 1608 685 1660 delibutos

309 1676 398 1730 Senis
415 1677 495 1742 foede
514 1678 684 1735 diuexorier.
1116 1685 1177 1738 Mr.

132 1746 222 1801 Multi
245 1747 374 1801 inimicos
401 1749 487 1801 etiam
509 1756 636 1803 mortuos
657 1748 850 1819 poeniuntur]
886 1749 1086 1816 „Poeniuntur
1108 1754 1215 1809 habent

60 1820 131 1871 libri
159 1829 281 1883 veteres,
309 1829 336 1872 et
362 1821 402 1871 ita
425 1819 587 1894 legendum.
625 1821 796 1874 Poeniuutur
823 1830 928 1886 autem,
956 1823 1056 1889 idest,
1082 1825 1214 1894 ptsniuui,

61 1909 112 1942 seu
128 1890 282 1957 puniuntur
299 1888 504 1960 ivtpyqrcauiff‘
521 1889 646 1945 Lomdin.
673 1893 760 1957 „Vid
781 1895 856 1945 Voss.
883 1893 1003 1969 Analog.
1023 1898 1049 1950 3.
1069 1900 1094 1951 5.
1120 1914 1147 1966 p.
1168 1900 1212 1952 21.

62 1961 98 2013 de
116 1962 233 2030 passivis
251 1961 344 2014 active
363 1963 496 2031 acceptis,
526 1973 554 2015 et
573 1965 609 2016 cf.
630 1964 758 2017 Nonium
779 1968 804 2028 7,
823 1968 865 2019 27.
886 1982 914 2034 p.
942 1967 1060 2018 Mecerii
1087 1970 1148 2031 471,
1167 1969 1210 2023 26.

62 2041 92 2084 ct
113 2037 137 2096 t,
156 2036 199 2088 97.
219 2052 247 2102 p.
268 2036 328 2088 479.
349 2034 414 2088 29.“
433 2034 527 2088 Klein.
565 2036 672 2087 Laudat
691 2035 801 2087 Nonius
821 2036 852 2087 in
867 2036 1021 2102 puniuntur
1040 2046 1069 2090 et
1084 2037 1210 2105 punitur.

62 2105 126 2155 Huc
146 2105 217 2155 facit
236 2104 380 2174 Cambysis
398 2106 518 2170 facinus,
548 2106 623 2176 quod
640 2114 780 2159 memorat
800 2107 957 2159 Herodotus
975 2108 1025 2160 lib.
1047 2109 1099 2161 111.
1120 2126 1145 2161 c.
1167 2112 1209 2165 16.

61 2176 133 2228 Vide
158 2183 186 2228 et
211 2176 260 2226 lib.
282 2177 328 2228 lx.
359 2194 383 2227 c.
405 2179 447 2232 78.
484 2177 525 2228 De
552 2195 639 2247 prava
661 2192 732 2229 vero
759 2176 813 2230 hac
840 2179 1045 2230 consuetudine
1076 2179 1104 2231 le
1126 2189 1212 2234 antur

60 2248 140 2299 Plato
159 2248 192 2298 de
211 2248 279 2316 liep.
301 2247 350 2298 lib.
372 2249 405 2297 V.
430 2266 458 2318 p.
480 2251 539 2303 376.
577 2248 747 2300 Aristoteles
771 2248 853 2301 Rhet.
883 2249 932 2300 lib.
954 2250 990 2301 11.
1012 2266 1072 2318 cap.
1094 2197 1145 2314 111,
1165 2253 1209 2306 22.

60 2318 201 2371 Diodorus
225 2318 339 2370 Siculus
363 2319 499 2387 Excerpt.
520 2319 611 2370 Vales.
630 2338 658 2389 p.
679 2321 739 2373 282.
768 2327 797 2371 et
816 2318 949 2371 Stobaeus
974 2319 1065 2373 Serm.
1087 2321 1208 2373 CXXIV.

59 2390 96 2444 D.
136 2389 179 2455 [T.
201 2390 252 2442 111.
272 2408 299 2459 p.
322 2393 381 2443 501.
404 2391 444 2440 ed.
467 2387 570 2453 Gaui]

132 2475 215 2530 quum
238 2459 319 2512 stulti
343 2459 472 2512 iuimicus
498 2488 528 2497 -
552 2459 784 2528 poeniuntur]
829 2460 1052 2514 Coniunctivum
1082 2463 1210 2528 restitui,

59 2549 232 2602 quamquam
250 2533 381 2606 graviter
399 2532 569 2601 obloquente
587 2532 661 2594 viro,
681 2532 728 2583 cui
747 2533 778 2583 in
796 2532 841 2583 his
868 2532 950 2586 rebus
975 2535 1123 2603 ceteroqui
1145 2535 1212 2604 plu·

59 2604 166 2654 rimum
186 2603 289 2656 tribuo.
328 2602 399 2654 lllihi
428 2619 493 2653 cum
512 2602 673 2657 FAWolfio
701 2611 729 2655 et
744 2603 1033 2673 lliihnero'itcmque
1058 2622 1125 2656 cum
1143 2607 1211 2658 Nis-

58 2677 137 2726 senio
156 2690 237 2742 quum
256 2674 364 2724 dictum
383 2674 499 2725 videtur
516 2689 568 2743 pro
587 2673 721 2739 quamvis.
759 2676 811 2738 lta,
831 2691 922 2743 neque
940 2675 1135 2742 antecedente,
1160 2693 1211 2730 ne·

59 2763 114 2815 que
134 2748 320 2814 subsequente
340 2751 441 2808 tanuen,
462 2753 502 2796 est
521 2745 594 2813 apud
612 2744 696 2797 Corn.
716 2746 788 2815 Nep.
811 2749 851 2800 19.
874 2751 902 2800 l:
931 2743 1053 2799 Phocion
1071 2746 1127 2812 suit
1144 2764 1210 2816 per·

55 2823 139 2884 petuo
155 2834 272 2885 pauper,
293 2830 392 2882 quum
411 2815 600 2868 divitissimus
619 2832 679 2868 esse
695 2821 825 2884 posset.
863 2817 902 2868 Et
923 2817 1030 2870 habent
1048 2819 1210 2872 coniuncti·

58 2906 127 2939 vum
156 2891 210 2941 duo
235 2888 304 2939 Oxx.
331 2888 396 2940 Cod.
421 2888 558 2958 Gryphii,
589 2890 662 2940 lllon.
690 2892 713 2942 l.
741 2897 864 2958 quatuor
890 2888 1045 2953 Gebhardi,
1077 2890 1160 2942 Vind.
1183 2895 1207 2945 l.

56 2959 141 3011 Bern.
162 2960 258 3011 Duisb.
281 2959 339 3023 (sed
358 2958 407 3010 hic
426 2961 519 3010 forma
537 2959 640 3023 activa)
660 2959 730 3011 Edd.
751 2960 815 3011 Ald.
836 2959 931 3010 hamb.
953 2961 1001 3011 Fr.
1016 2960 1097 3012 Febr.
1119 2962 1207 3014 Goth.

57 3032 141 3084 Leod.
168 3033 246 3083 Brut.
277 3033 357 3083 Boul.
379 3031 500 3084 HWoll.
526 3030 606 3100 sylb.
627 3031 711 3082 Grut.
736 3030 820 3082 Verb.
849 3030 919 3082 Ern.
949 3030 1092 3085 Fuwolf.
1121 3032 1206 3085 Schz.

57 3104 145 3155 Nobb.
167 3103 388 3154 Coniunctivum
407 3099 504 3152 Activi
523 3110 672 3171 praeterea
690 3100 797 3153 habent
815 3101 885 3152 Edd.
906 3104 974 3153 Ven.
998 3105 1021 3155 1.
1042 3103 1066 3154 2.
1088 3103 1160 3154 Med.
1182 3106 1207 3157 l.

56 3176 81 3228 2.
103 3177 183 3224 Junt.
204 3172 285 3223 Scur.
306 3173 370 3223 Ald.
391 3172 512 3235 Reiskii,
532 3182 644 3225 nostrae
663 3174 732 3223 Ven.
760 3171 822 3222 Asc.
846 3176 868 3225 1.
889 3174 914 3225 2.
941 3171 1016 3223 cam.
1043 3171 1151 3224 sturm.
1176 3174 1205 3225 P.

54 3244 88 3295 A.
109 3244 139 3293 Β.
160 3244 193 3293 Ε.
216 3243 245 3292 C.
266 3243 353 3293 Herv.
374 3244 408 3291 111.
429 3243 545 3310 Reliqui
567 3243 696 3310 puniunt.
733 3241 890 3311 Antiquam
917 3242 1104 3311 scriptionem
1125 3259 1207 3311 poen.

54 3315 159 3366 habeut
181 3311 264 3364 Codd.
286 3314 354 3387 Reg.
376 3312 449 3363 Gud.
471 3318 494 3366 l.
515 3315 540 3366 2.
561 3314 622 3376 (hic
640 3314 751 3366 omittit
770 3313 855 3366 etiam
873 3313 1008 3377 mortuos)
1026 3313 1206 3368 Eddnamb.

55 3385 213 3450 (extribus
233 3383 330 3448 Codd.)
350 3384 417 3434 Dav.
440 3400 514 3434 recc.
552 3383 618 3437 Sola
636 3385 688 3436 Ed.
710 3386 744 3435 ll.
766 3383 882 3436 exhibet
905 3384 1059 3451 s'epelliunt.
1086 3387 1160 3438 Mon.
1182 3389 1207 3441 1.

55 3458 167 3510 omittit
186 3455 280 3520 etiem,
300 3473 366 3506 cum
385 3454 491 3506 duobus
510 3455 580 3507 Oxx.
601 3455 687 3507 lllarb.
708 3455 793 3508 habet
812 3453 930 3510 inimici.
951 3455 996 3507 Or.
1014 3455 1208 3509 indicativum

56 3529 97 3581 ita
117 3529 242 3597 explicat
263 3536 291 3578 et
310 3525 453 3578 defendit:
474 3533 564 3591 „tum
583 3544 671 3595 quum
688 3527 778 3592 vides,
797 3526 940 3578 ultionem
952 3526 1059 3578 multos
1072 3544 1208 3582 exercere

54 3601 86 3650 in
111 3600 241 3651 inimicos
268 3599 355 3650 etiam
378 3606 514 3660 mortuos,
541 3606 573 3649 tu
602 3596 631 3648 id
658 3614 759 3649 curare
784 3596 854 3661 noli,
880 3605 929 3649 aut
948 3598 1145 3664 reformidare,
1170 3617 1207 3653 ns

56 3670 133 3721 idem
153 3673 183 3720 in
203 3680 231 3722 te
250 3670 402 3741 aliquando
420 3671 539 3721 fortasse
558 3669 622 3720 fiat:
643 3669 701 3721 imo
718 3686 885 3738 persuasum
904 3668 958 3720 tibi
977 3669 1024 3735 sit,
1043 3670 1088 3721 nil
1106 3687 1209 3722 curan-

55 3740 124 3790 dum
151 3758 208 3791 esse
232 3751 294 3810 post
319 3740 475 3793 mortem.“
511 3740 585 3805 Quae
613 3757 787 3809 quamquam
816 3740 894 3793 hand
925 3739 1026 3793 absona
1059 3741 1207 3807 videntur,

54 3810 181 3861 nondum
198 3820 294 3863 tamen
313 3813 387 3863 mihi
405 3811 576 3882 persuadere
594 3828 717 3881 possum,
747 3811 833 3863 aliam
852 3828 910 3864 esse
928 3810 1075 3864 Ciceronis
1094 3821 1208 3864 senten-

53 3882 135 3943 tiam,
156 3898 242 3949 quam
259 3882 348 3934 hanc:
369 3881 511 3951 quidquid
529 3882 623 3957 igitur
639 3882 687 3934 vel
706 3882 862 3952 antiquitas
880 3881 1048 3947 crediderit,
1075 3883 1123 3935 vel
1142 3899 1209 3954 poe-

52 3962 98 4004 tae
117 3953 293 4016 fabulentur,
320 3954 368 4005 vel
386 3953 471 4005 hodie
491 3954 578 4004 etiam
596 3953 730 4006 nonnulli
749 3954 901 4016 somnient,
930 3952 980 4022 qui
1008 3953 1141 4006 inimicos
1157 3955 1208 4009 vel

51 4034 182 4076 mortuos
212 4026 316 4093 punire
340 4041 369 4075 se
395 4041 475 4093 posse
502 4024 683 4088 existiment,
722 4023 796 4076 illud
819 4023 975 4076 tenendum
1008 4025 1096 4077 etiam
1120 4033 1208 4096 atque

52 4096 139 4148 etiam
158 4103 210 4159 est,
231 4095 307 4145 nihil
326 4095 484 4146 curandum
503 4113 560 4147 esse
578 4103 641 4164 post
660 4104 791 4147 mortem.
830 4095 965 4147 Cetemm
982 4095 1040 4147 vid.
1061 4096 1095 4149 de
1112 4099 1207 4150 somna

48 4184 131 4235 poen.
151 4168 221 4218 Ern.
243 4166 321 4218 Clav.
342 4166 401 4217 Cic.
421 4184 448 4216 v.
468 4165 578 4233 punire.
603 4166 673 4217 Dav.
694 4166 729 4217 ad
747 4166 807 4218 Cic.
828 4165 863 4218 de
881 4167 971 4288 [ρᾶς.
992 4166 1044 4220 111.
1057 4169 1083 4222 4.
1103 4186 1131 4238 p.
1142 4170 1204 4223 392.

51 4239 94 4289 ed.
115 4245 202 4289 nostr.
225 4238 359 4303 Garatom
380 4238 414 4288 ad
432 4237 492 4288 Cic.
513 4253 566 4306 pro
585 4237 646 4288 Mil.
688 4273 694 4286 .
717 4239 774 4292 179.
796 4237 839 4290 ed.
861 4238 915 4290 Ore
943 4276 949 4288 .
1019 4239 1030 4289 i
1058 4239 1129 4291 item
1155 4254 1207 4290 no·

50 4318 111 4360 stro
136 4308 201 4359 loco
228 4308 454 4360 Coniunctivum
480 4308 628 4376 praetulit.
698 4309 827 4360 sionna
854 4307 964 4376 passiva
979 4255 1138 4380 huiusque.
1170 4307 1205 4359 ad

51 4380 105 4431 Sil.
127 4381 190 4431 ltal.
211 4397 238 4447 p.
259 4382 320 4436 495.
344 4379 373 4429 Α.
395 4378 532 4430 Matthiae
552 4379 587 4430 ad
605 4378 664 4430 cic.
684 4394 737 4446 pro
756 4379 816 4431 lllil.
839 4382 879 4434 13.
893 4398 927 4449 p.
947 4382 1008 4435 2³⁰.
1045 4382 1108 4434 Mr.

121 4450 296 4504 desecentur
320 4448 486 4504 luculentia:
499 4465 567 4504 saue
594 4448 730 4516 versibus]
772 4448 840 4504 Cod.
867 4453 941 4505 blon-
971 4454 995 4507 1.
1029 4453 1202 4504 castrantur.
