2828 5070
88 4270 91 4277 .
201 4216 298 4275 Dnisb.
318 4219 404 4272 habet
421 4219 512 4286 igitur
530 4219 650 4290 quidem.
686 4218 794 4272 Laudat
811 4216 890 4269 hunc
907 4216 1004 4268 locum
1022 4217 1163 4270 Goerenc.
1184 4218 1219 4271 cd

203 306 269 375 ns
403 303 635 402 crcmoms
655 303 903 373 rosconm.
924 306 1157 373 nisrurnr.

203 471 254 536 M.
277 469 360 533 Meli
382 491 465 533 vero
486 471 566 554 quid
586 475 687 534 affert
706 473 771 533 ists
796 471 979 534 sententis!
1019 474 1082 535 Fac
1105 474 1194 535 enim
1214 475 1264 536 sic
1284 477 1360 537 uni-

202 574 295 617 mum
315 557 459 617 interire
479 565 519 616 ut
539 575 681 636 corpus:
701 575 782 616 num
802 557 912 640 igitur
931 558 1051 636 aliquis
1072 555 1182 634 dolor,
1204 565 1264 618 out
1285 577 1361 619 om-

203 641 285 698 nino
305 645 382 719 post
402 646 545 699 mortem
566 657 683 699 sensus
702 640 739 698 in
759 657 904 719 corpore
925 637 991 699 esti
1033 637 1142 701 Nemo
1163 639 1198 700 id
1220 637 1361 719 quidum

204 719 304 781 dicit:
336 721 400 780 etsi
419 720 650 783 Democritum
672 721 844 782 insimulat
863 721 1044 802 Epicurus:
1071 721 1273 783 Democritii
1300 742 1360 786 nc-

161 846 165 855 .
202 811 293 888 gant
342 803 397 864 Ne
423 805 459 863 in
486 806 598 864 animo
624 801 760 884 quidem
795 805 903 888 igitur
929 823 1044 864 sensus
1073 813 1240 866 remanet:
1282 805 1359 887 ipsc

273 990 331 1043 Fac
348 990 422 1042 enim
439 989 484 1042 cic
501 989 625 1042 omnum
641 989 772 1056 interire]
800 991 893 1061 ,Enim
911 992 988 1045 sbest
1005 991 1038 1043 ab
1056 992 1127 1044 fflt.
1146 990 1194 1043 Fr.
1213 992 1299 1044 Febr.
1318 994 1358 1046 F.

201 1063 239 1114 11.
259 1062 292 1113 1..
311 1063 392 1114 Junt.
412 1061 455 1124 (in
473 1060 528 1113 hnc
546 1062 625 1113 deest
643 1065 731 1115 etium
748 1063 801 1128 ric)
828 1063 861 1112 A.
880 1063 912 1113 B.
932 1063 960 1115 S.
979 1063 1011 1114 D.
1039 1063 1104 1125 (hae
1123 1064 1194 1116 item
1218 1071 1252 1114 ut
1270 1065 1357 1117 Junt.

202 1149 269 1184 cum
287 1134 357 1186 Ven.
377 1140 466 1183 nostr.
485 1132 563 1184 cnm.
583 1132 648 1184 Asc.
667 1136 707 1198 2)
725 1133 788 1185 Car.
808 1133 907 1204 Steph.
928 1135 1024 1185 lamb.
1052 1134 1139 1186 Goth.
1167 1132 1249 1186 Boul.
1271 1134 1356 1205 sylb.

203 1203 324 1258 nwolr.
345 1203 409 1254 Alo.
429 1202 537 1255 sturm
557 1202 621 1255 Asc.
642 1208 667 1258 l.
685 1205 766 1256 Brut.
803 1205 863 1257 Hae
881 1221 979 1257 omnes
1004 1204 1111 1257 habent
1133 1213 1284 1275 praeterea
1308 1207 1360 1257 in-

200 1290 285 1327 verso
303 1274 403 1328 ordine
421 1273 543 1325 animum
559 1274 613 1337 ric,
631 1283 665 1326 ut
682 1275 766 1327 codo
786 1277 861 1327 Mon.
884 1280 906 1329 1.
926 1277 953 1329 3.
973 1275 1062 1327 Rehd.
1083 1276 1156 1350 Aug.
1174 1276 1245 1327 Eds.
1263 1277 1355 1330 hecel.

202 1345 270 1398 nob.
290 1344 390 1416 steph.
410 1346 440 1397 P.
459 1347 492 1394 V.
530 1345 565 1396 ln
582 1345 666 1396 Vinii
689 1350 712 1400 l.
731 1346 844 1420 legitur
861 1346 983 1398 anim
1001 1346 1122 1400 interire
1140 1347 1190 1399 cic.
1214 1348 1269 1399 Pro
1287 1363 1357 1401 m

202 1433 275 1466 unus
294 1418 343 1469 Ox.
363 1423 393 1468 et
410 1432 484 1466 unns
502 1415 560 1466 1²11.
578 1431 661 1483 nuuc,
681 1418 757 1486 qnod
772 1416 903 1486 placebit
921 1416 1086 1470 Gebhardo:
1105 1416 1178 1470 clius
1195 1418 1245 1471 0¹.
1265 1417 1357 1472 hebet

201 1502 263 1538 non.
301 1488 361 1538 Mc.

272 1555 415 1626 aliquis
433 1556 526 1623 dolor]
563 1559 608 1610 lta
623 1557 696 1609 libri
713 1573 823 1611 omnes:
843 1575 938 1629 neque
956 1546 1013 1634 ego
1028 1560 1140 1630 aliquid
1157 1568 1244 1612 muto.
1270 1561 1353 1616 illud

201 1643 313 1692 moneo,
339 1643 396 1680 non
420 1637 550 1681 constare
576 1629 631 1680 sibi
655 1646 749 1698 neque
774 1629 864 1681 libros
890 1647 983 1698 neque
1001 1631 1126 1685 editores
1152 1631 1184 1682 in
1200 1630 1353 1685 scribendo

202 1698 256 1751 illo
274 1700 458 1770 pronomine:
478 1699 579 1751 dicunt
597 1700 675 1751 enim
694 1700 802 1770 aliquis
819 1700 1000 1752 scribendum
1020 1719 1089 1768 esse,
1112 1710 1146 1753 ut
1164 1711 1260 1754 certus
1285 1704 1356 1772 qui-

202 1769 268 1822 dam
285 1770 496 1835 subindicetur3
515 1771 605 1840 ntiqui
621 1770 722 1847 vegius
739 1771 818 1841 poni,
838 1789 928 1840 quum
945 1773 1080 1842 scriptor,
1099 1773 1175 1843 quod
1191 1774 1353 1827 volrevera

202 1843 321 1906 nesciat,
346 1843 394 1895 vei
418 1842 494 1912 quod
517 1843 591 1894 nolit
609 1842 778 1918 diligentius
796 1852 907 1906 notare,
931 1843 1086 1918 significet.
1123 1844 1194 1896 Ern.
1221 1860 1292 1896 vero
1316 1846 1354 1900 ad

203 1913 263 1966 cic.
283 1914 318 1965 cd
335 1914 443 1965 Famm.
463 1913 526 1965 vn.
539 1917 562 1967 l.
590 1913 737 1966 Ciceronis
754 1921 846 1966 aetate
864 1931 923 1966 non
940 1914 1066 1967 scribere
1087 1915 1185 1967 solitos
1202 1931 1261 1968 esse
1279 1917 1354 1968 scri-

223 1993 299 2036 toree
322 1985 460 2036 Romanos
482 1983 579 2050 aliqui.
617 1983 673 2036 Sed
699 1983 757 2035 vid.
785 1993 912 2036 nostram
945 1985 1061 2037 eundem
1084 1986 1258 2039 locutionem
1285 1987 1352 2040 loco

201 2002 248 2177 ii
249 2071 313 2178 ⁹1⁶⁰
314 2055 396 2178 “ii’
405 2054 470 2194 pi..
481 2054 682 2179 titini
695 2053 978 2194 rgfflegppg
998 2056 1354 2195 itit.t‘¹'tti..{¹¹‘t·

243 2162 249 2173 .
307 2163 313 2175 .
371 2162 377 2174 .
1124 2163 1133 2192 ,
1334 2167 1349 2191 ¹.

202 2196 246 2249 31.
265 2197 309 2250 63.
335 2195 400 2247 Vid.
419 2195 454 2248 de
472 2212 505 2247 en
523 2214 555 2248 re
574 2195 628 2247 Ed.
649 2195 747 2249 Germ.
767 2197 927 2249 Porcellini
946 2216 974 2249 v.
993 2198 1091 2265 ntiqui,
1112 2214 1162 2250 nos
1180 2199 1216 2252 ad
1233 2199 1294 2252 cte.
1314 2200 1351 2253 dc

201 2267 271 2351 Rep.
291 2267 314 2319 1.
339 2267 383 2322 44.
406 2283 435 2336 Ρ.
457 2269 516 2322 lto.
544 2267 597 2319 111.
626 2269 668 2322 16.
696 2285 725 2337 Ρ.
744 2270 805 2322 373.
832 2267 904 2319 Add.
924 2268 1087 2322 Frotscher.
1107 2269 1183 2323 obss.
1202 2270 1290 2323 crite.
1318 2271 1352 2324 in

202 2336 316 2404 Quinct.
335 2356 364 2409 Ρ.
384 2340 429 2393 tt.
455 2337 556 2392 Jehnii
574 2337 688 2391 Annnll.
708 2338 824 2390 Philoll.
845 2340 924 2393 1839.
944 2339 1156 2410 nipast.
1192 2341 1251 2395 Mr.

271 2428 357 2481 Nemo
375 2426 408 2481 id
425 2427 538 2498 quidem
554 2426 646 2494 dicit]
681 2425 767 2479 codd.
787 2425 860 2477 oud.
880 2425 964 2479 Vind.
984 2429 1010 2481 2.
1036 2428 1089 2480 nn
1110 2430 1145 2481 11.
1171 2430 1282 2499 quidem
1308 2430 1349 2484 id.

201 2502 256 2553 Pro
275 2501 331 2553 etri
348 2501 479 2568 sequitur
497 2500 580 2568 quusi
596 2501 627 2550 in
646 2497 712 2552 cod.
733 2496 779 2560 G.‚
805 2495 872 2564 quio
889 2496 918 2548 ci
935 2498 967 2549 in
984 2498 1081 2550 Duisb.
1100 2516 1158 2553 nno
1176 2501 1227 2554 (tx.
1248 2510 1277 2555 et
1295 2502 1349 2556 nc

201 2573 255 2634 H.;
273 2571 346 2621 alius
365 2571 414 2621 01.
434 2569 520 2622 habet
541 2575 570 2623 et
587 2572 637 2623 cic.
675 2566 764 2624 Quasi
780 2567 829 2618 vel
848 2567 916 2636 quin
934 2568 963 2620 ci
979 2586 1038 2621 esse
1056 2571 1130 2624 dicit
1148 2573 1236 2624 etiam
1255 2573 1348 2626 Geth.

202 2641 234 2692 in
253 2641 359 2691 dnobus
377 2640 447 2691 Pall.
484 2640 528 2691 Ad
546 2642 632 2693 verba
649 2639 841 2692 Democritum
858 2638 1005 2692 insimulat
1022 2640 1163 2709 Epium
1170 2643 1351 2697 Cemenrim

201 2712 234 2763 in
253 2727 368 2762 comm:
389 2710 495 2775 „Quod
512 2711 554 2762 ait
572 2712 674 2764 Cicero
692 2711 725 2761 ab
742 2709 870 2779 Epicuro
887 2711 1088 2764 Democritum
1104 2716 1242 2780 accusari,
1269 2715 1350 2784 quasi

201 2782 348 2834 tribuisset
366 2781 483 2850 corpori
500 2799 614 2833 sensum
631 2781 759 2851 uliquem
777 2788 840 2850 post
858 2791 996 2834 mortem:
1024 2799 1061 2835 ex
1078 2800 1112 2836 co
1130 2785 1197 2839 duci
1223 2786 1350 2852 videtur,

202 2853 278 2924 quod
294 2852 475 2903 Democritus
492 2853 653 2922 primordia
669 2851 850 2927 singularum
868 2853 995 2920 partium
1014 2853 1048 2905 in
1064 2871 1185 2925 corpore
1202 2872 1271 2908 cum
1287 2858 1351 2909 cni·

201 2941 265 2985 me
282 2922 436 2993 principiis
463 2923 643 2976 coniunxisse
666 2933 753 2992 etque
774 2923 953 2992 pertenuisse
970 2924 1166 2994 perhibentur,
1192 2927 1269 2979 unde
1296 2928 1350 2981 ille

200 3014 268 3049 usus
293 2994 391 3046 varius
422 3002 507 3062 atque
534 2993 661 3047 diversus
686 2993 882 3046 membrorum
908 2994 1054 3048 existeret.
1093 2994 1126 3048 Si
1154 2997 1249 3070 igitur
1272 3013 1296 3048 e.
1311 3016 1346 3120 ἔ.

201 3069 296 3122 animo
322 3081 430 3118 annexa
458 3064 649 3134 peculiariter
665 3073 708 3118 est
726 3065 833 3128 monui,
860 3081 985 3133 cumque
1010 3066 1063 3119 ini
1082 3066 1168 3118 etium
1193 3066 1309 3126 recisa.
1330 3084 1347 3120 e

200 3139 298 3194 cubito
315 3137 452 3208 trepidet,
477 3153 600 3205 cumque
647 3137 654 3148 “
678 3136 726 3187 ‘tis
744 3135 851 3186 micare
877 3145 1022 3201 cernatur,
1044 3137 1152 3190 sentire
1176 3145 1241 3189 tum
1258 3137 1348 3191 etism

200 3229 259 3265 non
277 3209 349 3263 falso
367 3211 487 3261 fortasse
506 3208 626 3260 dicatur.
687 3223 840 3275 nimquam
860 3205 938 3258 nihil
964 3215 1006 3260 est
1030 3225 1143 3262 necesse
1165 3208 1258 3261 motui
1285 3227 1349 3261 sen-

200 3302 266 3338 sum
281 3277 470 3334 attribuere.“
506 3279 567 3331 Mr.

272 3354 339 3423 Gap.
359 3354 403 3407 34.
439 3347 623 3402 Democritici
639 3347 754 3416 negant]
791 3347 826 3399 ln
842 3348 954 3400 Eliensi
972 3366 1027 3402 sec.
1046 3350 1168 3425 legitur,
1186 3350 1284 3404 rtatim
1292 3351 1349 3404 Dc-

200 3423 342 3479 mocritici
359 3425 479 3488 πεμπάς
498 3421 547 3473 sed
565 3421 589 3472 is
598 3420 694 3472 Codex
705 3417 792 3469 nimis
804 3428 846 3471 est
864 3419 1064 3489 interpolatus,
1076 3440 1164 3490 quam
1175 3431 1209 3474 ut
1218 3422 1273 3474 soli
1286 3431 1350 3474 tuto

202 3497 343 3549 credatur.
381 3492 516 3560 Respexit
533 3499 639 3553 autem,
666 3489 722 3541 nisi
739 3488 838 3552 fallor,
857 3491 1000 3560 Epicurus
1022 3492 1057 3543 cd
1078 3492 1268 3546 reviviscendi
1283 3509 1350 3562 pro·

201 3567 317 3618 mirram
342 3561 503 3615 Democrito
525 3561 696 3624 vanitatem
731 3559 765 3613 de
792 3578 849 3628 qua
872 3561 982 3613 Plinius
1006 3563 1042 3613 11
1061 3563 1099 3615 Ν.
1123 3562 1175 3615 lib.
1195 3565 1259 3617 vu.
1287 3581 1348 3634 cap.

200 3639 244 3693 ⁶⁵⁸
272 3635 452 3770 gimocrttii]
489 3704 532 3758 ita
550 3702 653 3772 scripsi
672 3718 739 3754 cum
755 3701 849 3754 Bentl.
869 3701 938 3754 Dar.
966 3702 1009 3767 (in
1026 3702 1079 3756 Ed.
1099 3704 1138 3768 3.)
1167 3704 1215 3757 Or.
1242 3703 1353 3758 Graeci

200 3780 304 3846 icrunt,
323 3794 395 3848 quae
414 3776 492 3828 inira
509 3775 546 3829 11.
565 3776 609 3829 33.
630 3774 673 3829 53.
693 3772 787 3826 estin
804 3771 887 3825 libris
906 3790 923 3825 o
942 3774 1022 3826 timis
1040 3782 1069 3827 et
1087 3774 1234 3845 plurimis,
1254 3785 1351 3830 nostro

201 3851 267 3905 loco
284 3847 481 3903 tantummodo
506 3846 537 3898 in
555 3844 636 3898 duob.
658 3845 727 3898 on.
755 3852 785 3896 et
801 3843 875 3917 Aug.
903 3792 953 3896 uii
980 3844 1091 3918 legitur
1107 3844 1266 3899 Democriti
1285 3847 1304 3898 i.
1325 3863 1350 3900 e.

202 3921 372 3977 Democriti.
411 3916 613 3984 (Democritii).
642 3914 711 3968 Dav.
744 3914 776 3966 in
802 3914 854 3966 Ed.
883 3917 909 3970 3.
943 3915 1121 3969 Democritei.
1167 3917 1352 3986 Quamquam,

202 3994 279 4061 quod
296 3999 394 4044 monet
410 3988 499 4042 Bouh.
519 3987 554 4041 ‹ie
573 3987 619 4040 0r.
640 3988 662 4039 1.
685 3989 726 4043 1⁰.
745 3985 807 4038 sine
825 3985 960 4039 lectionis
977 3986 1118 4040 vametute
1144 3996 1188 4040 est
1205 3986 1353 4042 Democri·

201 4062 261 4116 tici.
285 4061 370 4114 Vind.
389 4063 415 4116 3.
435 4058 521 4113 habet
538 4057 732 4112 Demcctotici.
768 4057 828 4111 Mr.

272 4148 315 4203 Nc
339 4147 372 4202 in
394 4147 488 4201 animo
509 4147 621 4219 quidem
646 4144 752 4216 igitur]
789 4145 855 4201 cod.
879 4143 968 4200 Rehd.
987 4161 1037 4198 nec
1054 4144 1128 4221 Aug.
1154 4161 1210 4201 nco
1235 4161 1289 4271 pro
1306 4161 1350 4199 ne.

201 4292 289 4346 Finn.
308 4292 341 4342 V.
361 4293 404 4345 ³⁰·
424 4293 468 4346 31.
487 4299 608 4362 propter
625 4289 799 4361 particulam
816 4287 912 4355 igitur
925 4289 1032 4356 tpuinto
1049 4288 1114 4341 loco
1132 4216 1354 4359 positcmicllig

200 4362 268 4418 loco
286 4370 423 4435 quartum
449 4370 583 4433 occupat:
617 4377 651 4415 oe
669 4375 750 4429 roger
768 4357 880 4429 quidm
896 4357 989 4425 igitur
1010 4363 1059 4412 ert.
1096 4359 1203 4425 Quarto
1225 4360 1291 4412 loco
1309 4367 1356 4413 est

203 4431 704 4507 eomnpudcic.toniv.1.1s.
729 4433 772 4487 27.
797 4447 826 4503 Ρ.
846 4432 889 4487 tt.
916 4429 966 4483 ubi
992 4430 1090 4503 plures
1116 4429 1296 4486 lanuvium
1322 4439 1357 4485 st
