2828 5070
221 308 285 376 sss
422 309 650 375 mumolus
672 289 919 375 τοιουτου.
941 282 1169 376 msrursr.

220 474 397 550 dasem
417 473 511 538 hodie
531 476 619 554 opud
636 475 762 555 inferos
781 474 925 552 fortasse
945 475 1153 564 οοτιιοὸίιιιτιι.
1195 474 1276 537 Fuit
1294 471 1373 538 bees

218 658 294 709 licet
311 657 386 727 apud
404 659 527 711 Graecos
545 657 709 728 scriptores,
733 658 784 726 qui
802 659 858 711 hoo
876 659 1017 711 Leonidas
1040 659 1151 710 dictum
1174 656 1372 723 celebrarunt,

222 727 385 797 reperiatur
402 729 544 798 scriptum
562 725 760 797 ἀρισιρσομινς
779 745 846 780 nam
864 730 1010 798 respicere
1028 736 1125 780 censet
1136 727 1372 780 adltomsnorum

221 813 341 860 morem,
368 799 418 866 qui
442 798 520 850 soliti
544 807 626 850 erant
652 814 740 850 coena
766 799 811 849 uti
837 814 891 867 pro
914 798 1063 869 prandio.“
1100 797 1175 862 Quae
1193 813 1273 861 sane,
1298 797 1372 867 quod

221 884 287 918 cum
304 867 362 918 viri
381 868 458 920 docti
477 884 545 937 pace
563 868 601 920 sit
619 866 739 931 dictum,
758 884 897 936 perquam
914 877 980 919 sunt
998 866 1110 931 sutilia,
1137 867 1296 919 nonenim
1314 866 1372 937 δρο-

219 937 290 1004 σιᾷν
306 937 354 989 rel
372 935 611 1006 ἀριστοποιεῖσθαι
629 954 682 1007 per
698 938 817 990 cenandi
834 954 934 990 vocem
952 936 1055 1000 reddit,
1080 936 1128 988 sed
1151 935 1235 989 modo
1275 952 1371 989 rorsus

219 1006 382 1071 contrario,
409 1006 484 1076 quod
508 1025 543 1060 ex
566 1008 685 1060 Graecis
711 1023 777 1059 mox
801 1008 945 1059 laudandis
971 1006 1080 1059 abunde
1102 1014 1190 1076 patet.
1270 1005 1278 1018 '
1324 1006 1370 1059 vis

220 1093 284 1128 rem
299 1076 509 1150 aggrediuntur
528 1077 595 1129 Gul.
615 1077 753 1130 canterus
771 1077 844 1129 Nor.
864 1079 943 1130 Lect.
964 1076 1014 1127 lib.
1034 1077 1081 1128 vl.
1102 1092 1162 1144 cap.
1184 1077 1226 1129 12
1246 1092 1371 1145 eumque

218 1156 332 1198 secutus
358 1146 391 1197 D.
411 1147 578 1212 Lambinus3
612 1156 754 1217 reponunt
778 1147 867 1210 enim,
890 1146 1026 1215 prandete
1052 1145 1145 1209 auimo
1171 1143 1252 1209 forti.
1292 1146 1371 1199 llsnc

220 1232 289 1269 vcro
308 1216 503 1268 coniecturam
520 1225 743 1286 praeoccuparat
765 1217 815 1267 vir
838 1233 964 1268 summus
981 1216 1045 1268 Des.
1065 1216 1210 1279 Erasmus,
1238 1232 1313 1283 quae
1330 1224 1372 1267 ta·

219 1303 287 1338 men
304 1284 381 1338 baud
398 1294 440 1338 est
457 1287 608 1355 probanda.
646 1286 719 1351 Quid
745 1286 824 1338 enim
841 1286 895 1339 sibi
920 1286 986 1338 vult
1001 1284 1140 1352 prandete
1162 1285 1258 1339 anim
1275 1285 1371 1350 forti!

220 1357 259 1409 Ut
277 1357 348 1408 bene
366 1355 550 1438 pranderent,
569 1357 693 1408 latrante
711 1356 806 1426 potius
824 1354 982 1437 stomacho,
1002 1372 1088 1437 quam
1104 1354 1199 1435 enims
1215 1353 1291 1437 sorti
1309 1363 1371 1409 erat

217 1442 310 1546 llll.
334 1425 487 1547 biles.
527 1426 620 1547 ..⁶5:12
637 1426 1115 1569 dli?l.?l¹}†¹¹¹,.,f?'t?'r“.l‘.lt
1132 1426 1371 1564 ῗιᾝὲἳῗῖἷ

216 1563 290 1630 xes,
308 1560 555 1632 ἀριστοποιεῖσθαι,
574 1562 611 1625 ὡς
628 1561 659 1618 δν
675 1561 746 1632 ᾅδου
765 1563 1004 1632 διηγησομένους.
1026 1562 1197 1617 Plutarchus
1215 1563 1365 1636 Apopbtb.

217 1635 321 1686 Lacon.
341 1651 405 1708 pag.
425 1637 485 1690 22⁵.
525 1639 588 1699 Τοῖς
613 1634 645 1688 δὲ
670 1639 841 1704 στρατιώταις
859 1637 1038 1704 παρήγγειλεν
1060 1632 1309 1704 ἀριστοποιεῖσθαι,
1333 1631 1369 1696 ὣς

217 1701 250 1757 ἐν
267 1702 338 1773 ᾅδου
356 1702 588 1773 διανοουμένους
606 1703 669 1770 [Est
687 1706 762 1775 apud
780 1705 966 1758 Plutarchum
985 1704 1295 1773 δειπνοποιησομένους.
1314 1704 1367 1758 nd

217 1774 318 1844 wyst.
338 1793 366 1846 p.
385 1777 447 1830 899.
467 1794 495 1848 p.
515 1779 576 1832 ³84.
597 1776 640 1829 ed.
660 1774 761 1847 Lips.].
783 1774 917 1829 Stobaeus
935 1775 1027 1829 Serm.
1046 1776 1110 1830 vu.
1187 1778 1259 1830 .91.
1287 1772 1369 1829 Εὔα·

215 1845 367 1912 χουμδνοις
393 1843 452 1899 sisse
478 1849 534 1908 τοῖς
555 1848 722 1916 συμμάχοις,
747 1847 840 1907 Οὕτως
865 1843 1009 1914 ἀριστᾶτε,
1037 1842 1060 1903 ⁰3
1083 1863 1163 1914 τριατι
1197 1864 1247 1908 sos,
1273 1841 1313 1907 ὥς
1338 1843 1369 1901 δν

216 1914 289 1984 ᾅδου
307 1916 504 1984 δειπνήσοντος.
525 1917 595 1970 Vide
615 1918 703 1970 etiam
720 1915 837 1970 Suidam
855 1916 887 1968 in
904 1915 1051 1983 Λεωνίδης,
1079 1924 1108 1968 et
1127 1916 1283 1991 origenem
1301 1932 1369 1970 con-

217 1993 264 2037 tra
290 1984 403 2039 Celsum
426 1986 475 2038 lib.
496 1987 534 2040 11.
561 2006 626 2061 pag.
648 1991 690 2041 ⁷1.
728 1987 795 2040 Non
822 1986 910 2040 aliter
926 1987 1033 2040 Latini.
1070 1985 1201 2038 Valerius
1227 1986 1368 2039 Maximus

164 2096 167 2101 .
215 2053 267 2105 lib.
288 2054 340 2108 111.
367 2072 427 2124 cap.
451 2057 533 2123 11,3.
554 2065 611 2129 ext.
649 2055 700 2110 Sic
723 2057 867 2125 prandete,
899 2056 1109 2121 commilitones,
1135 2062 1269 2125 tanquam
1294 2055 1369 2124 σριιδ

216 2122 325 2189 inferos
342 2125 478 2178 cenaturi.
515 2126 622 2179 Eadem
639 2126 727 2179 verba
744 2130 837 2180 refert
854 2126 962 2180 Seneca
978 2128 1071 2197 Epist.
1091 2126 1229 2180 LXXXII.
1250 2142 1283 2178 ac
1302 2127 1366 2180 iere

215 2195 325 2265 repetit
344 2196 458 2250 Orosius
474 2196 525 2250 lib.
546 2197 583 2250 11.
604 2214 665 2267 cap.
685 2196 734 2249 xl.
771 2197 843 2250 Vide
861 2197 899 2250 sis
925 2207 954 2251 et
972 2197 1113 2250 Isidorum
1132 2196 1210 2270 Orig.
1234 2195 1287 2248 lib.
1307 2197 1387 2249 XX(

217 2282 279 2336 oap.
299 2267 325 2322 9.
362 2266 483 2320 Omnino
506 2267 657 2321 retinenda
684 2276 726 2320 est
749 2266 837 2320 lectio
860 2265 987 2342 vulgata,
1016 2285 1102 2337 quam
1125 2282 1222 2319 omnes
1249 2266 1368 2320 omnino

218 2335 518 2422 podicesconstanter
535 2338 681 2404 exhibent,
709 2354 846 2407 errorque
869 2354 927 2390 non
952 2336 1079 2389 librariis
1107 2335 1291 2407 imputandus
1318 2335 1367 2391 sad

214 2425 282 2531 223¹.
291 2405 928 2551 taltt;,”fss.3“2⁰.i⁰.{⁰‘sstssttti⁹tt
946 2406 1092 2546 1ξῖιῖιῖξῖ
1094 2403 1368 2544 *ailisisti

216 2547 341 2612 denotat,
360 2558 460 2603 auctor
477 2552 668 2620 posteriorem
685 2550 709 2602 si
732 2550 880 2602 nificatum
898 2548 1063 2618 imprudens
1082 2548 1180 2623 elegit.
1218 2549 1281 2600 Hoc
1298 2556 1367 2601 ante

216 2635 272 2681 me,
290 2618 367 2686 quod
405 2628 481 2672 ostea
498 2622 569 2687 vidi,
588 2621 689 2674 statuit
737 2621 773 2673 ic.
792 2621 884 2674 Faber
902 2619 936 2672 ad
954 2619 1076 2672 Senecae
1091 2618 1202 2671 Suasor.
1223 2618 1261 2673 11.
1280 2636 1309 2688 p.
1323 2621 1365 2674 19.

216 2687 244 2739 Is
262 2695 358 2739 tamen
399 2689 545 2743 iceronem
568 2709 652 2744 reum
675 2691 755 2754 iacit,
783 2708 850 2743 cum
868 2688 912 2743 Cl.
930 2689 1077 2742 Bentleius
1103 2688 1178 2741 hanc
1206 2689 1289 2758 ῥῆσιν
1307 2705 1367 2741 esse

215 2757 427 2826 supposititiam
446 2761 552 2814 merito
570 2762 687 2814 iudicet.
723 2761 766 2812 Ea
784 2769 862 2813 certe
880 2759 1005 2830 dempta,
1031 2759 1103 2811 bene
1128 2757 1285 2813 cobserent
1302 2776 1367 2812 sen-

216 2827 341 2893 tentiae,
359 2837 472 2882 retenta
489 2848 568 2897 vero,
587 2848 622 2884 ne
642 2831 697 2901 ipsi
716 2831 831 2901 quidem
849 2830 1000 2882 Latinitati
1020 2829 1189 2882 consulitur.
1227 2828 1265 2883 D.

286 2917 404 2984 Pergits
423 2918 517 2971 animo
534 2917 607 2984 forti
617 2918 685 2984 etc]
721 2919 778 2972 MS.
799 2920 831 2972 in
842 2919 905 2972 Asc.
925 2929 1014 2974 nostr.
1027 2922 1052 2974 2.
1073 2920 1105 2972 in
1123 2937 1214 2993 marg.
1230 2917 1366 2986 alpran-

216 2987 286 3040 elete.
306 2990 386 3042 Unus
404 2990 454 3043 Ox.
471 2990 644 3058 peragite
662 2987 754 3043 σιττίιισ
771 2992 878 3055 [acto.
916 2991 994 3044 Illud
1011 2990 1125 3043 volebat
1144 2989 1232 3042 etiam
1250 2988 1367 3044 llWol·

215 3058 271 3111 fius
288 3059 399 3112 dicens:
418 3061 576 3128 „prandete
594 3077 647 3131 pro
664 3060 779 3129 pergite
796 3077 854 3112 non
865 3060 940 3114 male
951 3061 1069 3113 videtur
1085 3059 1156 3134 legi.
1182 3058 1365 3133 Significavit

215 3146 263 3184 eos
279 3131 330 3183 'sub
348 3148 452 3184 coenae
470 3140 584 3214 tempus
601 3134 664 3184 sore
681 3140 807 3185 mortuos
824 3139 853 3182 at
895 3149 910 3184 e
928 3130 1069 3182 ultimum
1086 3130 1116 3183 id
1134 3128 1195 3181 illis
1211 3129 1366 3199 prandium

215 3200 359 3255 futurum:
389 3218 445 3272 quo
466 3203 575 3276 largius
594 3202 712 3255 ederent
729 3210 815 3271 atque
834 3201 863 3254 bi
883 3210 989 3267 erent,-
1002 3218 1093 3271 eoque
1116 3200 1225 3252 maiore
1250 3208 1280 3252 et
1301 3215 1366 3252 cor-

215 3273 293 3340 poris
306 3281 341 3326 et
358 3273 520 3325 animorum
538 3272 637 3325 robore
655 3271 750 3325 hostes
768 3271 967 3324 invaderent.“
986 3271 1174 3346 „vulgatam
1192 3269 1233 3322 ait
1243 3269 1366 3340 Sylbuo·

237 3343 289 3408 'us,
307 3352 406 3396 tuetur
414 3345 588 3416 llartungus,
608 3359 673 3395 cum
689 3342 791 3395 Cicero
809 3342 952 3407 inlibris,
970 3341 1072 3407 quibus
1090 3358 1155 3393 usus
1173 3348 1224 3404 est,
1242 3341 1366 3392 fortusse

215 3413 967 3550 ..esttttttsffssizlxffiffltsslff:titt
985 3410 1367 3552 wilm

215 3553 273 3605 cile
292 3553 404 3606 diceret
421 3552 535 3604 Prende
553 3553 622 3617 forti
639 3551 755 3606 urtinse!
779 3562 808 3606 et
827 3569 884 3606 non
901 3554 998 3623 potius
1016 3570 1083 3605 cum
1106 3553 1190 3622 po'e‘ta
1208 3549 1387 3604 audacibus

215 3621 360 3691 avidisque
378 3619 511 3675 mdlisss‘
547 3621 603 3676 Sed
620 3633 763 3693 postrema
781 3624 898 3693 quidem
918 3623 1001 3689 ratic,
1029 3640 1201 3694 quanquam
1218 3639 1236 3674 a
1254 3621 1365 3688 inultis,

214 3694 339 3763 adeoque
358 3711 374 3744 a
392 3693 590 3746 recentissimo
609 3694 727 3759 editore,
746 3695 868 3765 prolata,
887 3694 977 3746 nihili
996 3703 1046 3746 est.
1081 3692 1184 3760 Quodsi
1203 3692 1281 3745 enim
1294 3692 1367 3744 scri-

215 3765 331 3836 psisset:
348 3765 486 3832 prandete
504 3765 596 3818 animo
614 3765 695 3829 forti,
713 3782 773 3818 non
792 3765 821 3817 id
839 3765 970 3818 dixisset:
990 3765 1078 3831 fortes
1093 3770 1181 3825 estote
1199 3763 1230 3815 s'n
1247 3761 1366 3815 muudu-

214 3836 317 3890 cands's
335 3842 363 3888 et
381 3834 570 3904 deglutiendis
587 3835 672 3887 cibis:
691 3836 758 3890 sed:
773 3835 864 3889 cibum
882 3837 990 3901 sternite,
1010 3850 1096 3905 neque
1114 3835 1236 3887 animum
1248 3834 1366 3901 despon-

215 3907 285 3970 dete,
304 3908 428 3974 quamvis
445 3910 569 3973 fortasse
586 3904 636 3958 boc
654 3905 781 3959 ultimum
796 3907 947 3975 prandium
964 3907 1088 3970 futurum
1106 3905 1155 3972 sit,
1175 3905 1218 3957 s'ls
1236 3910 1265 3956 ut
1283 3902 1367 3956 bodie

215 3978 289 4044 opud
308 3978 418 4043 inferos
434 3980 558 4043 fortusse
575 3977 721 4030 coenaturi
739 3977 835 4030 simus.
872 3977 1042 4043 Bouhierius
1068 3993 1104 4030 ex
1124 3975 1256 4049 vestigiis
1275 3973 1364 4025 Codd.

216 4048 248 4098 in
267 4049 368 4116 quibus
387 4057 429 4102 est
446 4046 572 4112 Semida,
599 4048 733 4114 semidea,
761 4049 902 4114 enuidem,
921 4047 1066 4114 semidam,
1094 4046 1234 4100 Leonidae
1257 4058 1364 4094 nomen

215 4136 231 4169 a
249 4118 388 4172 Cicerone
407 4135 465 4171 non
483 4120 570 4171 fuisse
588 4119 730 4189 scriptum
748 4120 952 4190 suspicabatur,
980 4137 1046 4172 cum
1069 4117 1210 4170 facillime
1233 4112 1266 4165 ab
1290 4129 1365 4165 uno-

190 4189 199 4204 ·
236 4205 330 4258 uoque
349 4189 481 4265 intelligi
525 4191 603 4256 ossit,
630 4189 859 4259 coniiciebatque
882 4189 995 4242 collatis
1019 4186 1203 4258 scriptoribus
1227 4183 1362 4237 Graecis:

215 4206 451 4330 antemium)
479 4208 530 4313 ieie
554 4261 627 4315 dua:
654 4260 704 4315 De
721 4259 888 4328 prandio,
908 4261 978 4325 ait,
1007 4257 1146 4327 surgite
1163 4255 1257 4310 τυιδυιο
1277 4253 1363 4320 sorti:

215 4327 297 4384 bodie
319 4331 393 4401 apud
416 4331 525 4399 inferos
552 4335 676 4398 {creasse
707 4330 888 4384 comedimus.
926 4332 992 4383 Non
1016 4331 1103 4382 malet
1131 4328 1180 4383 sed
1202 4325 1289 4380 nimis
1316 4342 1365 4376 au-

215 4401 321 4457 dacter.
359 4402 439 4456 ldem
457 4403 493 4457 ad
509 4404 608 4456 verba:
628 4401 697 4455 Fuit
714 4399 781 4455 baec
797 4416 869 4469 gens
889 4428 921 4439 -
940 4400 1071 4470 vigebunt
1097 4399 1183 4453 baec:
1218 4395 1365 4465 „Omnino
