2828 5070
196 298 263 368 m
395 295 627 364 CICERONIS
649 296 897 368 Tuscum.
918 297 1153 364 DISPUTAT.

199 466 296 529 cuins
316 465 417 527 etism
438 464 557 528 similis
577 464 614 529 P.
637 463 763 542 Crassi,
791 472 826 527 et
853 465 1017 548 sepientis
1042 472 1083 527 'et
1108 465 1300 547 eloquentis
1321 474 1361 530 et

197 549 302 629 primi
321 547 477 624 hominis,
498 567 612 628 nepos,
634 549 883 628 multorumque
903 549 1048 609 aliorum
1069 548 1239 610 clerorum
1259 550 1361 612 vire-

200 648 288 709 rum,
310 650 392 713 quos
413 631 496 691 nihil
518 631 639 693 attinet
659 631 845 708 nominare,
868 639 1006 712 nepotes
1027 639 1062 692 et
1081 629 1165 691 filiii
1178 629 1255 692 esd
1274 631 1361 713 quid

197 710 349 798 egimus!
393 711 543 776 Obtitine
560 732 688 791 sumus,
716 712 780 774 hoc
800 731 891 775 nunc
912 714 1010 775 nobie
1037 732 1109 775 esse
1129 715 1360 794 propositum,

247 816 303 857 um
325 796 406 856 setis
428 793 470 857 de
490 797 690 857 aeternitate
713 793 921 875 dixissemus,
951 815 993 857 ne
1023 797 1052 857 si
1073 796 1254 856 interirent
1282 797 1359 878 qui-

224 896 274 939 em
307 879 420 954 animi,
451 878 628 960 quicquam
662 877 741 938 mali
770 897 843 940 esse
866 878 903 938 in
931 875 1059 941 morte?
1102 877 1142 940 A.
1171 877 1241 963 Ego
1270 897 1359 942 vero

198 960 433 1036 memineram3
477 956 536 1021 sed
565 969 601 1023 te
633 957 675 1022 de
710 963 910 1024 aeternitate
942 959 1107 1023 dicentem
1139 959 1301 1023 aberrare
1336 979 1360 1021 a

200 1146 352 1203 intellecto
378 1147 557 1219 compendio.
595 1151 649 1203 Pro
675 1146 782 1201 similis
807 1150 881 1201 tion
903 1152 928 1202 1.
957 1146 1077 1200 similes.
1114 1146 1212 1200 Facile
1234 1148 1314 1201 abest
1340 1166 1360 1200 s

201 1218 269 1273 (iod
288 1219 376 1272 Marb.
412 1218 484 1272 Eius
508 1221 573 1274 loco
600 1228 643 1274 est
665 1220 741 1286 facie
764 1221 797 1271 in
815 1219 901 1272 codd.
922 1219 995 1271 Gud
1022 1219 1115 1272 tribus
1134 1221 1205 1273 Oxx.
1224 1219 1298 1272 Edd.
1318 1220 1357 1272 H.

201 1290 279 1345 Tmu
297 1288 460 1343 teterrimus
477 1290 583 1345 habeut
601 1292 688 1346 codd.
707 1290 781 1343 Gud.
805 1290 890 1342 Viud.
912 1295 935 1345 1.
964 1289 1035 1343 Edd.
1056 1290 1089 1340 Α.
1108 1290 1140 1342 Β.
1161 1289 1192 1342 G.
1212 1291 1245 1342 V.
1273 1290 1356 1344 Casu.

202 1363 273 1414 Veu.
293 1369 382 1413 nostr.
402 1360 465 1414 Asc.
485 1364 511 1417 2.
531 1362 591 1427 (sed
609 1364 641 1414 in
659 1379 749 1437 marg.
769 1360 826 1414 MS.
847 1360 963 1426 deterr.)
981 1361 1049 1414 Rob.
1070 1359 1170 1431 steph.
1208 1361 1243 1413 ln
1260 1378 1357 1437 marg.

203 1431 318 1485 Larubb.
339 1440 368 1483 et
387 1430 474 1484 Goth.
495 1441 525 1485 et
542 1450 559 1484 a
577 1432 728 1489 Gebhardo
746 1440 878 1485 notatum
893 1441 937 1483 est
953 1431 1121 1484 Lambinam
1139 1430 1278 1484 exhibere
1297 1439 1360 1487 tae·

112 1521 114 1524 ⁴
204 1501 347 1556 ursimus.
388 1500 443 1555 Sed
462 1503 493 1554 in
512 1504 667 1557 collatione
687 1501 796 1556 Oliveti
814 1510 843 1554 et
862 1503 967 1554 Orellii
985 1502 1071 1555 huius
1089 1503 1224 1555 lectionis
1242 1520 1302 1555 non
1321 1505 1358 1558 fit

203 1572 606 1697 memiwffigraeiim
631 1575 663 1626 in
672 1573 799 1699 ᾖείοὶιεᾱίε
820 1573 979 1640 annotavit,
1006 1573 1083 1625 nihil
1110 1574 1224 1627 variare
1241 1575 1360 1628 lambi·

204 1658 283 1697 uum.
365 1681 371 1694 .
472 1682 478 1695 .
519 1661 634 1699 ecstor.
709 1661 733 1697 r.

274 1712 355 1769 cuius
373 1713 460 1768 etiam
477 1714 625 1770 sinetisP.
643 1713 746 1771 Crassi
765 1746 796 1758 -
817 1713 912 1783 nepus]
950 1716 1044 1780 „Fuit
1063 1715 1090 1768 ei
1109 1714 1181 1769 item
1198 1731 1307 1768 nomen
1324 1719 1355 1770 P.

204 1785 314 1841 Licinii
333 1786 435 1840 Crassi.
455 1787 520 1841 Vid
538 1788 661 1860 Ruperti
685 1787 773 1841 Tabb.
794 1787 970 1859 Genealong.
995 1805 1024 1857 p.
1046 1786 1128 1841 113.“
1155 1785 1205 1838 Or.
1243 1788 1280 1839 ln
1301 1787 1357 1840 ΡΑ.

204 1859 234 1913 Ρ.
254 1857 392 1912 scribitur
408 1857 513 1912 sinaitis
537 1860 629 1914 etium.
657 1859 731 1944 Aug.
751 1858 837 1913 etism
856 1857 963 1911 similes
981 1873 1058 1911 esse
1076 1857 1107 1911 Ρ.
1127 1856 1237 1911 Crassi.
1275 1860 1360 1912 Unus

205 1930 257 1987 ox.
277 1929 389 1984 omittit
407 1935 432 1982 et
450 1939 514 2000 post
532 1931 635 1985 Crassi
653 1940 682 1984 et
699 1949 731 1982 sn
749 1947 828 2000 seqq.
846 1946 949 1984 vocem
967 1931 1117 1982 clarorum.
1153 1928 1242 1981 Abest
1268 1930 1358 1983 etism

204 2006 234 2124 pp
247 2019 267 2121 p
286 1999 467 2124 (godhvinph
478 2005 501 2055 1.
520 2002 591 2055 Edd.
611 2002 645 2054 A.
664 2003 695 2054 Β.
714 2002 746 2054 G.
765 2003 799 2053 V.
823 2003 905 2055 dunt.
929 2003 1000 2054 Ven.
1027 2009 1118 2053 nostr.
1138 1998 1203 2054 Asc.
1223 2002 1249 2055 2
1276 2001 1357 2054 Can.

230 2086 273 2123 ο.
314 2080 342 2123 te
386 2107 393 2120 .
466 2087 491 2122 r.

278 2147 310 2193 et
326 2088 436 2209 pldims'
454 2139 575 2196 hominis
593 2141 689 2211 nepes]
725 2142 818 2195 Verba
835 2147 862 2196 et
878 2142 968 2212 primi
990 2144 1091 2196 absunt
1114 2143 1148 2195 ab
1165 2142 1238 2196 Edd
1258 2145 1355 2198 lamb.

207 2210 295 2267 Goth.
315 2211 424 2267 sturm.
444 2212 508 2267 Ald.
528 2214 607 2285 Sylb.
626 2213 810 2266 Brut.·Boul.
829 2213 892 2266 Asc.
914 2220 939 2269 1.
959 2215 1023 2268 Cer.
1043 2213 1277 2284 seoputtwott
1297 2215 1361 2279 (hic

154 2337 159 2348 ,
207 2299 277 2338 vero
295 2282 327 2338 in
344 2283 522 2354 parenthesis
542 2285 594 2338 alii
612 2285 720 2338 addunt
738 2289 765 2338 et
781 2285 870 2354 primi
887 2285 939 2337 alii
957 2287 987 2339 is
1002 2285 1120 2355 pristis)
1144 2286 1194 2337 Fr.
1213 2285 1299 2338 Febr.
1319 2296 1361 2353 et,

209 2371 279 2424 quas
305 2354 431 2407 contulit
448 2356 557 2422 neisk.
581 2358 652 2410 Ven.
673 2361 697 2411 1.
724 2356 796 2409 Med.
817 2359 843 2411 2.
867 2355 932 2408 Ald.
953 2356 1054 2440 steph.
1091 2357 1131 2409 Et
1147 2356 1255 2409 habent
1271 2359 1363 2411 verba

209 2424 343 2494 etprims'
360 2442 467 2494 omnes,
489 2429 565 2498 quod
583 2428 681 2493 sciam,
700 2427 785 2480 Godd.
805 2426 883 2481 MSS.
912 2429 950 2480 cf.
971 2437 1059 2481 etism
1078 2426 1193 2480 schotti
1219 2428 1294 2481 Nod.
1314 2429 1363 2484 Gi·

209 2514 307 2555 ceron.
327 2499 374 2550 tv.
396 2501 437 2553 16.
457 2516 485 2569 p.
505 2502 566 2555 387.
596 2499 648 2568 qui
664 2499 762 2550 laudnt
779 2499 894 2552 Verrin.
914 2500 967 2551 vl:
997 2514 1015 2551 a
1042 2498 1153 2567 Lysone
1175 2496 1363 2568 Lilybaetana

208 2568 323 2637 prime
341 2565 491 2622 iumine.
520 2571 567 2624 Or.
592 2569 688 2623 laudat
707 2569 767 2622 Cic.
786 2570 887 2640 Topic.
907 2568 929 2634 5.
950 2571 998 2625 26:
1027 2570 1221 2635 definitionum
1238 2571 1292 2623 dac
1310 2589 1364 2642 ge-

210 2654 282 2690 nera
300 2644 366 2690 sant
380 2638 512 2707 primu.
532 2640 603 2693 Add.
632 2641 664 2691 in
684 2642 769 2693 Verr.
785 2641 850 2709 Act.
871 2642 909 2694 11.
929 2641 961 2692 1..
980 2642 1034 2695 111.
1054 2646 1099 2697 71.
1121 2644 1180 2697 168.
1201 2641 1369 2710 primorum

210 2706 353 2763 deminans
370 2716 451 2778 utque
468 2708 733 2765 honestissimorum
769 2711 812 2765 De
829 2711 885 2765 hoc
903 2712 1011 2779 Crasso,
1033 2712 1100 2765 viro
1116 2729 1187 2766 vere
1209 2714 1361 2784 primario,

210 2778 308 2834 dicere
325 2779 454 2834 solebant
470 2781 612 2848 homines,
631 2800 698 2836 eum
715 2783 843 2852 quinque
870 2782 1001 2836 habuisse
1019 2799 1120 2837 rerum
1145 2784 1284 2837 bonarum
1301 2802 1363 2838 ma-
1395 2835 1397 2838 .

210 2849 289 2903 xirua
315 2861 344 2903 et
362 2852 529 2922 praecipua:
556 2855 645 2907 fuisse
671 2853 751 2907 enim
768 2854 951 2919 ditissimum,
976 2853 1197 2920 nobilissimum,
1223 2856 1363 2924 eloqtsen-

210 2920 365 2986 tissimum,
399 2922 716 2978 iurisconsultissiiuum
744 2934 773 2978 et
796 2925 967 2996 pontificem
992 2927 1160 2982 maximum.
1182 2950 1216 2965 ·-
1252 2928 1361 2980 Vocem

210 3006 295 3064 sepes
311 2995 386 3046 Mun.
406 2998 431 3049 l.
450 2994 536 3048 hebet
553 3005 617 3067 post
633 2997 843 3067 multorumque.
882 2997 944 3049 Mr.

280 3085 423 3139 clarorum
440 3083 580 3151 strmm]
614 3085 699 3137 Hun'c
717 3083 873 3137 verborum
891 3083 1024 3138 ordinem
1045 3082 1149 3138 hebent
1166 3083 1252 3139 Godd.
1271 3083 1363 3137 Bent-

210 3156 264 3212 leii
283 3173 390 3222 omnes,
408 3156 497 3211 ltehd.
517 3155 591 3209 Gud.
610 3155 707 3208 Duisb.
731 3154 776 3207 Au
800 3195 805 3207 .
825 3155 913 3208 Maris
933 3158 1008 3209 Mon.
1028 3158 1063 3212 2·
1080 3155 1165 3208 Vind.
1185 3161 1210 3212 1.
1230 3157 1256 3211 2·
1284 3155 1361 3210 Edd.

212 3229 241 3285 S.
260 3230 295 3282 Ε.
316 3229 347 3282 G.
367 3230 399 3280 V.
420 3231 458 3282 Μ.
478 3229 546 3281 nob.
567 3227 667 3298 Steph.
686 3226 762 3279 Cam.
777 3174 846 3280 ΞΜ.
866 3228 952 3280 Leod.
963 3227 1032 3279 Dav.
1043 3227 1090 3281 Or.
1109 3227 1228 3300 Reliqui
1247 3225 1363 3282 inverso

212 3300 314 3355 ordine
331 3299 457 3368 sienem
475 3300 624 3353 clarorum.
661 3299 727 3350 Mox
744 3297 828 3351 Viud.
850 3303 873 3353 1.
894 3314 1052 3365 numerare,
1077 3299 1176 3353 sedin
1192 3316 1285 3384 marg.
1312 3317 1364 3354 no·

204 3373 331 3431 ‚minure
368 3373 422 3425 Pro
441 3377 553 3440 nepotes
571 3386 641 3422 unus
660 3368 710 3421 Ox.
730 3384 821 3437 nepos.
858 3369 935 3422 'Pom
952 3368 1019 3423 (iod.
1040 3369 1114 3424 Gud.
1134 3372 1160 3426 2
1188 3377 1216 3424 et
1234 3369 1362 3439 felice,

213 3444 292 3514 quod
309 3449 352 3495 est
368 3442 484 3526 librarii
503 3443 551 3494 vel
570 3439 796 3522 correctoris-ad
813 3456 925 3510 quos-
936 3440 1081 3494 nominare
1100 3443 1291 3513 respicientis.
1328 3443 1363 3496 ln

212 3511 963 3651 run-munem
1102 3514 1364 3650 reticeres

213 3654 321 3711 secere
348 3653 622 3778 tm·⁰r'tnPhiliPP'
642 3654 705 3708 vll.
726 3657 751 3708 7.
771 3657 832 3779 210
858 3653 922 3777 «ἕὶτῖ
940 3655 974 3708 de
988 3653 1135 3738 pericuos
1163 3657 1304 3721 doceto,
1329 3672 1365 3740 se

212 3739 815 3865 sinemurensem...
832 3740 957 3851 tut
1078 3741 1364 3854 stenen.

212 3871 300 3924 tundo
319 3865 598 3938 -propositum
617 3867 726 3937 quidem
743 3867 824 3923 nobie
840 3867 900 3923 erit
917 3865 1001 3937 illud,
1027 3874 1059 3922 st
1078 3869 1285 3936 doceamus,
1309 3885 1365 3938 qua

211 3941 242 3994 ω’
258 3943 330 3994 tona
348 3939 482 4012 consequi
500 3971 533 3981 —
548 3940 695 4007 possimus.
732 3940 792 3994 Mr.

281 4027 343 4064 cum
367 4011 439 4064 entis
466 4011 502 4064 de
527 4011 694 4065 aeternitate
720 4010 900 4080 dixissemus]
935 4011 1008 4066 Edd.
1035 4011 1066 4064 B.
1087 4010 1118 4065 G.
1138 4010 1172 4063 V.
1192 4012 1274 4067 Junt.
1294 4011 1364 4064 liob.

210 4079 310 4152 steph.
329 4080 393 4133 Asc.
414 4084 440 4136 2.
459 4081 536 4134 Cam.
556 4082 724 4137 dixerimus.
744 4083 815 4137 Edd.
835 4082 868 4134 Α.
890 4091 919 4137 et
934 4084 1004 4136 Ven.
1023 4090 1112 4136 nostr.
1132 4080 1269 4136 dixemus.
1291 4082 1367 4135 (him

210 4151 272 4204 illis
289 4152 361 4204 facit
380 4152 446 4205 Oud.
467 4151 551 4205 Viud.
573 4159 596 4209 l.
634 4156 689 4207 Pru
708 4153 863 4207 interirent
881 4172 955 4207 unus
974 4155 1024 4208 Ox.
1045 4153 1174 4208 interire.
1208 4154 1275 4204 Mox
1293 4151 1364 4204 Ccd.

209 4222 284 4277 oue.
303 4221 356 4275 ud.
377 4223 413 4275 H.
433 4221 591 4294 quicquid
617 4240 678 4278 ease
700 4225 731 4278 is
756 4231 847 4279 morte
864 4225 946 4292 muli,
960 4243 1042 4277 unus
1061 4228 1111 4280 Ox.
1130 4224 1211 4279 mute.
1239 4221 1315 4276 Gud.
1335 4224 1363 4278 2.

208 4302 289 4349 esset.
309 4292 393 4346 tine.
413 4296 438 4349 2
459 4295 613 4379 quidquam
631 4311 695 4351 esse
710 4294 741 4350 in
758 4302 847 4350 nscrts
863 4297 941 4350 muti.
979 4296 1057 4348 Tum
1078 4296 1132 4350 Ed.
1152 4297 1188 4349 H.
1216 4309 1269 4362 ego
1295 4310 1365 4349 sos

207 4381 258 4490 ze
281 4361 425 4492 mstp'rnerm.
463 4369 562 4445 Pergit
586 4367 658 4422 Gud
685 4366 716 4421 ei
739 4383 793 4440 pro
816 4368 873 4425 sed.
912 4367 987 4442 Aug.
1008 4376 1038 4427 et
1060 4386 1134 4423 unus
1152 4368 1202 4423 On
1221 4366 1366 4424 omittunt
