2828 5070
258 716 578 794 ‘restructas
610 716 678 789 nn
704 679 849 789 Msro'
872 713 1038 788 nemo.

572 920 736 933 m

63 1136 113 1202 ct.
136 1135 322 1203 Salmasius
342 1141 379 1203 ia
399 1135 554 1220 Epistola
587 1139 632 1201 ad
653 1136 701 1204 ct
724 1136 917 1203 Sarraoiom
935 1153 1039 1219 pagg.
1061 1136 1134 1200 235.
1156 1136 1229 1200 236.

132 1294 201 1349 Uno
218 1311 254 1348 ac
271 1301 414 1366 perpetuo
438 1294 528 1346 duotu
545 1293 607 1345 sine
634 1292 696 1345 ullo
722 1292 880 1345 interstitio
901 1305 986 1344 voces
1003 1303 1099 1343 omnes
1119 1287 1231 1342 exarari

61 1379 204 1450 solebant,
223 1391 255 1437 ct
273 1383 432 1438 sententiae
450 1382 539 1437 etiam
557 1381 734 1436 continuari:
754 1382 811 1434 nisi
830 1380 916 1453 quod,
942 1378 993 1432 ubi
1018 1380 1151 1450 perfecta
1169 1379 1232 1432 ine·

65 1480 117 1537 rat,
136 1487 198 1525 non
216 1471 249 1524 in
267 1471 367 1527 eadem
384 1473 463 1526 linea
480 1471 603 1526 alteram
621 1471 857 1543 auspicabantur3
884 1469 934 1524 sed
959 1468 1140 1540 principium
1159 1467 1231 1522 altc-

65 1562 126 1615 rias
143 1562 242 1615 lincea
269 1562 331 1617 sire
348 1576 448 1616 versus
466 1560 648 1616 inchoabant.
691 1561 761 1614 lude
783 1569 850 1614 nata
873 1558 1020 1613 dictinctio
1040 1574 1095 1628 per
1120 1572 1230 1625 vereat,

66 1651 116 1720 qui
133 1650 261 1704 maiores
278 1659 328 1704 aut
346 1652 473 1706 minores
497 1657 590 1716 erant,
616 1657 704 1721 prout
727 1649 868 1704 sententia
886 1647 1019 1719 pluribus
1043 1656 1093 1701 aut
1115 1649 1231 1720 paucio·

67 1739 145 1792 ribus
163 1739 261 1794 verbis
279 1737 485 1794 absolvebatur.
523 1739 676 1794 Interdum
702 1739 810 1811 quippe
832 1737 910 1803 duae,
935 1736 1084 1791 interdum
1101 1745 1161 1792 tres
1180 1744 1231 1792 aut

63 1828 164 1897 plures
186 1828 281 1884 lineae
307 1828 417 1906 singuli
448 1845 547 1883 versus
574 1827 758 1900 occupabant.
803 1827 909 1881 Graeci
935 1831 1044 1895 στίχους
1071 1825 1228 1896 appellant.

63 1917 160 1988 Opera
182 1927 278 1974 autem
304 1918 366 1990 ipsa
383 1918 609 1973 numerabantur
630 1934 684 1988 per
706 1933 814 1981 versus,
841 1930 966 1986 quorum
983 1930 1093 1969 mumma
1123 1915 1154 1966 in
1171 1914 1232 1968 dne

62 2005 140 2059 libri
158 2007 292 2062 subducte
310 2007 473 2062 notabatur·
510 2008 580 2062 lnde
597 2007 764 2075 acliouxcr
780 2007 889 2074 βιβλίον
906 2003 941 2058 de
958 2003 1062 2080 grandi
1080 2002 1231 2058 volumine

59 2096 206 2151 dicebant.
248 2096 308 2150 Diu
337 2095 453 2150 dunvit
483 2095 555 2150 haec
584 2097 668 2150 ratio.
713 2096 749 2150 ln
779 2094 876 2149 reteri
903 2093 1000 2149 codice
1033 2092 1231 2165 Epistularum

62 2187 154 2254 Pauli,
172 2185 226 2258 qui
242 2202 331 2258 penes
348 2187 486 2240 Puteanus
505 2194 557 2252 est,
576 2184 613 2239 ad
630 2184 720 2239 finem
736 2183 826 2238 totius
844 2183 1013 2255 scripturae
1026 2199 1122 2237 sacrae
1141 2182 1231 2238 libro·

61 2293 127 2329 rum
146 2276 348 2349 συμμετρίαν
365 2283 494 2330 notatam
512 2273 650 2328 invenies.
689 2262 871 2330 Ουάισίίοηιι
901 2273 1076 2327 luxuum
1102 2273 1134 2325 in
1155 2273 1232 2327 anti-

63 2364 205 2435 quissimo
228 2365 391 2438 exemplari
411 2365 608 2420 Bibliothecae
626 2363 734 2439 Regiae
756 2361 798 2417 ite
814 2379 868 2433 per
885 2377 984 2417 cerm
1006 2359 1162 2416 distinctos
1185 2378 1232 2415 re·

57 2454 148 2524 peris.

172 2621 266 2686 Idem
287 2623 468 2690 Salmasius
489 2627 525 2689 in
545 2621 787 2706 Prolegomenis
808 2622 853 2684 cd
872 2620 1019 2701 Solimon
1041 2639 1066 2686 c.
1090 2624 1119 2686 5.

132 2759 290 2815 Sciendum
319 2767 417 2815 extare
447 2761 478 2812 in
507 2758 689 2814 bibliotheca
717 2759 803 2834 Regis
839 2759 969 2812 codicem
1001 2757 1230 2812 Tusculanarum

58 2845 267 2914 Quaestionum
283 2866 371 2902 manu
390 2857 539 2903 exaratum
556 2849 624 2903 eatis
642 2863 761 2924 magnae
780 2849 947 2913 vetustatis3
976 2847 1008 2898 in
1026 2863 1082 2917 quo
1106 2864 1164 2901 non
1183 2864 1229 2901 or·

60 2937 126 2992 dine
143 2941 295 3006 continuo,
314 2939 391 2993 sicut
408 2938 440 2990 in
459 2938 525 2991 aliis
542 2935 718 2992 tralatitium
741 2945 794 3004 est,
819 2938 889 2991 libri
916 2937 1055 3007 descripti
1081 2937 1228 3002 feruntur,

61 3028 110 3082 sed
129 3029 278 3082 saltuatim
300 3044 356 3098 per
382 3027 547 3098 inaequales
569 3024 711 3098 periodos,
740 3041 773 3079 eo
800 3042 917 3097 prorsus
936 3023 1030 3093 modo,
1055 3042 1110 3094 quo
1134 3024 1229 3079 Biblia

55 3134 134 3170 sacra
151 3117 291 3171 videmus.

184 3288 405 3372 Morpuardos
428 3285 554 3351 Gudios
575 3287 619 3349 od
638 3284 780 3351 Phaedri
812 3285 872 3349 lib.
897 3287 926 3346 1.
949 3281 1026 3344 Fab.
1050 3281 1101 3345 25.

128 3425 233 3478 liutet
263 3423 396 3477 lutetiae
427 3422 459 3474 in
485 3421 667 3475 Bibliotheca
699 3421 790 3498 Regia
820 3416 967 3473 ciceronis
1006 3416 1228 3472 Tusculanorum

57 3512 258 3570 motionum
284 3512 375 3566 codex
398 3510 610 3566 vetustissimus
640 3519 669 3566 et
697 3508 940 3581 incomparabilis,
976 3523 1031 3577 per
1057 3525 1155 3561 versus
1182 3508 1227 3560 di·

55 3603 185 3658 stinctae.
