2828 5070
578 328 708 394 LIBER
726 328 769 410 11,
791 330 841 396 lt.
1212 329 1277 398 tta

126 495 191 556 stri
212 494 334 558 milites
349 515 414 558 non
428 497 502 579 plus
517 507 705 574 numerant,
729 494 828 579 qnam'
837 498 1006 575 humeros,
1028 498 1179 576 lacertos,
1204 499 1356 559 ma-t’lss·

126 597 211 640 nus:
240 598 332 640 arma
354 582 444 641 enim
465 580 613 642 membra
640 581 757 642 militis
779 599 851 643 esse
872 578 1006 654 dicunt;
1038 599 1120 662 qnae
1141 579 1274 663 quidem
1301 571 1327 610 ⁸·

127 662 175 721 ita
196 668 361 744 geruntur
382 670 469 744 apte,
492 672 541 738 nt,
562 664 592 725 si
617 683 697 725 usus
718 666 815 739 ferat,
836 662 974 725 abiectis
987 663 1155 742 oneribus,
1178 683 1276 745 expe-
1331 702 1337 709 -

124 864 186 897 τινα
203 845 271 914 μέλη
289 847 338 900 τοῦ
355 846 483 912 σώματος
501 845 659 914 οἰομένους·
684 847 732 899 xal
749 852 818 915 πρός
834 863 867 915 γε
884 851 989 918 τροφὴν
1011 849 1091 918 σφίσι
1108 844 1188 900 πέντε
1205 843 1275 901 dao-

125 920 241 986 χρῶσαν
259 915 373 986 ἡμέρας·
399 915 515 984 ἀνάγκης
533 936 561 971 aa
578 912 645 973 ἄνευ
663 920 743 982 τινός,
771 920 817 971 καὶ
840 920 866 970 el
883 924 1011 989 παρεῖναι
1027 920 1172 984 συμβαίνοι
1190 934 1275 970 νωτο-

126 991 203 1058 φόρα
223 992 290 1052 ζῶα,
314 988 344 1038 τὸ
364 991 496 1057 συνηθείᾳ
514 994 608 1058 μακρᾷ
630 989 781 1059 βεβαιωθέν
806 991 891 1057 νόμος
909 993 973 1059 παρ’
992 987 1082 1049 αὐτοῖς
1101 987 1213 1055 tytveto,
1239 985 1277 1048 ὡς

124 1064 172 1112 καὶ
190 1066 322 1125 τιμωρίαν
341 1057 491 1112 ἐπικεῖσθαι
511 1065 539 1114 et
553 1080 590 1122 τις
609 1067 757 1131 παραβαίη.
794 1062 839 1115 Ad
858 1080 885 1113 v.
909 1064 973 1130 plue
997 1059 1146 1114 dimidiati
1169 1059 1277 1112 maasia

125 1130 237 1182 cibaria
256 1130 354 1181 laudat
373 1129 485 1184 Caesar.
505 1130 539 1184 de
557 1131 587 1186 B.
609 1131 668 1185 Cic.
688 1133 710 1184 1.
731 1136 779 1190 te:
807 1132 964 1198 legionarii
988 1132 1097 1185 dierum
1123 1129 1218 1184 xxa.
1240 1130 1276 1182 ab

126 1200 222 1252 Ilerda
240 1201 412 1263 fraterculum
429 1202 503 1254 lusti
520 1208 600 1255 eram
618 1205 726 1268 efferre.
747 1231 780 1241 -
816 1204 851 1256 ln
870 1203 938 1257 cot.
958 1202 1046 1257 Rehd.
1073 1202 1213 1271 scriptum
1233 1207 1278 1256 est

125 1273 250 1339 galeam,
267 1272 407 1339 gladium.
446 1273 544 1350 Pergit
562 1275 659 1328 Duisb.
681 1274 712 1327 la
730 1272 832 1327 lanera
851 1283 881 1329 et
898 1292 985 1345 supra
1003 1274 1055 1326 lin.
1074 1271 1208 1326 hebetia
1226 1270 1276 1325 lto-

127 1359 205 1407 πονο,
245 1342 301 1395 uod
319 1362 392 1396 unus
411 1344 461 1400 Ox.
481 1346 513 1397 in
532 1347 674 1399 contextis
692 1343 792 1410 baben
812 1346 884 1400 alius
904 1346 953 1400 Ox.
976 1350 1093 1397 oaeroat
1112 1361 1166 1415 pro
1184 1359 1276 1397 nome·

126 1421 200 1470 raat.
246 1413 273 1470 d.
293 1413 341 1466 Fr.
362 1414 444 1468 Fabr.
464 1423 597 1468 numerat.
635 1417 734 1478 Pergit
751 1417 835 1472 vind.
857 1422 880 1472 l.
900 1433 980 1486 quam
998 1417 1119 1468 lacertos
1136 1414 1275 1470 lamnae.

127 1485 367 1540 anatomiam
383 1486 513 1551 lacertas,
525 1502 630 1541 amaus
659 1481 792 1565 In‘Aug„
814 1489 932 1564 egregia
945 1486 1144 1541 emendatione
1164 1485 1276 1561 sagacia

123 1556 246 1610 alicuius
265 1560 450 1622 correctoris,
469 1560 614 1630 scriptam
634 1567 678 1612 est
696 1577 778 1628 quam
797 1560 985 1612 laceratae
1010 1557 1183 1613 temeror.
1214 1557 1275 1611 Mr.

197 1628 287 1679 Araia
305 1630 379 1681 enim
396 1631 517 1682 menstra
539 1630 641 1684 militis
659 1647 719 1684 essa
737 1631 844 1698 dicuat]
880 1630 948 1684 Cod.
969 1629 1042 1684 Gud.
1063 1629 1174 1682 omittit
1191 1643 1277 1680 mem-

126 1701 186 1764 bra,
207 1707 237 1752 et
253 1698 340 1753 babet
364 1701 469 1753 militae
493 1703 676 1756 correctione
702 1720 806 1773 parum
832 1701 985 1772 probabili.
1023 1698 1086 1753 Duo
1111 1700 1180 1752 Oxx.
1200 1699 1277 1752 mili·

125 1778 194 1827 tam.
212 1770 323 1840 Wopk.
352 1773 386 1825 de
408 1772 548 1826 hocloco
577 1774 609 1824 in
627 1773 707 1825 lectt.
727 1772 806 1824 Tull.
833 1790 862 1842 p.
882 1775 925 1829 85.
952 1772 1074 1841 loquens
1099 1770 1199 1823 scribit
1217 1785 1278 1821 aeae

126 1843 270 1907 ducunt,
290 1860 374 1910 quam
397 1845 586 1912 scriptionem
605 1845 700 1897 errori
717 1844 896 1914 Wopkensii
920 1842 1027 1896 tribuit
1045 1841 1183 1893 Handius.
1219 1838 1278 1893 Sed

126 1929 185 1965 non
205 1921 246 1964 est
265 1928 348 1965 error
365 1912 552 1983 Wopkensii.
581 1915 629 1966 sed
652 1915 742 1969 lectio
768 1915 880 1967 Davisii
906 1915 937 1967 in
955 1913 1008 1965 Ed.
1028 1915 1053 1966 t.
1079 1912 1130 1982 qui
1153 1914 1184 1964 in
1207 1927 1274 1964 ann.

127 1983 202 2039 adh.
214 1984 233 2034 1.
255 1985 308 2037 ait:
328 1985 435 2060 Vulgo.
456 2000 515 2038 esee
535 1985 670 2050 dicuat,
690 1994 720 2040 et
738 2002 797 2039 ease
815 1986 946 2038 ducunt
965 1986 996 2036 in
1015 1984 1155 2037 orationis
1170 1983 1277 2035 seriem

126 2055 248 2125 recepit.
290 2030 424 2108 Proband'
435 2073 464 2107 m
490 2074 549 2110 esse
574 2073 636 2110 eam
664 2057 854 2111 mutationem
879 2073 938 2110 nou
965 2054 1098 2108 dixerim.
1137 2053 1193 2108 Sed
1217 2068 1277 2106 non

126 2126 237 2249 prk.
257 2127 316 2178 fuit
334 2126 600 2197 reprehendendus,
631 2127 679 2182 sed
696 2129 768 2182 Dav.
796 2128 840 2182 Aa
858 2145 921 2183 rem
940 2129 977 2180 of.
997 2125 1150 2197 Dausquej.
1169 2123 1205 2177 ad
1222 2122 1275 2178 sit.

126 2199 191 2252 lta.
233 2201 318 2253 ute.
357 2200 416 2251 Mr.

198 2215 274 2324 guae
293 2270 404 2338 quidem
428 2269 470 2323 lta
494 2279 602 2347 gerunt
620 2279 700 2340 ομιτς
726 2277 767 2337 ut,
792 2272 817 2325 si
845 2289 913 2324 usus
938 2269 1031 2335 ferat]
1067 2269 1174 2341 Vulgo,
1202 2268 1277 2322 Quae

126 2340 234 2407 quidem
259 2341 301 2391 ita
323 2349 469 2414 geruntur
491 2351 566 2412 apte,
594 2350 635 2404 ut,
665 2343 694 2395 el
716 2354 784 2395 utus
807 2344 886 2396 toret
913 2348 967 2394 etc.
1004 2339 1060 2395 Sed
1078 2339 1176 2392 iocum
1195 2344 1277 2391 recto

126 2413 278 2463 constituit
297 2410 340 2462 cl.
361 2413 519 2467 Bentleiua.
557 2413 643 2466 Certe
661 2419 772 2479 gerunt,
800 2429 858 2466 non
883 2417 1028 2480 geruntur,
1053 2410 1146 2464 estin
1163 2407 1274 2463 Eliens.

125 2499 176 2604 prd
199 2490 228 2534 et
248 2480 372 2605 aDlteram
399 2485 589 2537 mutationem
615 2484 744 2554 postulat
768 2483 920 2549 Latinitas,
948 2490 982 2535 ut
1007 2483 1096 2535 etiam
1120 2479 1277 2532 Lambinus
1315 2495 1329 2522 ·
1376 2520 1382 2535 1

126 2554 157 2604 vi
179 2554 210 2604 it.
277 2591 283 2603 .

126 2640 267 2749 arati?
286 2625 654 2752 iiiiii-‚liiii
670 2626 1276 2768 ttttiltllttttt‘ttt{ittet

126 2766 248 2830 Davisii,
267 2767 366 2819 Duisb.
395 2777 424 2823 et
452 2788 542 2846 marg.
567 2767 621 2821 Ed.
648 2770 727 2822 Orat.
763 2718 882 2839 Rffiliiqui
907 2786 1005 2822 omnes
1023 2769 1055 2820 in
1073 2767 1188 2819 Passivo
1207 2780 1276 2817 con·
1299 2764 1304 2770 ’

127 2838 249 2906 spirant,
276 2838 353 2908 quod
379 2839 517 2892 defendit*
533 2840 645 2912 Wopk.
675 2841 771 2892 allatis
798 2839 879 2906 iocis,
914 2840 1015 2908 quibus
1044 2838 1183 2891 Activum
1207 2852 1276 2888 cum

127 2908 242 2961 Passivo
271 2913 459 2981 componitur
486 2910 604 2976 (Tusce.
625 2911 678 2963 lli.
697 2915 747 2976 39.
774 2912 824 2964 lv.
844 2915 869 2966 9.
898 2910 934 2963 de
952 2910 1038 2966 Finn.
1058 2909 1097 2960 11.
1119 2911 1162 2963 15.
1183 2907 1219 2960 de
1237 2906 1274 2958 N.

124 2979 159 3033 D.
180 2979 233 3031 111.
261 2980 316 3046 1⁰.)
342 2983 482 3052 probante
504 2982 617 3035 Handio
644 2983 674 3035 in
699 3000 764 3035 ann.
791 2981 826 3035 ad
849 2980 962 3052 Wopk.
988 2981 1008 3032 l.
1029 2998 1053 3032 c.
1081 2997 1109 3032 n.
1134 2981 1194 3034 101.
1224 2975 1277 3061 qui

124 3050 221 3103 addit:
241 3070 330 3116 „nam
347 3062 550 3125 praeterquam
569 3053 646 3124 quod
663 3053 720 3106 boc
737 3059 879 3122 geruntur
899 3050 1119 3122 inter-potationi
1142 3049 1277 3101 librario-

125 3139 192 3173 rum
211 3119 310 3175 deberi
328 3125 378 3176 vix
398 3125 537 3180 credibile
556 3132 608 3189 est,
628 3124 765 3177 adhaeret
782 3125 870 3178 etiam
889 3122 985 3193 aliqua
1005 3123 1120 3192 ineptae
1138 3117 1276 3171 dictionis

124 3192 236 3312 ἱρμοίοε
254 3190 300 3244 his
319 3194 429 3279 verbisa
449 3213 528 3248 arma
547 3198 587 3247 ita
606 3204 672 3281 apte
690 3204 808 3271 gerunt,
827 3203 860 3280 ut
872 3193 1015 3278 expeditis
1032 3192 1121 3243 armis
1139 3200 1172 3290 ηιξ
1184 3205 1277 3312 rpem·

125 3274 501 3389 §attitulatis
513 3267 802 3392 litttt‘lllt
822 3266 1151 3403 tltttttt‘ttlt
1166 3275 1278 3386 nii}

125 3402 290 3466 Kiihnerus,
311 3404 346 3457 ad
363 3423 434 3477 quos
454 3425 532 3461 nunc
550 3410 637 3461 etiam
657 3426 686 3461 se
704 3408 832 3479 applicat
849 3408 897 3463 Or.
918 3406 954 3461 ad
970 3406 1003 3460 F.
1020 3406 1053 3458 A.
1068 3403 1176 3460 Wolfii
1194 3401 1277 3454 sobo·

125 3474 176 3527 las.
196 3475 369 3529 Bouhierius
388 3493 503 3547 quoque
522 3480 580 3531 iam
604 3478 717 3549 pridem
736 3480 884 3533 Passivum
906 3476 1132 3549 praeferendum
1151 3474 1274 3529 censuit.

125 3544 194 3598 Cod.
215 3550 290 3600 Mon.
313 3554 337 3603 1.
359 3555 456 3617 aperte
473 3567 528 3620 pro
546 3557 618 3618 apte.
654 3551 716 3602 Mr.

195 3625 235 3681 at,
263 3620 290 3670 al
314 3635 379 3672 aare
403 3621 516 3685 ferat,
536 3655 569 3665 -
593 3638 721 3690 pugnare
742 3621 910 3690 possint]
947 3622 1007 3685 „be
1030 3621 1134 3675 endum
1152 3621 1277 3671 fortasse

125 3696 182 3740 est:
211 3691 238 3741 al
256 3706 323 3742 aeae
341 3693 439 3756 ferat
463 3690 566 3769 [vulgo
586 3695 664 3751 enim
684 3695 781 3746 editur
804 3694 912 3760 foret]:
942 3638 1030 3746 Nihii
1046 3701 1144 3745 tamen
1163 3696 1277 3770 mutan·

124 3756 192 3810 dum
211 3760 372 3814 arbitror.“
390 3762 549 3816 Lambinus.
587 3764 718 3818 Rentleio
743 3765 773 3816 in
792 3772 921 3818 mantem
939 3766 1022 3818 venit
1039 3762 1137 3827 faerit,
1164 3767 1226 3811 tum
1246 3755 1278 3810 rd

125 3830 231 3898 ipsum,
266 3831 342 3900 quod
372 3835 486 3902 pridem
516 3836 681 3889 coniecerat
707 3835 872 3900 Lambinus,
902 3839 987 3901 serat,
1017 3835 1085 3905 quia
1111 3841 1277 3900 temporum

123 3901 199 3952 ratio
219 3917 276 3953 non
295 3903 422 3957 admittit
440 3906 592 3981 vulgatum
611 3910 693 3972 foret,
713 3907 864 3959 defensum
882 3907 986 3975 absque
1004 3906 1117 3958 ratione
1135 3920 1152 3954 a
1165 3898 1276 3969 Wopk.

123 3989 151 4041 p.
180 3975 241 4030 271,
267 3990 283 4024 a
306 3972 444 4028 Bubierio
472 3984 500 4029 et
523 3976 653 4030 oliveto.
684 3977 849 4030 Bentleium
883 3977 974 4030 secuti
1004 3982 1072 4028 sunt
1103 3971 1173 4025 Dav.
1203 3971 1275 4023 Era.

122 4043 267 4096 Fawotf.
290 4062 367 4114 seqq.
406 4047 461 4098 Pro
479 4048 570 4112 faerit
588 4066 625 4102 na
644 4049 710 4118 quis
728 4048 827 4101 laudet
845 4046 946 4100 Tusco.
965 4046 1013 4098 lv.
1028 4049 1053 4101 3.
1072 4047 1103 4099 5:
1123 4045 1157 4097 de
1176 4043 1278 4096 celeria

123 4115 232 4167 stadiis
250 4115 308 4166 alio
328 4118 388 4168 loco
407 4117 574 4184 dicemus,
598 4118 627 4171 ai
644 4134 711 4171 aeus
728 4119 857 4184 fuerit:
887 4117 937 4170 bic
956 4119 1033 4171 enim
1051 4115 1138 4186 plane
1157 4115 1214 4168 alia
1233 4121 1279 4167 est

123 4193 289 4254 temporum
309 4189 391 4240 ratio.
430 4189 513 4241 Forat
532 4191 695 4260 probarem,
722 4192 747 4243 si
774 4199 946 4259 sequeretur
961 4192 1082 4257 possent.
1119 4188 1194 4240 Nam
1221 4186 1278 4239 hoc

124 4255 242 4324 quidem
261 4276 331 4312 vere
349 4260 425 4312 dixit
437 4259 526 4317 Boub.
546 4279 636 4330 aeque
655 4261 757 4315 Latine
775 4262 835 4313 dici
853 4277 922 4313 aaut
940 4267 980 4313 est
999 4268 1028 4314 et
1046 4275 1111 4311 usae
1127 4260 1191 4323 fert.
1211 4257 1276 4311 Vid.

124 4341 175 4376 nos
199 4327 230 4376 in
250 4327 395 4394 symbolis
420 4331 506 4386 Critt.
535 4332 570 4385 ad
599 4334 659 4386 Cic.
680 4333 701 4386 1.
727 4351 756 4402 p.
777 4336 820 4388 18.
857 4332 937 4385 Adde
957 4331 987 4384 C.
1013 4331 1042 4383 Ρ.
1061 4330 1194 4399 Kayseri,
1225 4333 1278 4379 rod

122 4399 870 4543 ttttttl‘tteattestatae:-
886 4401 948 4530 a
963 4403 1030 4530 t
1049 4398 1198 4526 tale
1214 4397 1277 4522 ta

154 4485 196 4522 ²·
307 4487 336 4545 g·
427 4492 540 4545 .p..
596 4492 697 4532 ο..
948 4475 1086 4542 ,tap-
1134 4486 1225 4524 σιω

1056 4809 1072 4837 Ι
