2828 5070
590 306 718 372 nmen
737 309 765 389 1,
785 309 816 374 c.
1240 313 1282 379 ιι
1340 382 1346 389 ,

145 480 312 551 nonsart,
342 472 429 537 nihil
461 482 601 557 possunt
626 495 715 538 esse:
748 476 796 536 ita
824 493 865 537 ne
892 476 1008 538 miseri
1034 475 1167 558 quidem
1187 487 1277 545 sunt.

141 557 174 619 l.
192 555 268 618 Non
288 556 366 618 dico
384 561 527 621 fortasse
547 560 658 634 etism,
682 556 770 639 quod
790 557 916 618 sentio:
948 577 1022 619 nom
1043 559 1134 622 istud
1155 563 1277 643 ipsum,

141 658 196 700 non
215 658 298 715 enee,
319 659 420 720 quum
440 642 556 713 fueris,
577 643 803 704 miserrimum
831 647 922 720 puto.
964 639 1015 703 Μ.
1038 640 1144 704 Quid!
1177 645 1318 708 mise-1³

140 722 211 796 rins,
231 740 330 802 quam
351 723 486 784 omnino
507 742 673 804 nunquam
692 719 813 784 fuisse!
855 721 918 796 lta,
950 724 1007 802 qui
1035 722 1179 786 nondum
1206 729 1277 788 neti

136 811 215 881 sunt,
236 804 356 866 miseri
376 806 442 865 inm
466 812 554 882 eunt,
576 807 742 886 quianon
763 812 855 865 sunt:
889 812 924 864 et
945 823 1016 881 nos,
1043 806 1072 864 ni
1093 815 1169 883 post
1187 829 1277 870 mor-

136 892 193 947 lsm
224 887 344 947 miseri
378 889 485 948 futuri
516 907 641 964 snmus,
680 888 794 948 miseri
820 887 953 957 fuimns,
988 894 1162 968 antequam
1194 890 1276 952 nati.

135 1039 185 1083 est:
209 1046 260 1084 ess
276 1046 340 1084 esse
360 1031 439 1084 modo
467 1033 600 1099 negabas,
629 1030 673 1085 ele
694 1031 790 1084 entius
815 1032 937 1086 seilicet.
973 1034 1079 1089 Vocem
1098 1052 1147 1089 eos
1164 1039 1278 1093 omittit

136 1099 192 1153 cml
213 1098 292 1154 Gud.
314 1117 418 1155 vocem
440 1116 500 1155 esse
525 1101 599 1155 Edd.
623 1101 658 1154 A.
709 1144 716 1158 .
743 1099 771 1154 S.
793 1101 828 1156 Ε.
857 1101 938 1157 Junt.
978 1103 1014 1158 In
1040 1123 1119 1176 seqq.
1144 1107 1229 1162 vind
1249 1114 1276 1166 l.

103 1222 106 1233 ,
134 1169 209 1225 hbet
225 1170 303 1225 sitit
319 1189 379 1225 csse
395 1178 522 1242 possunt.
554 1174 614 1227 Mr.

191 1242 234 1295 iso
254 1260 290 1296 ne
307 1242 404 1296 miseri
431 1243 536 1313 quidem
562 1244 668 1312 suni]
697 1242 764 1299 cod.
791 1244 866 1299 Gnd.
886 1247 912 1301 2.
931 1247 1043 1300 omittit
1060 1265 1102 1302 ne.
1139 1249 1222 1303 Libri
1239 1250 1277 1305 sd

135 1328 213 1365 snum
230 1329 335 1367 omnes
352 1312 461 1367 habent
478 1320 553 1381 suni,
585 1316 663 1385 quod
685 1314 796 1371 delevit
814 1333 850 1370 ex
872 1317 998 1371 Bentleii
1021 1325 1050 1370 et
1066 1320 1183 1375 Ernesti
1210 1339 1278 1375 sen·

136 1384 214 1437 lentis
231 1383 381 1439 FAWoli.
401 1383 628 1439 subandiendum
645 1403 706 1440 esse
723 1387 822 1439 dicens
840 1403 899 1442 non
913 1393 984 1451 sunt,
1003 1389 1054 1442 sed
1071 1405 1131 1443 esse
1145 1399 1276 1459 posunt.

136 1453 505 1530 loosdnntliorgsnstern.
525 1455 622 1526 p.v1.
648 1458 701 1525 qui
718 1456 816 1511 laudat
840 1456 862 1522 i.
883 1461 931 1514 14:
964 1459 1097 1514 Quoniam
1119 1463 1275 1527 extorsisti,

136 1530 161 1575 st
172 1526 292 1589 {deren
312 1528 358 1592 osi
375 1525 485 1581 omnino
501 1542 555 1579 non
572 1533 677 1591 essent,
695 1542 743 1580 eos
761 1544 795 1580 ne
805 1528 919 1582 miseros
933 1530 1040 1599 quidem
1058 1546 1136 1584 esse
1150 1548 1275 1599 posses

137 1591 242 1648 Schitz.
264 1594 408 1651 Goerenz.
428 1593 464 1649 sd
481 1595 544 1648 Cic.
567 1594 603 1651 de
621 1596 707 1649 Finn.
734 1597 758 1651 1.
780 1600 821 1654 15.
842 1602 885 1655 49.
904 1617 932 1669 p·
952 1601 996 1655 ot.
1034 1600 1100 1677 Ego
1119 1619 1189 1656 vero
1207 1620 1275 1656 cum

136 1662 232 1720 mettio
260 1667 373 1721 veritus
397 1684 472 1730 snm,
499 1684 536 1720 ne
560 1667 656 1737 ipsum
679 1666 847 1723 Ciceronem
871 1671 1066 1745 corrigerem:
1101 1690 1274 1743 quemquam

135 1734 181 1789 'sto
195 1742 273 1801 suni,
293 1735 409 1790 etiamsi
426 1735 477 1791 vel
493 1734 550 1790 hoc
568 1736 796 1792 subaudiendum
814 1748 898 1806 esset,
930 1739 1044 1794 honde
1134 1759 1272 1798 carerem.

135 1802 229 1859 lond.
248 1806 286 1859 ll.
306 1807 368 1859 scri
388 1812 453 1861 tum
472 1814 529 1873 est:
547 1806 590 1860 ita
607 1808 799 1877 nequidem
816 1809 911 1864 miseri
928 1817 1001 1864 snm.
1028 1810 1063 1863 K'
1118 1829 1184 1865 erus
1202 1829 1275 1882 quo-

134 1892 180 1947 qu
195 1876 286 1930 slsiiei
304 1877 372 1932 vols
407 1883 502 1930 tssni
519 1876 637 1933 lsudsns
660 1894 684 1930 c.
703 1881 750 1942 ³6,
769 1882 811 1935 88.
841 1881 902 1933 Mr.
1351 1948 1353 1953 γ

190 1946 256 2001 Non
272 1947 340 2002 dico
357 1949 481 2013 fortasse
500 1947 596 2013 etiam,
618 1949 693 2019 quod
710 1949 813 2016 sentio]
851 1951 949 2006 liliam
975 1952 1087 2007 omittit
1105 1951 1174 2010 nol.
1197 1952 1272 2029 Aug.

132 2014 178 2071 lld.
192 2018 266 2074 Ver.
285 2017 385 2071 Alteri
401 2016 499 2084 habet,
519 2035 555 2074 ex
572 2034 661 2086 corn,
678 2020 824 2084 [orturis.
852 2021 907 2077 Ed.
932 2023 968 2077 ll.
987 2024 1076 2077 sciam
1098 2041 1153 2095 pro
1176 2023 1274 2079 eliam.

132 2085 196 2142 'im
211 2087 308 2144 llehd.
329 2088 411 2142 ilisd.
430 2088 532 2141 Duisb.
560 2088 846 2157 immisionem
871 2092 942 2168 Reg.
964 2099 987 2150 Ι.
1007 2097 1033 2150 2.
1054 2098 1081 2151 3.
1100 2100 1127 2153 4.
1147 2097 1223 2148 Μοιι.
1242 2097 1272 2151 2.

131 2157 204 2217 rud
222 2164 252 2216 l·
271 2162 299 2216 ².
326 2157 402 2212 Gud.
424 2164 448 2214 1.
467 2162 493 2215 2.
519 2156 591 2212 Edd.
615 2160 700 2214 Grut.
728 2159 820 2213 Gron.
844 2160 905 2216 An.
930 2163 1003 2216 Ero.
1027 2163 1099 2220 st.
1121 2169 1146 2222 1.
1174 2164 1273 2219 istuc

131 2226 221 2297 ism.
241 2230 312 2283 linx
330 2227 399 2282 God.
418 2231 493 2282 Mon.
513 2233 537 2285 1.
558 2247 640 2300 quum
656 2231 747 2296 lucris
763 2231 923 2298 primum.
951 2234 1005 2286 Ed.
1024 2233 1060 2287 ll.
1079 2251 1157 2301 quum
1180 2235 1273 2302 [neris

129 2300 244 2367 prius
262 2301 294 2353 in
314 2317 371 2370 qus
388 2300 451 2369 ipss
468 2300 639 2354 diversitate
656 2302 790 2375 agnoscis
827 2302 940 2357 losssm.
968 2303 1037 2358 Cod.
1057 2304 1141 2357 Bern.
1169 2306 1272 2360 miser·

131 2368 226 2424 num
245 2387 331 2424 esse
344 2376 425 2438 puto:
454 2368 503 2424 sed
517 2384 591 2423 ,esse
613 2369 671 2423 slis
695 2389 771 2424 msn.
819 2371 920 2426 elevit.
956 2372 1010 2426 Per
1031 2374 1056 2424 it
1073 2370 1160 2426 Der:
1197 2376 1273 2431 Quid

129 2440 265 2506 niseriss,
283 2456 367 2525 quarn
384 2472 418 2482 -
437 2448 467 2493 et
485 2439 526 2492 sic
543 2438 679 2510 plerique
698 2456 798 2495 omnes
816 2448 882 2494 snte
902 2459 976 2495 eum.
1007 2392 1030 2494 ᾗ

129 2508 266 2589 distingui
284 2511 382 2575 iussit,
400 2517 435 2562 ιιι
451 2526 503 2562 nns
521 2509 645 2563 fecimus
672 2527 739 2563 cum
757 2510 830 2564 Ern-
849 2511 944 2566 Wolf.
971 2510 1060 2566 Orell.
1096 2510 1186 2567 Recte
1209 2512 1271 2566 llil-

91 2626 93 2641 .
129 2578 192 2635 hrt.
211 2580 404 2636 admiseritis
427 2578 525 2633 intel⁰
547 2581 572 2633 it
593 2585 685 2647 pistas.
723 2581 838 2636 Nissen.
856 2582 877 2633 l.
898 2599 922 2635 c.
948 2600 978 2653 p.
997 2585 1022 2638 4.
1049 2582 1199 2659 rulgstsm
1226 2584 1272 2637 di·

129 2653 315 2707 ιιίιιιιίοιιοιιι
332 2650 471 2713 defendit,
491 2667 524 2700 su
543 2650 661 2703 audiens
679 2650 781 2717 igitur.
814 2652 941 2706 Bentleii
960 2653 1191 2708 emendationem
1202 2654 1271 2724 quin

128 2737 177 2776 son
194 2721 391 2776 necesssrism
409 2720 556 2774 existimat
574 2718 753 2785 Bouhierius,
783 2721 906 2775 sirecte
932 2725 1137 2793 interpreteris
1156 2733 1271 2779 senten·

128 2793 225 2847 mmm
245 2808 369 2845 nexum:
402 2791 434 2843 in
459 2805 516 2859 quo
544 2805 597 2844 nos
621 2793 833 2845 consentientes
858 2792 952 2848 hebet.
981 2826 1014 2838 -
1051 2793 1105 2848 Pro
1131 2811 1271 2863 nunquam

128 2879 211 2941 ως.
232 2861 316 2917 Grst.
334 2877 403 2913 none
421 2871 451 2913 et
469 2860 511 2913 sic
530 2858 599 2915 Cod.
617 2858 707 2914 Rehd.
735 2858 791 2915 Sed
803 2861 890 2914 Mei-b.
908 2862 994 2917 habet
1011 2881 1169 2932 nusquam.
1190 2867 1270 2921 idem

126 2949 185 2989 nox
203 2932 361 2987 mensim.
380 2927 465 2984 Vind.
485 2927 548 2983 noti
565 2931 693 2983 nondum.
713 2932 789 2985 Mon.
801 2934 826 2987 2.
846 2932 967 2985 nondum
983 2934 1047 2986 noti
1064 2935 1176 2987 eiiam
1193 2943 1268 2988 sunt.

126 3001 191 3059 Tum
209 3003 268 3058 Ed.
288 3003 326 3054 Μ.
345 3001 463 3054 inverso
482 2999 597 3053 ordine:
617 2999 685 3070 qnia
702 3016 756 3053 non
775 3007 847 3064 sunt,
867 3003 967 3056 miseri
984 3004 1043 3055 inm
1060 3012 1133 3058 sunt.
1169 3006 1269 3058 Paullo

125 3076 254 3147 superins
273 3071 345 3127 Cod.
363 3071 437 3144 Aug.
456 3085 522 3122 nam
539 3070 654 3138 ipsum
672 3086 727 3123 nen
745 3086 804 3123 esse
821 3071 938 3139 ipsum
956 3088 1033 3124 cum.
1071 3074 1129 3126 Mr.

183 3147 226 3199 Es
246 3158 310 3207 nos,
329 3140 358 3194 si
372 3139 574 3209 postmortem]
609 3139 714 3215 Vulgo,
733 3146 760 3193 el
778 3155 828 3193 nos
846 3142 914 3210 ipsi,
933 3141 962 3194 si
975 3148 1040 3225 post
1059 3150 1113 3196 etc.
1150 3147 1269 3209 Vocem,
1345 3176 1348 3181 ν

170 3234 202 3271 m
229 3213 411 3276 delevimus,
438 3212 574 3264 nesciunt
596 3208 666 3286 lieg.
692 3210 764 3266 Med.
790 3209 906 3263 leliol.
932 3211 1040 3282 aliique
1066 3211 1194 3267 codices.
1231 3214 1268 3267 D.

123 3234 220 3342 fflm
240 3283 429 3358 Verbnrgius,
456 3279 608 3334 Dnvisium
627 3281 658 3333 in
676 3280 729 3335 Ed.
747 3298 793 3351 pr.
812 3298 828 3334 e
848 3279 915 3337 Cod.
936 3280 1069 3338 cantabr.
1088 3291 1203 3338 notasse
1228 3284 1270 3337 ibi

97 3338 103 3352 ’
122 3356 176 3442 ιφ
194 3357 232 3409 in
251 3370 331 3438 seqq.
367 3352 440 3419 Ego,
458 3358 600 3422 antequam
617 3357 700 3404 natus
718 3367 783 3416 sun,
802 3368 936 3422 nonquam
953 3350 1069 3419 memini,
1088 3369 1127 3407 me
1144 3353 1270 3409 miserum

121 3429 215 3494 fusse.
255 3424 297 3477 Et
314 3430 356 3475 ιιι
373 3425 438 3477 fere
455 3430 554 3475 noster
571 3418 669 3476 Duisb.
707 3422 767 3476 Mr.

182 3499 227 3551 lit
255 3509 307 3549 nos
331 3492 422 3561 ipsi,
444 3492 484 3560 si]
521 3490 593 3545 Cum
617 3490 688 3547 Dar.
722 3493 894 3547 auctoritate
924 3494 1101 3565 optimorum
1129 3495 1269 3551 codicum

120 3568 214 3625 delevi
234 3581 338 3619 vocem
357 3563 414 3632 ipsi
419 3580 429 3627 ς
448 3561 660 3634 oppositionem
678 3564 757 3616 enim
776 3565 845 3617 estis
863 3564 1004 3617 sentimus
1021 3567 1127 3636 absque
1146 3585 1187 3624 es.
1212 3568 1269 3621 lin-

120 3638 272 3695 lentem
292 3634 407 3705 quidem
426 3650 525 3687 omnes
543 3633 606 3687 iere
624 3634 718 3686 nostri
735 3633 815 3697 libri,
834 3633 893 3698 sed,
912 3642 946 3686 ut
963 3635 1035 3702 dixi,
1054 3639 1183 3709 exceptis
1194 3640 1269 3710 opti·

120 3712 170 3765 nis
189 3708 267 3784 Reg.
289 3707 359 3761 1.ι.
378 3704 451 3757 Gon
473 3709 497 3759 l.
516 3706 543 3758 2.
562 3701 661 3756 Duisb.
681 3704 768 3756 Marb.
788 3705 862 3756 Mon.
884 3708 908 3758 1.
935 3705 1082 3762 Bentleius
1102 3709 1267 3785 corrigens:

120 3786 225 3843 etms,
247 3774 309 3847 qsi
328 3781 392 3843 post
417 3782 472 3829 etc.
500 3772 670 3827 Ciceronem
699 3774 837 3829 correxit.
882 3774 917 3826 ln
936 3794 1014 3846 seqq.
1041 3777 1109 3832 Cod.
1137 3780 1221 3834 Vind.
1241 3784 1267 3833 2.

119 3848 202 3907 hbet
221 3845 323 3901 miseri
340 3860 450 3899 snmus
467 3861 521 3914 pro
539 3843 648 3909 fuimus.
681 3844 845 3914 Utrumque
863 3845 1035 3899 vocabulum
1060 3849 1173 3901 omittit
1196 3849 1266 3905 cod.

120 3922 205 3977 urb.
245 3916 346 3999 Pergit
364 3914 431 3972 cod.
448 3913 565 3970 nomn:
596 3931 649 3983 ego
667 3921 810 3985 antequam
828 3931 885 3968 sum
903 3923 986 3970 natue
1012 3934 1186 3988 nunqnam
1211 3937 1268 3973 me·

120 3993 187 4047 nini
216 4007 261 4044 ene
284 4003 413 4042 miserum
429 3985 526 4052 fuisse.
551 3984 643 4040 liehd.
673 3987 761 4039 etism
779 3986 894 4041 memini
916 4005 972 4058 pro
997 3988 1177 4043 commemini:
1204 4000 1267 4045 tum

120 4064 201 4119 Bes-n.
225 4080 263 4116 ex
282 4076 358 4113 corr.
383 4073 490 4110 essem
515 4060 605 4111 notus.
632 4057 716 4109 Vind.
737 4061 763 4113 l.
782 4055 857 4134 Aug.
876 4066 960 4112 natus
987 4076 1110 4125 essem‚·
1137 4061 1220 4115 Vind.
1244 4069 1268 4118 1.·

114 4128 235 4200 'inisse
252 4147 294 4184 ms
310 4129 451 4183 miserum.
475 4126 564 4180 liehd
583 4129 705 4188 ilioni.
733 4133 816 4180 nnius
842 4144 911 4184 sum.
942 4129 990 4181 Fr.
1017 4131 1101 4187 Febr.
1124 4147 1163 4184 sne
1187 4150 1267 4187 esse

121 4208 259 4260 miserum.
281 4199 357 4255 Edtl
379 4199 410 4253 A.
431 4199 460 4251 B.
480 4199 509 4253 S.
528 4197 599 4251 Med
619 4196 675 4269 (ap.
695 4197 807 4258 Reiek.)
824 4207 1001 4253 menatem
1018 4202 1155 4255 miserum.
1173 4204 1267 4258 Verbo

122 4273 284 4332 meremini
301 4287 369 4325 raro
387 4287 456 4323 usus
475 4276 519 4324 est
537 4267 657 4325 cicero.-
683 4276 726 4324 eet
744 4276 840 4322 sutem
857 4268 892 4325 de
910 4271 956 4327 Or.
975 4271 998 4324 1.
1022 4274 1066 4328 5³.
1086 4276 1151 4330 tlt:
1187 4291 1267 4343 quem

122 4345 248 4403 lenium
263 4343 356 4416 prode
373 4338 649 4396 commeminisse
666 4356 696 4394 se
715 4340 825 4393 aiebat:
850 4348 880 4395 et
904 4341 938 4395 de
957 4342 1005 4394 Or.
1024 4343 1075 4398 111.
1095 4347 1138 4399 22.
1159 4348 1206 4400 85:
1235 4343 1268 4396 id

123 4421 190 4487 μοι
213 4425 244 4474 ιιι
270 4421 348 4471 recte
373 4408 647 4469 commeministi.
692 4411 734 4466 De
761 4411 974 4489 significatione
996 4413 1080 4468 verbi
1111 4413 1219 4480 [secum
1237 4430 1265 4466 r.

1030 2443 1120 2495 rimus
1138 2444 1271 2497 Pesrcius
