2828 5070
537 302 665 365 return
685 300 731 383 11,
749 302 780 371 s

203 464 332 531 Probae
353 466 417 532 e'tsi
436 468 472 531 in
491 477 628 548 segetem
649 465 725 531 seint
745 464 935 530 deteriorem
956 466 1053 529 detoe

74 662 329 786 immpi'ffin‘m
345 665 467 736 recepit.
503 664 674 719 Bouhier-ius
691 664 797 719 lllureti
816 662 1045 718 emendationem
1062 663 1147 716 unice
1165 676 1233 734 prc-

94 741 131 786 fit·
204 750 232 787 re

143 805 313 876 ratamque
339 805 413 859 illud
437 821 471 860 ec
497 808 632 878 improbe,
655 807 720 863 Etsi
747 807 780 859 in
795 824 825 860 se
878 806 936 874 em]
973 805 1023 860 Sic
1040 805 1130 859 blasti.
1155 804 1233 874 quoe

74 893 141 927 cum
159 877 234 929 male
253 875 355 928 Latine
374 877 529 944 diceretur,
557 879 710 932 Lambinus
734 895 817 931 einen
853 879 940 931 ndum
966 876 1080 948 putavit
1104 875 1233 945 falsoque

75 945 151 998 e'lled
168 961 203 997 ec
220 947 353 1015 improbe.
390 947 445 1001 Sed
462 951 578 1025 gravius
596 950 668 1004 latet
686 949 831 1014 incudum,
856 948 996 1012 feliciter,
1023 955 1058 1000 ut
1075 947 1188 1016 opiner,
1215 963 1233 1001 e

73 1019 187 1069 Murato
206 1018 362 1081 sublatum3
387 1037 452 1070 nam
480 1037 546 1072 cum
572 1020 648 1073 liber
675 1021 735 1072 eius
754 1019 834 1074 daret
851 1018 1009 1088 falsumque
1036 1017 1160 1072 illudet
1178 1015 1233 1069 ies·

72 1089 187 1154 probae,
206 1090 255 1140 vir
273 1089 326 1140 ille
344 1088 522 1144 doctissimus
541 1093 606 1145 var.
626 1094 705 1146 Lect.
725 1091 776 1143 lib.
796 1091 870 1146 XVI.
890 1107 951 1160 cap
971 1091 1015 1145 2⁰.
1038 1088 1156 1160 reponit
1172 1087 1233 1154 fal·

74 1172 186 1227 eurique
204 1159 275 1213 illue
291 1159 404 1225 Arete,
423 1163 471 1215 rel
489 1161 584 1226 Accii,

239 1229 348 1284 Probae
366 1231 420 1285 etes’
437 1231 469 1285 e'n
486 1241 607 1301 segetem
626 1243 680 1287 etc.
802 1282 808 1294 .

74 1299 153 1352 llaec
171 1309 267 1353 autem
285 1303 438 1368 correctio,
461 1304 534 1357 licet
556 1305 600 1358 ele
696 1312 726 1358 et
750 1312 834 1357 acuta
851 1303 994 1368 rideatur,
1021 1300 1115 1355 nihilo
1133 1308 1232 1355 nmen

73 1370 169 1423 minus
186 1373 333 1424 nonnullis
359 1373 480 1427 habetur
502 1322 732 1441 reiimiiiimnsm
750 1375 801 1444 qui
827 1383 987 1443 sequuntur
1013 1372 1154 1426 versiculi
1172 1389 1232 1426 nun

72 1442 196 1494 Accium
221 1451 343 1565 patrem,
372 1445 420 1497 sed
442 1445 613 1515 Euripidem
637 1446 798 1510 vindicant,
824 1445 851 1497 si
878 1444 961 1499 modo
984 1461 1103 1528 scopum
1128 1430 1231 1518 tetigit

73 1513 154 1567 Hier.
183 1514 221 1567 Co
236 1531 321 1567 uinea
345 1515 430 1600 Frag.
457 1517 533 1568 Eun.
559 1534 625 1592 pag.
644 1519 705 1575 24&
733 1517 802 1571 illos
818 1533 854 1570 ex
875 1515 956 1571 bisce
972 1514 1141 1585 Euripideie
1158 1512 1229 1568 llec.

71 1601 114 1637 vs·
135 1587 196 1641 592.
214 1602 311 1639 versos
329 1587 509 1643 existimans:
885 1606 888 1613 ·

240 1687 273 1698 -
293 1656 404 1712 Οὔκουν
420 1659 522 1724 δεινόν,
540 1659 567 1715 εἰ
583 1661 619 1729 γῆ
635 1659 690 1730 μὲν
703 1664 786 1729 mil,

117 1782 120 1787 ,
241 1731 374 1794 Τυχοῦσα
392 1734 488 1799 καιροῦ
506 1733 617 1798 bebbae,
635 1730 665 1788 ab
684 1734 791 1801 στάχυν
807 1730 904 1803 piper:

71 1797 229 1853 Hominem
246 1799 459 1853 nobilissimum
475 1803 609 1872 sequitur
626 1803 836 1857 eruditissimus
855 1803 890 1855 G.
904 1800 931 1854 J.
941 1798 1055 1853 Vossius
1071 1797 1107 1852 ad
1123 1800 1229 1874 fragm.

71 1869 187 1942 Tragic.
207 1888 271 1945 pag.
291 1872 334 1925 31.
372 1871 420 1937 At,
439 1890 476 1926 ne
494 1892 629 1927 versuum
645 1875 873 1944 Euripideerum
891 1879 1027 1925 mentem·
1056 1887 1153 1924 rorsus
1171 1886 1231 1925 esse

71 1940 248 1993 contrariam
266 1958 433 2008 memorem,
453 1944 549 1997 omnia
566 1952 633 1999 sunt
651 1942 770 1999 incerta.
806 1943 912 1996 Demus
931 1943 1010 1996 enim
1052 1942 1152 1995 ccubes
1171 1958 1231 1997 esse

70 2011 174 2063 verba:
208 2011 344 2065 Hecuben
370 2014 458 2066 etiam
475 2014 559 2067 Accii
581 2015 773 2091 Tragoediam
798 2014 894 2068 laudm
916 2013 1078 2066 Priscianus
1103 2012 1155 2064 lib.
1179 2012 1229 2067 Vl.

71 2081 126 2134 col.
148 2084 207 2137 716.
229 2091 257 2135 et
276 2085 405 2153 quarnvis
424 2102 460 2139 ex
476 2086 618 2156 Euripide
637 2103 695 2140 nou
713 2093 785 2141 esset
804 2084 941 2138 translata
964 2101 1019 2137 nec
1044 2083 1105 2154 ipsa
1122 2083 1232 2137 discre-

70 2162 154 2222 paret
172 2154 296 2207 immane
315 2163 455 2224 quantum
473 2158 633 2221 sententia;
653 2158 739 2212 facile
758 2167 856 2211 tamen
872 2156 939 2209 fieri
956 2155 1065 2224 potuit,
1090 2163 1123 2208 ut
1141 2153 1231 2219 Accio

71 2225 190 2277 eandem
214 2224 341 2280 fabulam
364 2228 502 2279 tractanti
531 2226 636 2280 similis
663 2229 863 2282 obversaretur
889 2224 991 2279 ἔννοια.
1039 2225 1107 2280 Non
1135 2225 1232 2300 igitur

71 2296 276 2359 exsibilandam
294 2305 365 2368 puto
383 2298 489 2367 lllureti
507 2299 714 2353 coniecturam.
751 2297 789 2351 D.
1048 2352 1051 2357 .

139 2366 304 2437 Faleamque
322 2366 396 2419 illud
412 2366 532 2434 Aece‘s‘,
559 2367 695 2423 Probae
716 2367 862 2435 eistete]
896 2367 968 2431 „lte
994 2365 1144 2442 ingeniose
1168 2367 1232 2431 Μαι,

69 2444 149 2489 retus
168 2455 184 2489 a
201 2438 333 2512 vestigiis
351 2437 422 2488 libri
440 2440 556 2504 veteris,
573 2440 609 2491 in
625 2455 692 2507 que,
717 2446 803 2502 utget
820 2438 853 2489 in
874 2437 986 2503 ,duobus
1004 2455 1035 2491 re
1057 2438 1103 2501 iis,
1128 2436 1232 2489 scribi·

69 2514 121 2558 tur
136 2507 290 2574 [oleumque
306 2506 379 2561 illud
395 2524 436 2560 ac
451 2509 646 2578 improbae,
657 2508 660 2513 ’
672 2507 727 2562 etsi
745 2507 901 2569 atcnullo
926 2510 1030 2561 sensu!
1067 2504 1231 2575 bellemen-

70 2593 131 2629 nue.
170 2578 356 2652 „Eleganter
381 2579 529 2635 Bentleius
559 2580 703 2634 correxit:
741 2580 907 2649 Faleampee
932 2579 1006 2633 ebed
1029 2577 1125 2632 Accii:
1162 2594 1231 2635 nam

70 2649 196 2718 improbi
222 2647 271 2701 hic
299 2649 378 2701 nihil
402 2651 474 2703 est.“
501 2651 645 2709 Erneetee.
682 2651 730 2705 Er
775 2669 809 2702 ua
837 2650 955 2726 egregia
980 2650 1095 2704 seilicet
1114 2659 1232 2705 annota-

71 2719 150 2771 tione
176 2720 286 2772 discere
309 2720 390 2783 licet,
417 2722 555 2792 primum,
585 2721 742 2774 Ernestum
789 2720 897 2783 entleii,
917 2721 1144 2787 annotationem,
1177 2723 1230 2792 qui

70 2792 183 2843 llureto
209 2809 270 2843 eain
294 2792 524 2846 emendationem
549 2792 663 2860 tribuit,
691 2808 748 2854 non
776 2800 909 2847 accurate
934 2793 1100 2864 inspexisse,
1125 2793 1230 2849 deinde

71 2878 137 2913 eum
154 2862 308 2914 dimidium
326 2871 438 2915 tantum
457 2863 665 2925 ernendationis
679 2863 864 2934 excerpsisse,
890 2863 1038 2933 reliquum
1055 2864 1228 2940 neglexisse.

70 2933 241 2986 Nisseniol„
263 2951 287 2986 c.
307 2950 336 3003 p.
356 2937 392 2990 43
410 2948 451 3005 sq.'
472 2935 576 2989 Accius
602 2951 658 2989 nec
683 2934 772 2995 falsus
795 2951 855 2988 esse
873 2950 926 2987 nec
945 2936 1039 2988 Marco
1065 2953 1229 3010 repugnare

69 3005 147 3057 visus
166 3013 215 3058 est.
254 3006 368 3072 „Nam,
392 3008 443 3073 ait,
469 3007 515 3061 uti
541 3007 641 3091 fruges
678 3005 772 3072 robae,
801 3006 855 3058 etsi
883 3005 914 3056 in
933 3005 1108 3059 deteriorem
1126 3023 1230 3080 agrurn

69 3075 150 3130 datae
168 3077 236 3140 sint,
256 3096 304 3131 sua
321 3086 424 3131 natura
442 3079 567 3143 enitent3
587 3096 627 3131 sic
646 3097 665 3149 p
689 3076 838 3148 ilcscphia,
866 3078 996 3146 quamvis
1014 3077 1143 3146 turpiter
1161 3076 1229 3146 pbi-

68 3147 182 3216 losopbi
200 3149 309 3213 vivant,
328 3166 378 3200 sua
396 3158 499 3201 natura
517 3150 684 3202 illustratur
700 3166 733 3201 ec
752 3147 932 3202 nobilitatur.
963 3146 1055 3212 Quare
1074 3164 1109 3199 an
1128 3148 1230 3221 legen·

70 3216 139 3268 dum
158 3218 196 3268 sit
215 3217 413 3287 salsumque,
433 3220 574 3273 doctiores
593 3218 755 3273 iudicent.“
782 3220 855 3271 Fere
874 3233 927 3291 ego
945 3217 1084 3269 insulsam
1102 3217 1230 3279 dixerim

68 3288 144 3339 hanc
164 3287 374 3340 coniecturam:
396 3290 467 3358 quid
484 3291 563 3342 enim
581 3290 649 3343 salsi
667 3289 699 3341 in
716 3289 791 3342 Attii
812 3288 924 3341 verbis?
951 3287 1088 3341 Ceterum
1105 3306 1159 3343 nec
1178 3306 1230 3347 no·

68 3359 123 3411 stri
142 3358 211 3410 libri
227 3356 246 3410 a
264 3358 446 3429 reliquorum
465 3360 602 3413 Codicum
619 3360 778 3431 scriptione
805 3358 953 3411 discedunt
971 3359 1003 3410 in
1022 3375 1053 3410 re
1071 3359 1227 3429 primariae

69 3430 102 3482 in
119 3429 296 3481 secundariis
321 3430 435 3499 aliquid
452 3432 598 3483 varietatis
625 3440 675 3485 est.
712 3432 794 3485 Unus
812 3430 862 3481 Ox.
882 3428 968 3481 habet
985 3428 1099 3496 salsum,
1126 3431 1229 3496 emisso
1286 3476 1289 3481 .

69 3516 133 3568 que:
153 3500 275 3555 llWolf.
296 3500 437 3569 foleopae3
457 3516 490 3553 ac
508 3502 630 3571 improbe
647 3502 755 3555 habent
772 3499 857 3555 Codd.
876 3500 917 3552 lle
940 3538 947 3550 .
968 3499 1043 3553 Gud.
1060 3505 1084 3555 1.
1104 3504 1131 3556 2.
1152 3501 1227 3579 Aug.

69 3571 156 3625 ltlarb.
183 3572 256 3624 Gud.
277 3571 373 3623 Duisb.
402 3588 499 3626 omnes
524 3574 594 3627 Oxx.
621 3576 695 3626 ltlon.
717 3576 741 3627 1.
761 3573 786 3626 l.
815 3571 900 3623 Bern.
951 3570 996 3624 dd
1025 3579 1097 3625 vett.
1119 3589 1227 3629 omnes.

68 3645 167 3695 Marco
186 3643 282 3696 lamb.
302 3644 454 3712 falsoque
472 3643 544 3697 illud
561 3650 666 3715 etque
684 3642 816 3712 improbe.
843 3640 910 3694 cod
929 3640 1020 3695 llcbd.
1047 3651 1077 3696 et
1094 3643 1147 3697 Ed
1167 3654 1227 3705 ret,

69 3688 218 3765 Roubierii
239 3714 402 3782 improbum.
439 3717 503 3769 l'ost
522 3714 575 3768 else'
593 3715 625 3767 in
644 3714 710 3768 eod.
729 3712 826 3767 Duisb.
847 3711 988 3779 inseritur
1013 3728 1079 3766 non.
1104 3714 1154 3767 Fr.
1175 3716 1230 3767 Fa·

69 3783 142 3833 bric.
163 3786 254 3835 refert
279 3786 310 3836 in
336 3786 542 3857 posterioribus
565 3789 595 3839 P.
615 3785 735 3839 Manutii
759 3782 831 3837 Ede
851 3782 883 3836 e'es
909 3784 1068 3854 repositum
1088 3801 1146 3837 esse
1164 3794 1229 3855 pest

67 3859 141 3906 eant.
179 3855 259 3907 Unus
283 3856 332 3908 Ox.
360 3856 447 3910 habet
469 3857 543 3911 sieut
567 3873 620 3927 pro
644 3861 718 3910 eant
756 3852 840 3907 Solus
866 3854 952 3906 vind.
973 3858 997 3909 l.
1025 3854 1113 3907 habet
1130 3855 1229 3910 locum

67 3925 288 3993 interpolatum:
316 3927 469 3997 falsumque
497 3934 549 3981 eet
567 3935 593 3981 et
610 3926 736 3997 improbe
759 3923 904 3989 dictum,
930 3924 980 3976 ubi
1005 3925 1135 4001 agnoscis
1157 3925 1229 3981 irri-

67 4005 131 4048 tum
151 3996 319 4049 emendandi
337 4000 511 4067 periculum.
532 3999 629 4052 Duisb.
649 3998 734 4051 habet
753 3995 921 4049 deteriorem
938 4002 1019 4065 eunte
1038 4004 1069 4050 et
1087 3995 1228 4059 itaatiain

66 4067 157 4121 llehd.
179 4068 209 4119 in
229 4084 285 4136 quo
305 4077 347 4121 est
367 4070 607 4142 delimbatas,
628 4080 656 4123 at
675 4070 707 4122 in
716 4086 802 4122 versu
810 4085 869 4137 seq.
887 4072 984 4135 suapte
999 4068 1087 4135 ipsae.
1108 4067 1182 4123 Gud.
1198 4071 1225 4125 2.

68 4140 180 4191 omittit
197 4144 310 4193 rectura.
339 4142 439 4216 Pergit
457 4143 529 4217 Aug.
549 4141 684 4206 emittent,
704 4150 733 4195 et
751 4139 808 4193 nis.
828 4139 862 4190 in
878 4157 969 4215 marg.
989 4139 1073 4193 Verb.
1094 4137 1227 4193 nitentur

68 4226 121 4277 pro
140 4210 250 4265 enitent.
275 4213 382 4266 Illurcti
401 4215 629 4267 emendationem
646 4222 711 4284 post
728 4212 798 4265 llas.
839 4211 930 4265 rimus
948 4211 1060 4283 recepit
1078 4209 1225 4267 rnwole

69 4297 193 4401 eumpue
212 4283 302 4335 secuti
322 4292 388 4339 sunt
407 4284 541 4339 Editores
559 4286 752 4356 insequentes.
789 4229 852 4338 bii
1214 4324 1225 4343 ·.

67 4417 108 4476 El
157 4355 327 4479 nuelegglem]
363 4356 452 4433 Seges
474 4357 564 4428 ipsam
589 4366 700 4413 terrem
722 4356 773 4413 bic
799 4357 925 4412 denotet.
969 4352 1103 4410 Tibullus
1130 4351 1180 4405 lib.
1199 4350 1224 4407 1.

109 4434 153 4495 ⁰8·
217 4456 227 4488 r
266 4430 290 4481 l·
749 4466 752 4479 ·
1129 4482 1132 4487 .
