2828 5070
216 309 282 380 260
414 305 643 374 CICERONIS
662 303 912 375 TUSCULAN.
932 305 1166 375 DlSPUTA‘l'.

177 475 359 539 arelatens
388 495 450 540 sno
481 472 712 540 dissentienti!
753 493 850 558 quem
877 475 965 536 enim
992 474 1147 536 omnibus
1174 475 1257 539 locis
1285 475 1370 542 dini·

217 566 302 638 nun,
370 576 423 621 em
444 561 720 638 sapientissimum,
741 577 838 640 quem
860 560 1103 636 sanctissinum,
1136 574 1232 639 quem
1254 559 1370 623 Hosne·

219 661 286 705 rum
304 661 327 723 p
351 640 563 722 ilosopdorurn
583 641 739 724 appellat,
760 641 868 702 buius
880 640 965 702 hanc
985 659 1084 701 unam
1107 643 1307 704 sententiam
1329 640 1371 706 dc

217 725 476 788 immortalitate
494 725 682 786 animorum
705 741 772 784 non
794 722 925 805 probat.
967 722 1052 784 Vult
1072 724 1173 800 enim,
1206 724 1294 805 qnod
1316 744 1371 786 ne-

217 827 274 870 mo
295 828 337 869 ne
360 815 405 882 nt,
427 804 585 888 quicquid
606 812 720 866 natum
738 807 794 881 sit,
815 802 975 866 interire:
998 806 1213 867 nescientem
1228 809 1371 884 animos,

218 889 307 972 quod
334 828 483 951 declaret
514 908 631 949 eorum
667 884 873 964 similitudo,
907 886 966 966 qui
997 896 1242 966 procreenturs
1286 908 1372 970 quae

218 974 319 1034 ctiam
339 974 376 1033 in
398 973 554 1058 ingeniis,
587 989 654 1031 non
681 971 789 1030 solum
811 971 846 1029 in
878 969 1077 1050 corporibus
1099 976 1269 1050 appareat.
1312 971 1371 1031 Al-

217 1062 325 1117 teram
346 1062 457 1116 antem
478 1055 575 1115 affert
596 1054 779 1116 rationemt
812 1050 895 1110 nihil
917 1069 999 1128 esse,
1032 1050 1119 1133 quod
1140 1050 1263 1124 doleat,
1290 1055 1371 1135 quin

217 1238 315 1291 Λάσου
333 1237 384 1290 τοῦ
400 1232 563 1307 Ἑρμιονέως
580 1239 629 1302 τὴν
646 1235 768 1304 ἄσιγμον
785 1229 870 1301 ᾠδήν,
906 1241 972 1285 sunt
990 1232 1023 1297 ii,
1051 1233 1102 1302 qui
1121 1232 1200 1285 Oden
1219 1233 1302 1287 illam
1321 1252 1372 1288 no-

217 1309 376 1361 thuanense
395 1317 532 1360 statuunt.
570 1307 619 1360 sic
637 1315 666 1359 et
684 1305 755 1359 alibi
773 1320 835 1366 non¹
848 1319 924 1356 raro.
961 1303 997 1356 D.
1296 1333 1304 1349 .

290 1379 445 1431 Credamus
463 1377 556 1445 igitur
572 1375 726 1442 Panaetio]
762 1375 885 1427 Videtur
903 1391 937 1428 ex
955 1391 1018 1426 ann.
1038 1374 1110 1425 Ern.
1137 1375 1314 1428 existimasse
1341 1393 1371 1430 se

217 1449 346 1519 primum
373 1446 572 1522 interrogandi
596 1448 711 1521 signum
734 1446 858 1516 posuisse
881 1453 945 1514 post
969 1444 1154 1497 dissentienti.
1198 1447 1233 1498 In
1251 1462 1319 1515 qno,
1346 1448 1371 1498 si

217 1534 292 1571 noro
310 1519 342 1571 id
358 1526 527 1592 argumento
547 1526 656 1592 egeret,
684 1534 749 1570 eum
766 1525 878 1569 veteres
896 1514 967 1567 Edd.
987 1531 1053 1568 raro
1071 1524 1185 1567 tantum
1202 1517 1371 1586 inspexisse,

217 1605 312 1660 posses
336 1606 402 1641 eum
425 1606 458 1640 ar
500 1605 556 1640 ere.
599 1589 674 1640 Nam
698 1588 739 1640 ita
765 1587 824 1638 iem
849 1586 956 1638 dudum
980 1585 1070 1638 edidit
1095 1585 1259 1651 llWolflus,
1287 1589 1370 1640 etin

216 1660 350 1713 omnibus
368 1659 425 1711 stris
488 1659 513 1711 d
533 1658 673 1710 Davisius.
694 1688 726 1699 -
746 1658 799 1710 Ed.
819 1656 897 1710 cam.
917 1657 984 1722 sola,
1002 1666 1037 1708 ut
1054 1657 1178 1723 videtur,
1198 1658 1369 1712 crederniss.

217 1730 292 1785 Gud.
319 1747 388 1799 ergo
411 1746 465 1801 pro
488 1730 591 1796 igitur.
628 1728 673 1782 Ad
698 1727 871 1781 sententiam
896 1726 953 1780 sid.
973 1745 1030 1778 ran
1047 1726 1176 1797 Lynden.
1201 1728 1313 1800 Disput.
1334 1730 1370 1783 de

217 1802 351 1856 Panaetio
372 1801 474 1875 (bugd.
494 1801 554 1853 Bat.
577 1801 656 1865 18⁰2)
674 1817 702 1870 p.
722 1802 757 1854 60
775 1816 816 1868 sq.
837 1797 989 1868 inprimis
1008 1806 1103 1850 sutem
1120 1817 1149 1868 p.
1170 1802 1212 1853 70.
1240 1800 1291 1852 ubi
1308 1801 1371 1854 lau·

217 1872 267 1926 dat
284 1870 509 1943 Wyttenbschii
537 1871 673 1923 eximiam
697 1870 780 1921 illam
806 1867 1036 1938 Disputationem
1060 1869 1095 1923 de
1112 1869 1222 1922 Placito
1248 1871 1371 1925 Immor-

217 1943 339 1996 talitatis
357 1943 529 1995 Animorum
570 1980 576 1991 .
597 1943 640 1996 69.
677 1940 719 1993 De
738 1939 928 1994 Coniunctiro
947 1941 1092 1993 credamus
1110 1939 1168 1990 rid.
1188 1940 1368 2007 Thortseuii,

216 2013 300 2076 Dani,
336 2014 443 2066 Comm.
472 2011 513 2063 De
545 1959 737 2064 doniunetivo
770 2010 852 2062 Modo
881 2009 999 2079 eiusque
1024 2012 1084 2064 Usu
1113 2009 1250 2074 (llarniae
1278 2014 1369 2079 18²7.)

239 2086 309 2137 ,ts
346 2085 400 2136 Pro
427 2080 609 2135 dissentienti
631 2089 673 2134 est
700 2079 851 2136 dissidenti
875 2081 906 2133 in
925 2080 1032 2134 duobus
1050 2081 1130 2146 011,
1158 2081 1314 2136 disserenti
1337 2085 1370 2135 in

216 2101 291 2228 dog.
328 2154 388 2205 Mr.
427 2222 433 2237 ·
553 2222 560 2234 ·
682 2221 688 2236 .
755 2223 761 2235 .
783 2221 789 2236 ¹
950 2223 956 2236 Ι

210 2220 1211 2370 ....t‘tttet'ltilgtltlimittit..intuli
1229 2234 1370 2349 iffi?

134 2400 143 2413 s
215 2366 393 2419 viduaris.
422 2367 458 2419 ad
483 2366 542 2420 Cio.
571 2366 605 2418 de
629 2368 718 2441 Legg.
739 2367 761 2419 1.
782 2371 806 2421 l.
828 2370 851 2421 1.
869 2383 898 2435 p.
919 2367 945 2419 2
965 2365 1008 2416 ed.
1027 2374 1116 2417 nostr.
1145 2375 1174 2419 et
1192 2366 1239 2419 Cr.
1277 2367 1370 2420 Verba

316 2437 556 2504 sapientissimum
573 2436 673 2489 absunt
690 2456 707 2489 a
725 2435 791 2490 Cod.
813 2438 886 2488 Mon.
908 2440 932 2491 1.
961 2437 1028 2488 Mox
1046 2454 1119 2488 unus
1129 2438 1179 2489 Ox.
1199 2437 1368 2491 llornerus.

215 2452 269 2560 iit.
295 2511 323 2560 P.
345 2506 571 2576 pbilosophorum
589 2507 747 2560 Homerum.
777 2506 850 2560 Gnd
870 2508 897 2563 Ἰ.
924 2507 1037 2559 omittit
1060 2504 1151 2573 buius,
1174 2508 1248 2582 Aug.
1261 2510 1370 2631 pergit

216 2593 300 2630 unam
319 2577 404 2631 lanc.-
422 2598 495 2630 unus
515 2580 566 2631 Ox.
587 2579 697 2631 omittit
714 2593 807 2631 unam.
840 2579 895 2631 Pro
914 2593 968 2630 non
984 2577 1083 2645 prodat
1110 2578 1178 2632 Cod
1197 2579 1259 2633 lleh
1281 2619 1287 2630 .
1315 2595 1370 2632 rnr-

213 2648 324 2716 prodat,
349 2658 382 2700 nt
400 2650 472 2701 solet
491 2648 571 2700 illius
589 2649 696 2701 codicis
719 2650 780 2701 sire
803 2649 930 2719 scriptor
953 2648 1013 2701 sire
1031 2658 1181 2702 corrector
1199 2650 1370 2703 Ciceronem

216 2718 323 2786 ubique
343 2720 492 2793 corrigere
512 2728 542 2770 et
558 2720 640 2787 loqui
659 2719 769 2771 docere.
807 2720 872 2771 Post
890 2724 976 2787 negat
993 2718 1068 2772 Gud.
1087 2721 1186 2794 pergit
1209 2722 1299 2790 quod
1317 2738 1370 2774 na·

216 2794 277 2840 turn
302 2793 373 2852 est;
401 2793 474 2842 bion.
495 2793 521 2844 2
551 2789 688 2858 quidquid
713 2788 767 2841 sit
793 2796 920 2841 netum.
957 2791 1036 2844 Unus
1061 2790 1111 2843 01.
1131 2792 1189 2845 nisi
1205 2808 1259 2860 pro
1276 2792 1367 2846 nasci.

214 2857 300 2911 vind.
322 2862 346 2913 l.
365 2874 432 2913 vero
450 2876 503 2931 pro
520 2865 622 2912 autem.
660 2859 786 2911 Verbum
802 2867 887 2927 negat
906 2860 1016 2912 omittit
1035 2862 1108 2915 Gud.
1128 2864 1154 2916 2
1190 2862 1250 2914 Mr.

286 2929 417 2983 Declcret
436 2964 469 2973 -
486 2929 682 2999 procreentur]
719 2929 776 2984 Sic.
800 2931 870 3005 Reg.
896 2939 926 2984 et
949 2930 1018 2983 sak.
1056 2933 1159 3006 Vulgo,
1185 2932 1315 2986 declarat
1333 2965 1369 2978 -

213 3007 413 3068 procreantur.
450 3002 486 3055 D.

287 3073 410 3126 declaret
428 3104 459 3115 -
477 3071 672 3141 procreentur]
709 3071 818 3142 Scripsi
837 3071 961 3126 declaret
980 3082 1009 3126 et
1024 3077 1206 3143 procreentur
1218 3088 1284 3123 curn
1293 3072 1368 3125 Dav.

213 3141 356 3210 Bentleio,
376 3161 430 3198 nec
448 3161 527 3210 vero,
547 3145 615 3212 quia
632 3143 786 3197 modestius
805 3152 857 3208 est,
885 3143 1011 3198 scribere
1030 3144 1160 3208 declaret,
1184 3145 1369 3218 arrogantius

214 3214 351 3281 declarat,
370 3225 403 3267 ut
421 3216 501 3267 aliud
519 3233 605 3288 agens
622 3215 739 3285 scripsit
756 3214 915 3267 Bentleius:
936 3216 984 3268 sed
1002 3215 1152 3286 quiabsec
1168 3215 1272 3281 omnia,
1294 3217 1371 3284 quod

215 3285 284 3343 decl.
313 3313 345 3326 -
371 3292 570 3355 procreentur,
608 3295 675 3337 sunt
714 3303 780 3356 pars
811 3286 968 3339 sententiae
1003 3287 1145 3351 Panaetii,
1178 3286 1209 3337 in
1237 3288 1368 3340 oratione

215 3357 341 3425 obliqua,
360 3367 423 3426 post
440 3357 643 3409 Accusativum
662 3373 728 3409 cum
739 3356 902 3421 lnflnitivo,
923 3357 1112 3410 Coniunctiro
1122 3357 1204 3410 modo
1214 3353 1367 3410 efferenda.

214 3425 351 3479 Declarut
369 3437 448 3479 certe
467 3427 581 3498 probari
600 3428 712 3495 nequit,
741 3427 853 3479 etiarnsi
870 3428 945 3480 ieras
961 3433 1160 3497 procreantur.
1198 3428 1236 3480 Et
1254 3438 1368 3480 utrum-

215 3513 272 3564 qno
291 3497 514 3551 Coniunctivum
543 3497 680 3550 exhibent
707 3497 820 3567 Gryph.
849 3515 905 3550 sex.
927 3501 997 3552 Oxx.
1024 3499 1160 3569 (quorum
1183 3517 1257 3550 unus
1280 3498 1368 3582 habet

213 3567 434 3690 tillidi}
454 3568 493 3689 ‘i‘
512 3567 717 3693 ..ittet
744 3568 1366 3709 trs-,lstl·t...¹³m.⁶st.stt:

213 3706 315 3772 Nobb,
334 3708 523 3777 posteriorem
547 3708 633 3761 Codd.
658 3709 747 3762 Rehd.
775 3709 858 3762 vind.
881 3716 904 3766 l.
924 3714 949 3765 2.
975 3713 1047 3787 Aug.
1073 3712 1144 3764 Edd.
1174 3712 1254 3780 sylb.
1283 3712 1365 3765 Brut.

212 3779 242 3831 P.
264 3780 298 3831 H.
324 3779 358 3832 In
377 3780 429 3832 Ed.
448 3780 518 3830 Ven.
539 3778 597 3831 Alt.
618 3788 660 3832 est
678 3780 867 3835 similitudine
886 3801 921 3836 ex
939 3799 1014 3836 corr.
1034 3799 1087 3854 pro
1106 3782 1275 3835 similitudo.
1297 3782 1366 3836 Cod.

212 3848 288 3925 Aug.
309 3851 419 3903 omittit
438 3849 469 3902 in
489 3857 553 3902 ante
572 3850 706 3917 ingeniis,
725 3861 758 3903 ut
777 3853 940 3923 saepissime
958 3855 1101 3907 absorberi
1121 3855 1193 3906 solet
1212 3855 1295 3924 prior
1307 3854 1368 3923 syl-

212 3921 276 3973 laba
293 3922 341 3974 vel
360 3922 504 3992 posterior
521 3921 606 3974 alteri
625 3922 737 3973 similis.
767 3924 847 3976 Unus
866 3925 915 3979 Ox.
935 3924 1021 3977 habet
1041 3925 1114 3996 quod
1131 3942 1186 3997 pro
1205 3941 1283 3994 quae.
1305 3927 1365 3980 Mr.

283 4010 413 4062 Alteram
431 4018 521 4064 autem
539 4012 623 4076 affert
641 4011 790 4079 rationem]
826 4013 979 4066 Beroaldus
997 4014 1032 4066 ad
1049 4015 1079 4067 h.
1090 4016 1126 4067 l.:
1146 4013 1366 4079 „contrahanc

213 4079 355 4132 rationem
382 4081 558 4155 Augustinus
583 4083 613 4134 in
640 4083 713 4136 XXI.
742 4086 776 4136 de
796 4083 883 4136 civis.
905 4085 973 4138 Dei:
999 4087 1076 4155 quod
1100 4087 1210 4138 animus
1235 4085 1366 4137 dolorem

211 4150 272 4221 pati
292 4159 394 4222 potest,
413 4153 488 4204 mori
507 4170 564 4205 ιιοιι
582 4162 688 4225 potest:
709 4172 763 4208 nec
781 4171 955 4225 consequens
974 4174 1044 4222 esse,
1068 4167 1102 4209 ut
1121 4167 1243 4209 raonem
1266 4156 1364 4222 iaciat,

233 4222 290 4274 uod
308 4220 436 4274 dolorem
454 4224 533 4276 iacit.
571 4224 721 4289 Platonici,
749 4236 905 4280 asserentes
923 4229 1172 4281 immortalitatem
1191 4227 1364 4291 animorum,

233 4292 313 4346 'cunt
331 4293 439 4346 animos
457 4310 514 4346 ιιοιι
534 4313 568 4348 ex
587 4314 636 4348 sna
654 4304 753 4348 natura
773 4296 880 4362 dolere,
899 4300 947 4352 sed
966 4317 1001 4352 ex
1020 4316 1174 4370 corporum
1193 4297 1365 4372 contagione

210 4364 349 4434 pollutos:
379 4365 454 4434 quod
480 4375 507 4418 et
526 4367 669 4490 Virgilius
688 4368 776 4419 sensit
803 4369 835 4419 iu
852 4369 900 4422 Vl.
920 4370 1039 4423 Aeneid.
1061 4371 1199 4423 scribens:
1228 4370 1303 4421 Hinc
1322 4368 1365 4433 (id

210 4441 253 4489 est
272 4452 308 4490 ex
325 4438 451 4490 terrenis
469 4437 586 4509 corpori
605 4455 637 4491 us
655 4437 890 4510 moribundisque
913 4440 1061 4510 membris)
1088 4448 1211 4496 metuunt
1235 4440 1365 4511 cupiunt·
