2828 5070
568 293 698 357 LIBER
721 292 762 366 11,
794 294 844 357 27.
1093 359 1100 373 ,
1220 293 1280 358 611

126 466 215 526 enim
238 462 400 527 dicimus:
423 460 481 526 sed
502 461 566 525 tibi
586 460 650 525 hoo
671 460 771 526 video
793 481 859 524 nou
881 479 978 540 posse
1000 458 1125 523 deberi.
1169 460 1207 524 Δ.
1231 457 1283 522 Ita

559 614 573 618 ..-
583 614 584 617 .
594 611 871 619 -—..-.....-—-—-q-—.
875 611 894 618 -
898 609 1260 618 -u—-w———m--u
1264 610 1277 618 .-

124 672 162 723 tis
186 680 227 723 ost
254 671 304 722 hic
329 670 489 746 significari
514 669 601 721 fuisse
626 669 750 721 dictum:
780 685 874 738 neque
905 667 983 720 enim
1002 667 1099 720 oiunia
1124 670 1284 739 perscripta

123 751 199 807 sunt,
220 761 291 810 quae
310 742 371 793 illis
389 742 488 794 diebus
515 741 546 791 iu
564 739 725 792 Tusculano
743 740 803 792 dici
822 739 974 810 potuere.“
1003 737 1139 792 olivetas.
1178 740 1284 806 „Dici-

123 830 185 866 mas
203 815 296 865 scribo
308 830 372 864 cum
382 812 517 897 vulgatis,
537 812 590 865 hac
609 813 763 864 sententia:
783 812 854 863 baec
874 820 916 863 cst
935 812 1013 864 cirini
1031 820 1129 863 nostra
1147 814 1231 878 ratio,
1251 822 1284 865 ut

123 894 190 937 ante
208 884 359 936 meridiem
378 884 499 936 dictioni
520 883 618 935 demus
637 900 752 954 operam
769 883 803 934 ad
813 882 1024 953 clepsydram.“
1035 881 1148 935 Lallem.
1169 885 1283 958 „Vulgo

123 956 267 1020 duriam,
287 956 347 1008 sine
367 972 457 1007 sensu.
477 955 548 1007 Edd.
569 963 640 1006 vett.
661 957 723 1007 fere.
749 953 873 1007 diamur
890 963 918 1006 et
937 953 1014 1007 MSS.
1060 955 1138 1006 lures
1165 971 1208 1024 ap.
1229 955 1283 1007 Da·

124 1029 176 1078 vis.
198 1027 217 1076 i.
239 1044 262 1077 e.
290 1044 355 1091 nam
375 1028 415 1078 ita
442 1027 519 1079 soleo
538 1028 633 1078 facero
652 1026 683 1076 in
702 1025 821 1077 dicendo
840 1043 872 1077 ao
899 972 1077 1095 disputando.
1115 1026 1184 1077 Dav.
1205 1026 1283 1079 dedit

125 1097 258 1150 dirimas.
298 1098 353 1150 Sed
377 1098 426 1149 ubi
454 1098 575 1163 dixerat,
607 1115 635 1149 se
663 1097 692 1148 id
717 1096 906 1149 iacturum?“
934 1097 1002 1149 Era.
1039 1099 1144 1170 „Lego
1170 1097 1283 1152 indani-

123 1169 217 1222 mas.“
239 1168 355 1222 Nissen.
398 1168 553 1222 Schiitzius
578 1185 691 1238 quoque
718 1170 819 1238 Opusc.
846 1188 874 1238 p.
900 1170 961 1223 214.
993 1171 1124 1238 praefert
1152 1167 1283 1234 dicimus,

124 1240 241 1292 addens:
272 1240 560 1305 „Declamationibus
585 1248 680 1292 autem
706 1240 816 1307 pariter
842 1248 928 1308 atque
947 1239 1106 1291 actionibus
1124 1241 1284 1292 forensibus

125 1311 289 1381 clepsydras
308 1311 447 1364 adhibitas
466 1312 553 1364 fuisse
572 1319 692 1373 constat,
712 1328 748 1362 nc
767 1328 839 1361 unus
859 1312 934 1362 forte
959 1311 1183 1363 declamatorum
1209 1312 1284 1365 iusto

124 1384 240 1456 lougius
266 1383 352 1435 verba
376 1384 501 1447 faceret,
526 1383 648 1451 aliisque
677 1390 790 1450 tempus
813 1381 928 1434 dicendi
954 1383 1144 1452 praeriperet.
1181 1382 1231 1436 sic
1250 1382 1284 1436 de

125 1454 172 1506 Or.
193 1454 244 1506 111.
265 1456 309 1509 34.
329 1453 363 1506 de
382 1454 512 1506 Pericle:
533 1453 572 1505 Al
590 1451 659 1505 banc
677 1468 731 1505 non
749 1453 887 1505 clamator
914 1452 1023 1522 aliquia
1047 1453 1086 1507 ad
1108 1453 1284 1523 clepsydram

124 1525 233 1577 latrare
252 1525 396 1590 docuerat,
414 1527 477 1591 laed,
505 1532 536 1577 at
554 1523 720 1593 accepimus,
749 1523 943 1577 Gla'zomem'as
967 1524 1017 1577 ille
1036 1525 1229 1593 Anaxagorae
1248 1556 1281 1567 -

124 1596 155 1649 e'a
173 1596 361 1649 maximarum
377 1613 474 1649 reram
490 1598 615 1650 scientia.
636 1627 669 1638 -
690 1594 768 1661 Quod
786 1611 855 1647 vero
874 1596 904 1647 in
928 1595 1121 1666 explicatione
1139 1597 1210 1649 Ern.
1237 1595 1283 1649 nd-

124 1667 199 1720 didit
217 1684 276 1732 „ac
295 1669 473 1736 disputando,
499 1667 604 1719 falsum
624 1674 679 1720 est:
706 1666 737 1717 in
756 1665 925 1736 disputando
950 1667 1027 1718 onim
1050 1668 1201 1738 clepsydra
1227 1684 1284 1721 non

125 1740 289 1792 utebantur.
327 1742 461 1810 Expone:
490 1738 566 1791 Cras
584 1754 653 1806 ergo
673 1740 748 1800 (ante
766 1737 924 1800 meridiem)
949 1738 987 1790 ad
1010 1738 1186 1793 declamandi
1203 1755 1285 1798 eaer-

125 1810 223 1863 cr'tiam
242 1811 407 1875 redibimus,
427 1809 456 1862 la
476 1827 529 1878 qao
547 1810 586 1864 ad
604 1809 780 1878 clepsydram
798 1808 893 1863 dicere
910 1808 1061 1862 solemne.“
1081 1837 1114 1847 -
1151 1811 1212 1864 Mr.

196 1882 333 1935 duximus.
360 1882 396 1934 Et
416 1881 492 1947 lida]
530 1881 682 1935 Dazimon
701 1879 833 1934 :edrici
851 1882 994 1935 Veni-2.
1015 1880 1161 1935 Med-Li.
1182 1880 1284 1939 Asc-l.
1353 1940 1356 1947 ,

125 1952 189 2005 Car.
210 1951 321 2023 steph,
341 1952 468 2017 dinume,
488 1954 539 2005 sed
556 1951 609 2006 libi
627 1954 708 2005 Junt.
729 1950 811 2004 Scur.
832 1951 896 2004 Ald.
916 1952 978 2027 Ego
995 1960 1066 2020 puto
1086 1951 1214 2019 dicimur,
1234 1954 1285 2008 eal

125 2022 182 2076 rior·
199 2023 270 2076 bene
288 2023 401 2077 habere.
440 2024 489 2077 Sic
507 2032 602 2077 autem
620 2023 822 2108 distinguenda
839 2023 936 2088 verba,
955 2032 988 2074 ut
1006 2025 1200 2092 crasergoad
1211 2026 1285 2093 clep-

123 2096 241 2163 sydram
258 2096 346 2148 verba
364 2096 422 2146 sin't
441 2095 511 2160 eius,
531 2111 597 2146 cum
616 2111 672 2163 quo
691 2094 815 2166 disputat
835 2094 946 2159 Cicero,
967 2094 1019 2146 illa
1037 2096 1188 2163 sequentia
1204 2096 1285 2150 Cice·

125 2167 219 2219 ronis:
248 2165 292 2219 eia
315 2166 388 2219 enim
414 2166 549 2219 dicimus:
574 2167 654 2236 quasi
679 2166 768 2218 dicat:
797 2174 877 2218 recte
900 2165 940 2217 ais
965 2165 1004 2218 ad
1026 2166 1211 2235 clepsydram,
1243 2168 1284 2221 sic

125 2238 204 2289 enim
224 2238 320 2292 dicere
339 2238 469 2291 solemus.
507 2237 564 2290 Sed
581 2237 665 2290 video
683 2246 713 2290 te
732 2237 765 2289 ab
783 2236 837 2288 hec
855 2245 951 2289 nostra
968 2238 1165 2306 pomeridiana
1190 2238 1285 2308 dispu-

124 2310 205 2361 tandi
225 2310 431 2362 exercitatione
451 2326 508 2361 non
528 2324 607 2378 posse
626 2308 751 2361 abesse.“
776 2307 915 2363 licisliae.
947 2310 1027 2368 ,Rece
1049 2308 1059 2357 i
1078 2308 1232 2361 dicimus
1250 2327 1285 2363 ex

125 2381 254 2449 quinque
273 2383 343 2434 Oxx.
364 2381 434 2432 Edd.
456 2382 485 2431 B.
506 2378 533 2432 S.
554 2380 588 2431 E.
610 2379 639 2432 C.
659 2380 723 2432 Asc.
743 2381 769 2434 2
791 2379 914 2433 HWolf.
935 2379 1006 2431 Ero.
1027 2326 1112 2432 ichz.
1133 2379 1224 2435 Nobb.
1236 2382 1284 2434 01¹.

124 2450 196 2501 Thu.
240 2452 305 2502 Non
334 2451 411 2503 enim
435 2452 567 2504 dixeram
594 2467 623 2504 se
649 2450 690 2502 ita
716 2452 851 2502 facturos.
896 2449 976 2515 Quod
997 2466 1067 2502 vero
1091 2450 1133 2502 ait
1156 2451 1285 2505 Olivetus

125 2523 271 2574 neminem
290 2522 496 2590 quaesiturum,
517 2521 696 2590 quandonam
715 2521 746 2573 id
763 2521 902 2583 dixerint,
928 2537 994 2573 curn
1018 2536 1075 2573 non
1104 2522 1200 2574 omnia
1220 2539 1286 2593 per·

124 2593 233 2662 scripta
253 2593 319 2657 siut,
344 2610 414 2662 quac
443 2592 504 2644 illis
527 2592 625 2644 diebus
651 2592 682 2643 in
700 2592 863 2644 Tusculano
882 2591 940 2643 dici
966 2600 1139 2662 potuerunt,
1164 2594 1195 2646 id
1222 2602 1286 2646 tum

124 2681 228 2715 vorum
256 2673 338 2726 osset,
364 2665 387 2714 si
406 2681 508 2715 verum
527 2664 706 2732 colloquium
725 2664 896 2736 legeremus.
936 2665 969 2715 ln
993 2664 1140 2734 colloquio
1164 2665 1233 2718 ficto
1261 2666 1285 2718 si

125 2735 190 2803 quis
209 2735 248 2785 ait
268 2736 311 2786 ito
330 2734 464 2798 dirimas,
485 2734 596 2786 dictum
615 2751 673 2786 esse
692 2734 783 2786 debet.
823 2734 954 2787 Dirimua
978 2733 1083 2787 habent
1106 2738 1191 2788 Bern.
1212 2752 1286 2789 unus

125 2807 175 2857 (lx.
197 2808 281 2857 Illarb.
304 2809 377 2858 ilion.
401 2811 423 2861 l.
451 2807 531 2859 Eud:
550 2806 619 2857 Dav.
640 2805 785 2860 FAWoli.
806 2805 885 2858 Koel.
906 2807 935 2858 P.
963 2806 998 2857 ln
1021 2806 1142 2877 reliquis
1168 2815 1210 2860 est
1235 2808 1286 2862 du·

123 2876 225 2929 alatas.
265 2879 323 2930 Mr.

196 2947 330 3000 dicimus:
350 2949 400 3001 sed
419 2948 470 3002 tibi
489 2948 556 3014 etc]
590 2947 685 3012 „ede
706 2947 856 2999 Turnebus
877 2948 1008 3012 Adversa.
1030 2950 1076 3000 lv,
1100 2952 1141 3004 18.
1162 2950 1236 3024 legit
1255 2959 1285 3005 et

124 3018 178 3071 tibi
195 3017 254 3085 ltoc,
275 3021 349 3088 quod
367 3020 511 3090 particula
530 3019 707 3071 adversatrix
726 3020 777 3072 sed
795 3019 925 3071 obscuret
944 3019 1158 3089 confundetque
1173 3030 1285 3073 senten·

124 3090 209 3143 tiam:
231 3092 271 3143 ait
284 3093 362 3143 euim
381 3092 505 3143 crastino
526 3091 747 3160 disputationem
767 3092 829 3141 iore
850 3090 883 3141 ad
904 3090 1094 3160 clepsydram,
1114 3093 1285 3213 praesertim

124 3177 214 3227 quum
232 3162 346 3214 auditor
365 3179 397 3213 co
419 3172 447 3213 at
466 3163 518 3212 sibi
538 3179 601 3213 rem
619 3161 691 3212 solvi
712 3170 740 3212 et
760 3162 980 3230 repraesentari,
1001 3179 1094 3230 neque
1134 3162 1210 3213 eberi
1230 3163 1285 3217 dis-

125 3232 256 3299 ferrique
275 3233 381 3284 sinat.“
399 3182 485 3283 ilaec
505 3232 565 3283 ille.
591 3233 654 3305 Ego
673 3231 846 3302 particulam
865 3233 1086 3285 adversatricem
1105 3233 1285 3286 retinendam

124 3318 240 3354 censeo:
268 3321 334 3354 nam
354 3322 443 3372 quum
461 3303 494 3365 is,
521 3303 571 3371 qui
591 3303 787 3371 quaestionem
811 3303 917 3372 posuit,
941 3303 1066 3372 primam
1085 3313 1113 3356 et
1133 3306 1286 3357 secundam

124 3372 348 3442 disputationem
366 3374 555 3443 approbasset,
583 3382 668 3440 atque
688 3373 789 3425 Cicero
807 3382 922 3443 postero
942 3374 997 3439 die,
1023 3392 1058 3427 ex
1082 3375 1215 3429 instituta
1241 3395 1285 3429 ra-

124 3443 203 3495 tione
223 3444 387 3509 exercendi,
407 3443 529 3495 dictioni
548 3459 564 3497 o
586 3461 665 3495 eram
684 3443 804 3494 dandam
823 3461 880 3496 esse
900 3443 935 3495 ad
953 3445 1134 3515 clepsydram
1151 3447 1283 3511 dixisset;

123 3514 203 3567 addit
248 3533 280 3567 er
306 3515 527 3580 correctionem,
577 3515 611 3567 ed
637 3512 690 3567 tibi
713 3511 775 3565 loc
800 3513 881 3569 :tideo
907 3531 961 3568 aon
981 3531 1065 3584 poree
1084 3518 1189 3582 deberi,
1218 3519 1237 3570 i.
1258 3537 1282 3573 e.

123 3585 207 3638 video
226 3534 291 3638 ieri
311 3604 367 3639 non
407 3603 475 3650 osse,
496 3587 567 3654 quin
587 3595 616 3639 et
634 3585 705 3637 haec
723 3584 925 3656 philosophica
944 3586 1108 3656 disputandi
1127 3589 1201 3641 ratio
1220 3598 1284 3660 post

122 3657 275 3711 meridiem
299 3658 332 3710 de
356 3604 440 3709 reios
467 3657 643 3731 gravissimis
666 3665 844 3725 pertexatur,
879 3665 908 3709 et
933 3657 1009 3725 quod
1026 3659 1080 3710 tibi
1103 3660 1184 3727 quasi
1202 3661 1285 3714 debe-

124 3745 195 3792 mus,
215 3730 404 3798 persolvatur.
433 3728 481 3781 Sic
500 3728 554 3797 Ep.
574 3731 601 3784 2.
621 3726 671 3779 lib.
692 3730 718 3781 4.
739 3728 773 3779 ad
792 3727 936 3779 Atticum:
956 3727 1056 3797 ltaque
1075 3729 1168 3799 oratio
1188 3730 1284 3786 lucea-

123 3798 179 3850 tati
197 3806 310 3852 nostrae
328 3799 425 3853 deberi
443 3815 498 3851 aon
516 3805 623 3867 patere:
644 3806 673 3850 et
700 3798 730 3848 in
749 3798 898 3866 prooemio
916 3797 1109 3867 Topicorum3
1133 3817 1187 3854 noa
1203 3802 1285 3870 palai

122 3869 177 3923 riti
194 3872 306 3939 saepiae
324 3869 375 3924 loc
391 3870 510 3937 roganti
527 3865 627 3922 debere
647 3867 770 3922 diutine:
791 3868 872 3921 etde
893 3867 969 3920 Orat.
990 3871 1016 3923 3.
1038 3866 1075 3933 [5.
1099 3869 1152 3936 18.]
1177 3874 1223 3927 Aa.
1241 3891 1285 3928 me

123 3947 182 3993 tam
201 3941 387 4009 impudentem
406 3957 466 3994 ease
484 3941 665 3998 victimatio,
684 3945 713 3991 at
731 3939 818 4002 vodis,
844 3936 894 3992 lloc
916 3942 1087 4006 praesertim
1113 3959 1211 3998 manae
1233 3963 1284 4015 pa·

122 4017 177 4065 teu:
197 4012 305 4066 diutia:
321 4029 404 4079 pocae
423 4012 567 4065 deberi?“
586 4013 633 4064 Fr.
654 4009 766 4063 Fabric.
803 4007 894 4074 „Nou
911 4025 994 4077 posse
1018 4011 1114 4067 deberi
1133 4013 1151 4067 i.
1173 4033 1196 4067 e.
1227 4034 1285 4070 non

121 4101 272 4154 passurum
294 4091 332 4147 te,
358 4092 399 4147 ut,
424 4100 495 4152 quae
518 4083 571 4134 tibi
597 4099 658 4134 sum
677 4080 834 4151 pollicitus,
858 4080 973 4156 longius
992 4081 1133 4150 differam,
1156 4086 1205 4139 sed
1228 4105 1277 4140 ex-

120 4164 253 4208 acturum
272 4155 378 4217 statim,
397 4163 429 4205 ut
448 4154 615 4223 promissam
634 4152 857 4221 disputationem
884 4153 1057 4204 absolvam.“
1083 4157 1149 4210 Jan.
1170 4157 1277 4226 Pagai.

122 4241 182 4278 aas.
203 4226 272 4277 Dav.
294 4226 325 4276 in
335 4226 422 4279 Eoo.
443 4225 538 4277 dedit:
558 4224 618 4276 aed
636 4223 691 4276 lior·
709 4228 741 4275 et
760 4220 811 4275 loc
829 4222 919 4288 uideo,
939 4224 1019 4277 nulla
1037 4227 1131 4280 addita
1149 4229 1276 4293 ratione:

88 4344 92 4349 .
122 4296 153 4346 in
172 4314 238 4347 ann.
264 4297 304 4348 ait
329 4298 418 4371 vulgo
443 4297 503 4370 legi
526 4295 591 4348 aed
615 4294 667 4348 tibi
685 4292 735 4347 boo
752 4293 839 4347 video.
864 4294 1035 4348 Bouhierius
1061 4299 1200 4351 coniecit:
1240 4299 1278 4353 a:

122 4365 174 4420 tibi
193 4364 243 4418 ltoc
261 4368 342 4421 video
361 4384 424 4422 aon
441 4382 524 4437 poree
548 4366 670 4419 deleri
690 4365 709 4416 i.
723 4366 831 4429 e.'(ait)
849 4374 879 4419 te
898 4367 953 4420 hoc
972 4384 1099 4421 nonesse
1121 4369 1281 4423 obliturum

122 4436 181 4503 Qua
201 4437 368 4494 coniectura
387 4457 440 4514 ego
459 4439 537 4493 nihil
555 4436 619 4493 vidi
639 4436 795 4489 infelicius.
817 4438 985 4494 Gebhardus
996 4438 1286 4496 Turnebmnsecutus
