2828 5070
198 437 262 505 594
412 433 646 498 CICERONIS
668 430 917 498 Tuscana.
943 433 1187 499 DISPUTAT.

199 612 296 667 artus
317 601 528 681 laborareut3
551 601 696 663 voluisse
718 611 828 662 tamen
858 601 1102 664 nobilissimum
1131 600 1371 683 philosophum

199 687 330 749 visere:
352 705 449 766 quem
470 694 509 746 ut
530 682 672 745 vidisset
701 691 736 744 et
755 684 968 746 salutavisset
995 683 1274 766 honorificisque
1301 704 1371 746 ver·
1405 684 1408 689 ’

198 768 251 832 bis
273 779 470 849 prosecutus
492 774 590 838 esset,
613 765 815 848 molesteque
836 786 872 828 se
892 766 1030 829 dixisset
1049 769 1157 842 ferre,
1182 765 1281 848 qnod
1302 787 1371 829 eum

184 862 266 913 ‘uon
289 858 400 931 posset
419 848 553 911 audire:
575 857 611 910 at
631 849 698 925 ille,
721 849 775 910 Tu
799 869 894 926 vero,
915 851 1037 931 inquit,
1058 859 1176 931 potes:
1203 870 1270 913 uec
1288 870 1370 912 com·

198 934 341 1010 mittam,
370 941 410 992 ut
430 932 527 995 dolor
549 933 702 1013 corporis
725 930 855 1009 efficiat,
884 942 924 995 ut
952 936 1081 994 trustra
1103 942 1231 996 tantus
1259 936 1316 995 sir
1335 933 1372 995 ad

197 1037 252 1077 nte
273 1018 414 1079 venerit.
460 1016 585 1096 ltaque,
607 1015 778 1092 narrabat,
811 1034 887 1076 enm
917 1017 1072 1100 graviter
1101 1023 1137 1078 et
1166 1019 1312 1098 copiose
1336 1017 1371 1078 de

198 1097 262 1160 boc
284 1101 368 1181 ipso,
397 1097 493 1159 Nihil
514 1118 584 1159 esse
610 1099 746 1174 bonum,
777 1100 842 1158 uisi
865 1098 952 1180 quod
974 1106 1061 1159 esset
1083 1098 1290 1177 honestum,
1322 1121 1369 1161 cn-

154 1212 180 1263 q
199 1181 331 1245 bantem
353 1181 588 1263 disputavisse:
619 1201 783 1262 quumque
804 1184 897 1263 qnasi
924 1183 1010 1243 faces
1032 1183 1066 1242 ei
1096 1180 1237 1245 doloris
1266 1182 1369 1244 admo

199 1273 373 1342 verentur,
395 1284 492 1346 saepe
513 1262 646 1339 dixisse,
669 1262 764 1325 Nihil
785 1265 869 1350 agis,
897 1261 1018 1326 dolor:
1050 1267 1216 1346 quamvis
1238 1268 1288 1328 sis
1310 1287 1368 1327 ma

202 1391 265 1401 q...-
287 1391 440 1399 ---—-—
620 1390 633 1397 -
647 1388 703 1397 ...-
1154 1392 1364 1403 -n————-—.

197 1453 260 1505 sins
277 1452 360 1504 vitio.
397 1452 525 1503 Primum
544 1450 682 1523 legerim:
703 1466 783 1518 qaetu
800 1466 867 1502 eam
884 1449 1012 1516 uidisset,
1040 1469 1111 1503 nam
1128 1457 1162 1503 at
1182 1453 1315 1522 penula
1332 1452 1369 1505 ei·

197 1522 289 1576 derit:
308 1524 409 1575 deinde
427 1538 481 1592 pro
501 1528 530 1573 at
548 1522 608 1585 aa,
628 1528 686 1573 tam
703 1522 794 1585 illum,
813 1521 909 1574 deleto
928 1529 991 1592 post
1008 1520 1137 1591 ἕψω(
1156 1523 1234 1577 Era.
1276 1526 1369 1577 Priore

196 1612 250 1670 ego
269 1595 469 1647 emendatione
495 1590 572 1643 nibil
598 1609 651 1666 ego
671 1593 762 1666 magis
781 1593 843 1644 vidi
869 1610 1125 1663 supervacaneum.
1167 1595 1216 1647 Aa
1235 1597 1370 1664 posterio-

197 1682 260 1719 rem
278 1683 335 1719 non
354 1666 447 1739 inagis
465 1665 651 1716 necessariam
670 1664 784 1715 Nissen.
805 1663 826 1714 l.
846 1680 871 1714 c.
890 1681 920 1732 p.
940 1667 984 1718 69.
1018 1664 1186 1735 „0bliqua,
1208 1666 1264 1729 ait,
1284 1667 1369 1720 oratio

134 1754 144 1767 ·
197 1737 228 1788 in
245 1746 355 1789 restam
374 1744 511 1798 inritatur,
533 1743 561 1786 et
582 1737 701 1798 blas-cus,
721 1751 794 1803 qnae
814 1750 849 1786 ex
868 1750 920 1787 ore
937 1736 1065 1804 Pompeii
1095 1736 1244 1805 protulit,
1273 1756 1316 1803 ea,
1341 1746 1369 1789 nt

197 1824 280 1861 esua
298 1824 427 1877 persona,
448 1806 609 1857 continuat.
648 1807 690 1856 lta
710 1807 731 1857 1.
752 1808 794 1859 tt.
815 1807 859 1859 58.
889 1822 961 1874 quae
980 1806 1095 1858 Socrati
1122 1806 1290 1874 tribuerat,
1315 1810 1368 1878 ipse

195 1879 346 1948 explicans
370 1879 478 1952 pergit.
523 1877 628 1929 Contra
657 1877 688 1926 in
714 1876 911 1945 superioribus
937 1885 1016 1929 recta
1042 1879 1141 1930 oratio
1168 1879 1202 1928 iu
1222 1879 1367 1948 obliquam

195 1959 335 2014 mutatur,
354 1949 404 2001 ubi
422 1956 479 2001 tam
499 1945 656 2000 Cleanthem
679 1978 710 1989 -
730 1947 839 1999 dixisse
859 1956 920 1998 erat
939 1963 993 2016 pro
1012 1954 1069 1999 tem
1083 1946 1246 2002 Cleanthes
1266 1950 1368 2003 distet

195 2021 332 2073 Defendit
358 2023 429 2072 item
456 2020 603 2092 vulgatum
631 2017 728 2069 eadem
756 2019 868 2070 ratione
894 2019 920 2070 J.
948 2019 1053 2070 Bakias
1077 2019 1099 2069 l.
1121 2037 1146 2071 c.
1186 2040 1217 2090 p.
1243 2025 1285 2076 l'l.
1311 2021 1365 2073 add.

196 2091 264 2144 ibid.
285 2090 494 2161 Wytteubacb.
513 2108 541 2158 p.
562 2090 622 2143 tot.
645 2116 674 2126 -
711 2091 775 2141 Post
793 2089 915 2142 vidisset
932 2090 1073 2142 omittunt
1093 2098 1123 2143 et
1142 2091 1218 2144 Cod.
1242 2095 1317 2144 blan.
1344 2100 1368 2142 et

194 2170 268 2214 etuas
298 2164 348 2215 Ox.
380 2161 567 2225 Honorificis‚
604 2161 705 2211 omisso
738 2175 805 2229 que,
842 2159 927 2212 babet
954 2158 1029 2214 Gud.
1062 2162 1089 2215 2.
1130 2167 1160 2215 et
1205 2160 1368 2229 beatificis

196 2234 278 2284 Vind.
300 2237 325 2286 2.
365 2233 424 2283 Mr.

266 2302 433 2371 molesteque
456 2317 488 2355 se
513 2301 634 2354 dixisset
659 2301 750 2368 [erre]
785 2300 856 2358 Dav.
885 2301 917 2353 iu
934 2302 985 2355 Ed.
1006 2304 1032 2356 2.
1059 2302 1143 2355 dedit
1162 2305 1318 2358 moleste
1341 2320 1367 2357 se

195 2373 438 2439 dimisissem,
458 2374 669 2437 nihilitatem,
690 2374 744 2423 nisi
764 2372 942 2446 vulgalegi,
970 2381 1004 2427 ut
1029 2389 1080 2424 nos
1110 2374 1300 2428 exhibemus.
1338 2379 1367 2429 ln

194 2446 249 2500 Ed.
268 2451 296 2502 3.
315 2447 404 2498 tacite
422 2448 570 2520 vulgatam
589 2445 732 2496 restituit:
752 2431 868 2495 merito.
886 2444 1053 2498 eoattehd.
1073 2444 1164 2497 babet
1184 2450 1366 2501 molestam·

194 2518 387 2587 praedixisset
406 2518 493 2582 ferre.
531 2519 611 2569 liuns
629 2517 680 2567 0x.
701 2514 820 2576 dixisse,
845 2515 923 2566 uude
946 2517 1067 2568 tortam
1086 2516 1158 2568 Dav.
1184 2536 1289 2570 ansam
1308 2536 1365 2571 cor·

193 2589 310 2664 rigandi
335 2589 506 2658 arripuerat.
544 2587 653 2638 Putas
679 2602 719 2638 ue
738 2587 885 2668 'comittem
914 2584 999 2638 babet
1017 2588 1186 2710 unus-354
1218 2599 1281 2674 tres
1306 2608 1366 2642 eum

193 2660 689 2855 ΞιῖςειτξυᾶῗίιιέειῗὲηιῖιΞοιιᾷὲηἰζ
697 2663 847 2798 ”iiiiiiqiia
874 2670 1306 2856 iiiifigiiassqiiiui'affi?
1322 2669 1367 2855 {ii

243 2842 249 2853 .
322 2839 485 2852 ....
562 2811 713 2851 .n1est:
744 2815 998 2852 useecomnuas
1031 2816 1049 2852 tt
1092 2832 1127 2843 -
1170 2811 1303 2856 stetis
1341 2820 1367 2855 e·

192 2873 284 2937 faisse
301 2873 425 2925 videare.
457 2820 497 2923 Iin
516 2888 594 2940 seqq.
616 2872 682 2924 Gud.
703 2872 776 2924 Gud.
797 2871 883 2922 habet
901 2875 941 2922 at
959 2836 1042 2925 doior
1059 2871 1118 2923 ita
1136 2887 1280 2941 corpas
1304 2875 1365 2939 affi-

194 2945 259 3007 ciat,
279 2945 328 2994 nbi
347 2943 476 3015 agnoscis
495 2958 611 2993 inanum
630 2942 690 2994 sive
710 2942 881 3011 interpretis
901 2944 963 2995 sive
988 2943 1224 3012 interpolatoris.
1270 2946 1366 3014 Itaque

193 3015 315 3085 ponitur
332 3030 385 3083 pro
404 3018 430 3063 et
449 3013 499 3077 ita,
519 3022 657 3081 recteque
675 3014 788 3065 monuit
808 3012 944 3066 chsner.
965 3012 1000 3065 ad
1018 3013 1078 3066 cie.
1100 3014 1178 3066 Belo
1226 3056 1233 3068 .
1253 3036 1284 3087 p.
1303 3020 1362 3072 392

192 3096 257 3155 post
277 3102 339 3137 eam
356 3100 459 3135 vocem
477 3102 535 3136 essa
554 3084 770 3136 distinctionem
790 3085 950 3152 ponendam
969 3085 1123 3137 minorem.
1161 3033 1230 3139 ἦε.

265 3173 326 3208 eam
343 3155 474 3222 grauiter
492 3161 518 3207 et
536 3155 659 3221 copiose]
697 3157 777 3209 Unus
806 3156 856 3207 Ox.
878 3158 952 3209 ltlon.
973 3157 999 3210 2.
1027 3161 1100 3207 tane
1126 3160 1288 3222 grauium
1313 3160 1366 3212 dno

193 3228 265 3282 Oxx.
294 3230 369 3280 blan.
397 3232 419 3281 l.
451 3226 504 3278 Ed.
532 3228 561 3277 P.
589 3227 687 3278 iuncta
712 3235 834 3294 utraque
859 3226 993 3278 lectione.
1026 3231 1096 3278 tam
1129 3243 1195 3280 eam
1220 3231 1363 3298 gratiter.

193 3299 290 3351 Duisb.
311 3298 395 3350 habet
413 3297 524 3366 copiose
544 3302 571 3348 et
589 3296 730 3363 graviter.
751 3297 826 3349 Tum
847 3297 920 3350 Gud.
933 3303 957 3354 l.
979 3314 1057 3367 apr.
1078 3315 1117 3349 m.
1137 3297 1218 3352 nette
1246 3310 1302 3355 est
1320 3303 1365 3354 bo·

192 3387 267 3423 nam.
305 3373 370 3423 ltlox
398 3378 440 3421 est
464 3370 494 3420 in
519 3368 656 3437 plurimis
675 3368 747 3420 Edd.
773 3365 916 3421 boaestum
935 3375 1021 3432 estet;
1044 3369 1093 3421 sed
1121 3378 1200 3422 esset
1221 3371 1365 3425 honestum

193 3443 362 3494 exhibemus
382 3456 449 3491 cum
467 3439 536 3490 Dav.
558 3456 591 3490 ex
611 3439 696 3491 Codd.
717 3441 756 3491 lle
780 3478 785 3489 .
807 3440 880 3493 Gud.
903 3446 927 3494 l.
947 3439 1019 3491 aue.
1047 3438 1136 3492 lllarb.
1165 3441 1272 3496 Duisb.
1292 3443 1364 3496 Gud.

193 3514 268 3566 blan.
295 3515 321 3567 2.
361 3512 450 3563 Esse
476 3507 618 3562 honestum
650 3509 735 3562 babet
757 3457 833 3562 ilos.
864 3516 888 3566 l·
920 3486 1081 3579 Utraiitque
1109 3527 1217 3564 vocem
1255 3516 1365 3567 omittit

193 3584 268 3637 Gud.
290 3586 314 3637 2.
335 3583 418 3635 Esset
437 3581 515 3632 abest
534 3598 548 3631 a
567 3580 675 3632 duobus
695 3582 763 3633 Oxx.
784 3590 813 3632 et
833 3581 898 3635 ead.
920 3581 1009 3635 aoht.
1022 3583 1132 3634 Cubare
1151 3601 1243 3655 saepe
1257 3587 1365 3638 dicitur

214 3673 246 3708 ro
273 3659 467 3721 aegrotantem
496 3651 600 3706 iacere.
638 3650 686 3705 sic
712 3653 812 3703 Horat.
841 3652 899 3705 Sat.
920 3654 942 3704 1.
971 3656 997 3707 9.
1030 3655 1075 3708 te:
1106 3653 1208 3707 Trans
1240 3656 1364 3710 Tiberius

193 3674 277 3792 ibuge
296 3724 405 3776 ciebat
424 3724 450 3774 is
468 3723 711 3789 propecaesaris
730 3721 835 3775 bortos.
856 3724 936 3776 Unus
955 3725 1004 3777 Ox.
1024 3723 1108 3776 babet
1133 3727 1363 3798 cubantemque.

193 3828 227 3839 -
246 3796 356 3866 Scripsi
383 3794 573 3860 disputavisse
600 3811 636 3845 ex
661 3794 745 3847 Godd.
781 3797 913 3864 (excepto
938 3795 1025 3869 Aug.)
1052 3796 1198 3859 omnibus,
1236 3800 1365 3868 itemque

189 3868 263 3922 Edd.
284 3868 361 3919 Vict.
380 3865 449 3919 llob.
470 3863 572 3935 steph.
592 3865 677 3916 Leod.
699 3865 778 3934 sylb.
800 3865 893 3916 Gebb.
914 3883 992 3936 seqq.
1031 3868 1065 3919 ln
1083 3866 1213 3938 reliquis
1243 3882 1288 3923 est
1307 3871 1365 3923 dis·

188 3947 312 4009 putasse.
334 3939 396 3991 Duo
416 3938 487 3990 Onx.
508 3936 649 3989 omittunt
669 3936 758 4004 quasi.
796 3937 855 3988 Μν.

262 4013 339 4077 iaces
358 4009 386 4064 ei
404 4007 515 4061 doloris
535 4006 761 4072 admouerentur]
800 4008 885 4060 Plane
906 4008 945 4060 ita
964 4007 1024 4061 Cic.
1044 4008 1079 4060 de
1098 4007 1153 4061 aff.
1175 4011 1216 4063 11.
1242 4015 1291 4068 ltt:
1317 4012 1365 4065 do·

191 4082 285 4134 taram
309 4099 393 4151 quaen
416 4081 600 4133 adttsoaeatar
622 4079 716 4142 seces.-
754 4078 832 4130 inira
856 4080 890 4143 V,
915 4082 959 4134 27.
988 4083 1035 4134 76:
1073 4079 1156 4133 dolor
1175 4113 1210 4124 -
1232 4085 1364 4136 ardentes

190 4153 269 4217 faces
288 4153 418 4205 intentat.
441 4167 511 4220 quos
529 4151 607 4203 locos
627 4149 756 4200 laudavit
771 4149 900 4202 Kiihuer.
922 4149 1082 4203 Ochsuerus
1100 4151 1201 4204 laudat
1222 4155 1260 4207 de
1279 4156 1360 4207 fian.

191 4224 229 4278 11.
249 4226 292 4277 28.
314 4234 387 4276 ests.
409 4238 493 4293 qaum
512 4239 605 4274 orienes
624 4228 706 4272 artas
725 4222 856 4274 ardere
874 4221 1052 4286 videreatar;
1070 4223 1104 4274 V.
1117 4225 1164 4278 31.
1181 4234 1261 4278 extr.
1282 4241 1360 4293 mam

191 4295 307 4349 arderet
323 4295 469 4365 podagrae
487 4293 641 4347 doloribus.
665 4291 764 4345 Duisb.
784 4292 869 4345 babet
891 4293 1117 4348 admonerentur.
1158 4296 1228 4349 Post
1255 4295 1363 4350 anese

190 4384 263 4421 unas
288 4359 339 4421 Ox.
365 4364 478 4417 otnittit
504 4363 587 4417 nihii.
624 4361 673 4416 Aa
696 4363 874 4417 locutionem
899 4361 975 4418 atta
998 4363 1066 4434 agis
1092 4364 1217 4420 landent
1235 4368 1309 4438 Epp.
1328 4365 1364 4418 ad

190 4438 301 4492 Fatum.
320 4436 370 4502 xl,
389 4436 432 4492 28.
453 4437 480 4489 3.
507 4445 580 4489 extr.
606 4453 636 4506 p.
658 4437 721 4492 267.
741 4433 784 4487 ed.
806 4433 895 4487 areu.
921 4441 997 4489 mette
1020 4434 1102 4490 sabis
1125 4436 1302 4509 esim-ert
1318 4453 1364 4492 ee·

186 4517 300 4566 namur.
338 4506 397 4564 Sed
415 4502 489 4559 nillil
506 4512 603 4576 agunt.
625 4532 658 4545 -
694 4506 800 4559 Vocem
818 4505 902 4561 detor
918 4506 1030 4561 omittit
1049 4507 1124 4561 Gud.
1144 4510 1193 4575 2.,
1219 4511 1266 4565 sis
1289 4510 1364 4564 Μ

189 4580 290 4636 aGud
336 4580 416 4635 ldem
432 4575 520 4633 babet
536 4576 689 4642 confitebor
707 4582 736 4630 te
753 4591 823 4631 esse.
843 4577 924 4633 Unus
942 4577 993 4632 Ox.
1012 4577 1126 4633 oiuistit
1144 4595 1219 4637 esse.
1259 4582 1321 4639 Me.
