2828 5070
540 302 667 366 LIBER
689 302 716 380 Ι,
749 304 800 368 tt.
1185 304 1245 368 361

176 461 251 532 imo
270 471 427 534 enimvero
460 460 575 550 cdrpus
594 466 723 533 Priamo
750 467 889 550 re'ddidi,
916 469 1088 534 Hectorem
1114 467 1244 534 tostum

94 640 145 704 tia,
165 657 352 710 quaecunque
371 641 486 710 corpori
504 640 631 693 hominis
649 639 756 692 mortui
775 641 915 705 accidant,
935 640 1012 693 nihil
1030 641 1065 695 ad
1083 643 1179 712 ipsum
1194 640 1247 694 ho-

94 711 204 762 minem
222 713 384 782 pertinere:
415 728 494 787 ergo,
519 722 552 764 ut
574 713 630 765 hoe
648 719 722 776 utar,
748 710 772 761 si
791 713 856 777 quis
881 713 1047 782 sepeliatur,
1075 731 1133 766 non
1152 714 1247 783 ipsum

93 782 222 852 sepeliri,
242 783 291 836 sed
309 784 370 836 eius
389 798 500 852 corpus.
538 785 599 837 lam
618 799 715 836 errare
734 781 805 834 dicit
825 782 977 848 Hecubam,
1005 784 1080 854 quod
1100 784 1247 837 existima·

92 855 181 916 verit,
202 855 355 907 Hectorem
375 856 467 924 ipsum
487 854 519 907 ab
537 854 654 906 Achille
674 871 762 905 curru
781 854 858 905 circa
866 855 971 906 Troiae
989 855 1101 907 moenia
1120 853 1243 923 rapteri:

92 926 325 999 interrogatque:
354 943 434 995 quem
452 925 621 978 Hectorem?
649 930 697 977 out
715 940 797 993 quam
815 925 865 977 diu
889 926 961 978 erit
987 925 1113 979 Hector?
1142 925 1246 978 Nonne

94 997 278 1079 interrogare
297 997 389 1061 debet,
408 999 432 1049 si
451 1014 547 1049 secum
565 997 727 1050 consentire
745 996 819 1060 vult,
847 1012 930 1065 quam
948 996 998 1050 diu
1023 1003 1100 1049 erat
1119 995 1245 1048 Hectori

93 1076 126 1120 ut
146 1068 307 1191 dipnrfieet,
327 1070 435 1120 Hector
453 1085 510 1121 non
529 1073 597 1133 erat,
616 1067 664 1121 sed
682 1084 784 1150 corpus
805 1068 874 1128 eius,
904 1068 980 1137 quod
1006 1085 1095 1119 curru
1120 1066 1245 1119 Achillis

95 1140 175 1208 repie
196 1148 274 1191 atur:
294 1156 352 1191 non
370 1140 449 1192 enim
466 1140 567 1190 vivum
586 1157 650 1193 eum
668 1136 807 1202 Achilles,
827 1140 875 1191 sed
883 1147 1039 1205 ⁸mortuum
1057 1139 1158 1192 currui
1180 1137 1246 1191 elli-

115 1211 182 1261 evit.
221 1213 365 1262 Mortuum
392 1221 490 1262 narrat
508 1211 648 1263 Homerus
666 1209 752 1262 Jliad.
772 1211 859 1263 XXII.
880 1211 942 1265 361.
971 1210 1022 1261 alli
1044 1219 1121 1261 atum
1149 1209 1187 1260 ib.
1214 1225 1242 1262 v.

94 1228 147 1336 {96
170 1282 254 1351 sqq.“
291 1284 353 1334 Nec
376 1299 452 1333 nunc
478 1299 556 1334 meae
581 1299 626 1334 me
651 1281 819 1350 suspicionis
844 1282 981 1351 poenitet.
1023 1227 1157 1333 irobavit
1182 1297 1245 1332 eam

95 1353 290 1404 coniecturam
314 1370 415 1406 censor
439 1351 640 1422 symbolarum
663 1359 825 1404 nostrarum
855 1353 887 1402 in
914 1351 1045 1405 Seebodii
1067 1350 1139 1403 Bibl.
1169 1350 1241 1404 crit.

95 1425 173 1478 1828.
195 1426 240 1478 73:
262 1433 290 1476 et
308 1424 429 1477 totidem
449 1424 543 1477 literis
563 1441 623 1476 eam
641 1422 797 1476 lectionem
815 1421 931 1475 exhibet
950 1422 1017 1476 cod.
1037 1422 1121 1474 Vind.
1137 1427 1160 1477 1.
1181 1421 1243 1476 Mr.
1351 1429 1361 1447 ·

166 1494 274 1547 Metius
297 1495 381 1547 Atti
388 1512 427 1547 ue
451 1500 477 1547 et
502 1494 654 1565 aliquando
683 1494 796 1561 sepiem
823 1491 958 1559 Achilles]
1004 1492 1114 1563 Scripsi
1143 1491 1245 1546 Attice

94 1565 339 1620 cumFAllsolflo
359 1566 525 1631 morellio,
545 1574 578 1618 nt
599 1565 787 1634 iampridem
815 1573 904 1618 exstat
930 1565 1071 1635 scriptum
1098 1563 1175 1616 illud
1192 1579 1245 1618 no·

93 1653 160 1688 men
179 1637 209 1686 in
228 1637 298 1690 Edd.
319 1640 399 1690 Brut.
420 1638 515 1689 Larnb.
536 1635 555 1689 S
577 1636 614 1688 lb.
635 1636 684 1688 Fr.
705 1635 786 1687 Febr.
808 1645 836 1688 et
855 1635 975 1691 HWolf.
1002 1635 1064 1702 (hic
1090 1635 1120 1686 in
1139 1635 1243 1720 inarg.)

92 1707 134 1759 De
159 1726 214 1777 qua
238 1708 396 1778 scriptione
422 1709 479 1761 vid.
503 1656 621 1761 Baeirii
648 1707 739 1760 nostri
763 1705 834 1758 Hist.
861 1708 930 1759 Litt.
951 1709 1031 1760 Rern.
1057 1705 1244 1770 (Germanice

92 1779 241 1849 scriptam)
260 1798 287 1849 p.
308 1782 350 1835 45.
372 1779 440 1849 ibiq.
461 1779 553 1831 laudd.
590 1777 693 1831 Actius
719 1777 825 1830 hebent
844 1778 928 1831 Codd.
949 1777 1022 1831 Gud.
1042 1777 1139 1830 Duisb.
1167 1777 1192 1829 Α
1234 1814 1242 1830 .

93 1867 166 1900 unus
186 1851 235 1903 Ox.
255 1850 326 1902 Edd.
346 1852 416 1903 Ven.
437 1860 523 1903 nostr.
544 1849 608 1901 Asc.
630 1853 654 1904 l.
684 1849 759 1901 cam.
781 1848 888 1902 Sturm.
916 1846 981 1909 Ald.
1010 1847 1090 1901 Boul.
1110 1794 1241 1902 duntuH.

94 1919 127 1970 A.
148 1921 177 1970 B.
199 1918 226 1973 S.
247 1921 281 1971 E.
302 1922 337 1973 M.
374 1922 409 1974 In
433 1937 489 1973 uno
516 1921 566 1972 Ox.
596 1929 638 1972 est
656 1918 778 1983 acutium
809 1919 840 1970 in
864 1919 985 1989 reliquis
1010 1918 1095 1972 codd.
1124 1928 1152 1972 et
1170 1917 1242 1973 Edd.

93 1990 207 2042 Accius.
243 1991 322 2044 Unus
341 1992 407 2045 Cod.
433 1992 517 2044 Bern.
542 1991 628 2043 hebet
645 1991 744 2044 Attius
770 2009 785 2042 a
807 2007 862 2043 sec.
891 2009 985 2043 manu.
1022 1989 1150 2055 Rathius‚
1178 2007 1245 2043 cuin

94 2079 153 2113 non
172 2061 362 2137 intelligeret,
383 2062 453 2133 quid
471 2063 507 2114 sit
523 2068 549 2114 et
564 2062 713 2130 aliquando
727 2061 850 2130 sapiens,
870 2061 995 2115 coniecit
1013 2068 1072 2114 out
1090 2056 1244 2132 otiquonIo

93 2131 283 2199 sapientius.
325 2134 455 2186 Firmare
478 2134 543 2184 vult
571 2133 799 2186 emendationem
823 2139 872 2186 out
899 2133 965 2186 loco
989 2133 1049 2186 Cic.
1081 2133 1115 2187 ds
1139 2131 1191 2185 off.
1218 2133 1242 2186 1.

92 2207 140 2260 23:
163 2204 303 2272 capitatis
322 2205 474 2273 Euripides
492 2204 545 2257 vet
559 2203 654 2273 potius
672 2203 807 2257 Eteocles.
834 2204 889 2258 Sed
905 2204 984 2258 locus
1003 2203 1066 2273 (qui
1085 2212 1127 2258 est
1145 2206 1176 2256 1..
1188 2203 1242 2257 111.

92 2293 118 2327 c.
139 2275 194 2341 21.)
215 2293 271 2327 non
291 2277 330 2328 ita
348 2277 458 2351 legitur
476 2276 507 2327 in
527 2276 612 2329 Codd.
633 2275 682 2328 sed
701 2276 815 2328 inverso
841 2276 996 2328 verborum
1015 2275 1130 2329 ordine:
1159 2273 1245 2342 Capi·

92 2346 165 2398 totis
190 2347 313 2400 Eteocles
338 2349 381 2401 oet
401 2348 494 2416 potius
520 2347 692 2415 Euripidem
721 2345 808 2398 illum
825 2346 937 2399 volebat
962 2346 1114 2398 Gesnerus.
1152 2344 1245 2398 Verba

93 2417 236 2484 eliquanto
256 2419 410 2486 sapientius
429 2417 569 2488 explicat:
590 2436 675 2487 quam
692 2416 790 2487 paullo
808 2425 874 2470 ente
894 2416 1042 2480 nimirum,
1061 2415 1246 2471 ubiHectora

93 2487 129 2540 ed
147 2506 266 2540 currum
285 2490 440 2565 religatum
459 2489 581 2543 lacerari
601 2488 776 2558 opinabatur.
815 2486 870 2541 Sed
888 2488 964 2540 salva
992 2504 1037 2539 res
1056 2495 1110 2540 est:
1138 2491 1164 2539 et
1187 2483 1245 2540 alt'·

94 2560 204 2629 quondo
222 2560 334 2627 sapiens
354 2570 394 2614 est
413 2563 432 2613 i.
454 2580 480 2631 q.
503 2567 528 2613 et
547 2560 659 2613 tandem
677 2559 798 2628 sapiens,
818 2569 850 2612 ut
868 2561 947 2611 r'ecte
965 2557 1006 2609 eit
1024 2558 1130 2612 Censor
1139 2560 1245 2611 denen·

93 2631 133 2682 sis
153 2635 228 2687 18⁰6.
250 2636 291 2686 50.
312 2651 339 2702 p.
361 2635 421 2688 391.
442 2642 470 2685 et
489 2648 539 2684 nos
558 2631 705 2684 docuimus
714 2629 915 2700 Symbolarum
933 2629 953 2681 l.
974 2645 1013 2682 c.:
1033 2666 1052 2695 „
1060 2630 1132 2683 Cum
1150 2636 1267 2699 rapta-¹

93 2711 139 2755 ret
158 2703 289 2756 Hectoris
308 2721 411 2773 corpus
429 2703 568 2766 Achilles,
596 2702 690 2772 ipsum
708 2701 846 2754 videlicet
869 2701 1023 2754 Hectorem
1050 2699 1159 2784 raptari
1184 2699 1245 2754 exi-

93 2774 237 2826 stimabat:
258 2792 324 2825 cum
343 2775 511 2828 reddidisset
529 2773 641 2826 Priamo
660 2771 792 2825 Hectoris
811 2789 924 2842 eorpus,
953 2772 1101 2825 intellexit
1119 2771 1244 2836 tandem,

93 2862 123 2896 se
149 2862 206 2896 non
231 2846 384 2898 Hectorem
407 2848 518 2899 Priamo
543 2844 708 2911 reddidisse,
736 2844 785 2896 sed
811 2859 916 2914 corpus
943 2843 1089 2896 Hectoris:
1121 2843 1245 2913 ideoque

92 2911 1245 3054 litli.}¹¹itetl¹t.⁰¹¹tttttt3{⁰‘1¹i-⁰⁰‡3t³.⁵,ttt⁵iiiitttttitt?

92 3058 144 3111 111.
165 3062 211 3114 28:
251 3058 348 3112 audite
376 3067 401 3112 et
430 3008 623 3126 {liquando
649 3055 834 3110 miseremini:
872 3073 925 3127 pro
945 3054 1043 3109 Milon.
1064 3060 1095 3111 9:
1115 3062 1145 3107 ut
1163 3054 1245 3107 ats-

92 3129 243 3198 puondo
272 3130 310 3181 ad
335 3146 448 3183 eausam
472 3131 620 3182 veniemus.
657 3129 731 3200 Epp.
761 3129 796 3181 ad
812 3125 872 3180 Ate.
892 3129 914 3180 1.
935 3129 967 3182 4:
986 3134 1023 3192 ,te
1048 3125 1245 3194 aliquando

92 3201 150 3251 iam
167 3216 226 3250 rem
245 3201 393 3265 attingere.
415 3202 491 3253 ,Iam
510 3201 579 3251 adde
599 3198 704 3251 Handii
722 3189 920 3251 Tursellinum
939 3199 960 3250 1.
982 3216 1008 3267 p.
1030 3200 1090 3252 250.
1128 3197 1190 3249 Mr.

165 3271 224 3320 Imo
244 3269 383 3322 enimvero
401 3286 503 3337 eorpus
521 3270 635 3322 Priamo
654 3269 780 3336 reddidi,
799 3270 947 3322 Hectorem
969 3268 1083 3321 abstuti.
1121 3266 1246 3320 Bouhie-

92 3340 162 3403 rius,
192 3341 235 3392 rei
255 3342 392 3392 metricae
408 3357 512 3412 parum
537 3341 653 3394 idoneus
671 3341 789 3406 arbiter,
809 3358 894 3393 unam
914 3339 1059 3409 Syllabam
1086 3338 1245 3391 redundare

93 3413 124 3463 in
143 3411 198 3464 hoc
217 3430 304 3465 versu
323 3411 498 3476 existimans,
518 3411 559 3464 ita
577 3429 642 3464 eum
660 3420 825 3466 correctum
845 3411 913 3478 (vel,
940 3413 1035 3481 potius
1063 3408 1244 3480 corruptum)

92 3483 219 3536 volebat:

199 3555 285 3607 immo
306 3553 444 3609 enimvero
464 3570 564 3624 corpur
582 3553 700 3608 Priamo
719 3554 816 3619 dedi,
836 3555 982 3608 Hectorem
999 3554 1111 3610 obstuli.

92 3625 208 3679 Billerb.
234 3628 300 3679 duas
319 3626 440 3696 syllabas
459 3625 599 3680 abundare
618 3643 735 3679 censens
756 3626 857 3679 edidit:

198 3698 267 3750 lmo
287 3715 368 3752 cero
388 3713 488 3767 corpus
505 3697 620 3750 mismo
639 3696 761 3762 reddidi,
780 3697 927 3750 Hectorem
945 3694 1059 3750 abstuti.

93 3765 149 3818 Sed
176 3767 236 3837 ipse
264 3771 354 3834 vidit,
388 3771 448 3843 legi
477 3786 558 3840 posse
584 3769 653 3822 l'mo
678 3770 832 3833 trimetro,
860 3768 1044 3837 laudaritque
1074 3765 1242 3821 Grotelend.

91 3837 128 3889 ll.
155 3835 177 3901 5.
201 3842 258 3894 115.
287 3839 351 3892 Vid.
380 3840 463 3894 modo
488 3841 605 3893 Terent.
634 3839 722 3892 Andr.
748 3841 772 3907 1,
800 3844 824 3906 l,
844 3841 892 3895 6⁴1:
931 3840 1069 3893 trimetro
1091 3843 1245 3907 spectatum

91 3944 172 3997 talit-
201 3945 307 4014 Hecyr·
335 3947 381 3998 IV.
411 3950 437 4003 t.
462 3950 510 4002 51:
547 3916 697 3999 Hatmve'ro
727 3961 847 4015 prorsus
878 3945 938 3997 iam
964 3950 1058 3997 tacere
1085 3960 1139 3996 non
1166 3959 1244 4010 quem

92 4017 246 4068 Omittitur
273 4015 346 4068 enim
374 4018 405 4069 in
435 4019 527 4070 tribus
556 4019 624 4070 Oxx.
653 4017 750 4069 Duisb.
778 4015 861 4068 Vind.
892 4021 915 4071 l.
944 4032 1011 4069 vero
1038 4015 1185 4068 omittitur
1213 4015 1246 4067 in

91 4088 165 4140 Gud.
186 4090 210 4141 2.
232 4087 320 4140 llehd.
341 4105 398 4141 uno
417 4090 466 4142 Ox.
497 4091 530 4141 ln
549 4089 633 4140 Vind.
654 4091 679 4143 2.
702 4097 743 4141 est
760 4089 910 4140 Hectorem
928 4085 1044 4151 abstuti,
1063 4102 1166 4155 corpere
1182 4085 1245 4155 pri-

92 4174 154 4210 amo
174 4158 300 4211 reddidi.
338 4160 373 4210 ln
391 4160 442 4211 Ed.
464 4161 497 4210 H.
519 4160 576 4212 imo
594 4159 668 4212 enim
685 4175 737 4213 noo
755 4159 905 4212 Hectorem
923 4157 1038 4224 abstuti,
1065 4173 1166 4226 corpur
1181 4155 1246 4226 pri·

92 4244 154 4282 omo
173 4231 296 4284 reddidi.
321 4229 417 4281 Duisb.
437 4231 573 4296 Hectora,
597 4249 683 4301 supra
705 4232 758 4282 lin.
784 4245 851 4281 rem.
888 4233 953 4283 Post
974 4229 1040 4283 Nom
1063 4229 1156 4297 igitur
1180 4228 1247 4297 plu·

93 4300 160 4350 rimi
178 4303 282 4370 scripti
311 4310 340 4354 et
364 4301 436 4354 editi
459 4300 564 4354 habent
591 4302 623 4353 in
642 4302 737 4354 verbis
756 4301 903 4355 Ciceronis
930 4310 1033 4354 contra
1059 4302 1120 4354 eius
1137 4312 1249 4352 merem

91 4370 225 4433 Hectora,
245 4373 321 4440 quod
340 4372 370 4422 in
389 4372 540 4425 Hectorem
558 4373 678 4437 mutavi,
703 4390 770 4426 eum
792 4372 890 4442 paullo
916 4380 982 4426 ante
1000 4372 1032 4424 in
1051 4369 1200 4425 Ciceronis
1218 4374 1250 4420 et

94 4441 125 4492 in
144 4441 220 4493 Attii
238 4443 333 4495 verbis
352 4443 394 4496 ita
412 4444 555 4512 seriptum
572 4444 618 4497 sit.
656 4445 697 4499 Et
713 4443 821 4499 hebent
833 4443 987 4499 Hectorem
1004 4441 1060 4496 duo
1080 4442 1150 4496 Oxx.
1171 4436 1247 4492 Gud.
