2828 5070
101 310 110 375 l
561 333 692 398 nmen
713 332 758 416 11,
782 334 832 402 η.
964 334 967 339 ’
1214 336 1275 404 sor

101 502 224 566 'aaran
245 510 279 565 te
300 503 477 587 quicquam
498 505 610 567 iacere
632 501 715 564 nihil
760 502 978 579 rotlcientem,
1000 510 1036 564 at
1049 501 1280 566 laborantem?

101 584 173 647 'An
199 582 421 666 Temperantia
441 589 530 649 sinet
552 596 585 649 ta
617 523 836 648 immoderate
864 587 974 647 tacere
1000 584 1194 669 quicquamt
1228 588 1281 650 Aa

101 668 187 729 lcoli
208 669 342 732 Iustitia
366 671 492 753 poterit
522 669 563 730 ab
592 669 727 731 homine
755 674 896 751 propter
923 669 992 729 rim
1021 666 1149 730 doloris
1175 688 1280 732 enun-

101 751 225 813 -tiante
235 755 420 829 commissa,
443 751 607 835 prodente
619 753 781 829 conscios,
804 751 912 812 multa
926 752 1037 812 officia
1050 752 1280 834 relinquente?

101 831 229 897 nonidl
268 835 474 899 Fortitudini
502 835 683 898 comitibus
706 854 747 897 ne
776 835 869 909 eius,
912 833 1134 916 magnitudini
1164 835 1277 913 animi,
1296 841 1339 895 32.

101 914 292 1002 'gravitati
323 920 516 999 patientiae,
551 934 667 979 rerum
684 856 910 978 immemorum
940 914 1187 996 despicientiae,
1217 937 1282 998 quo

101 990 221 1091 ,innodo
248 998 484 1081 respondebis!
529 1000 725 1061 Afflictusne
747 1008 781 1060 et
801 1001 912 1060 iacens
934 1009 968 1060 et
980 999 1186 1062 lamentabili
1201 1019 1282 1062 voce

131 1126 309 1136 noco-n...—
315 1128 526 1136 ---·-----——
534 1128 616 1135 u---
628 1129 713 1134 ...--...-..
718 1127 853 1135 ——-—-—

101 1184 196 1253 ,latae
214 1187 285 1239 Ven.
307 1192 330 1242 l.
351 1191 377 1245 2.
403 1189 476 1241 bled.
499 1193 522 1244 l.
542 1191 568 1243 2.
598 1197 746 1260 praeterea
771 1187 836 1239 Asc.
857 1190 880 1241 l.
900 1189 927 1241 2.
952 1186 1074 1243 HWoll.
1095 1189 1166 1241 Ven.
1191 1197 1280 1242 nostr.

101 1257 151 1323 ,tt
172 1257 205 1308 A.
225 1256 256 1309 Β.
277 1257 305 1311 S.
325 1258 376 1325 E.;
397 1259 464 1312 (lod.
486 1260 560 1313 Gud.
578 1261 771 1328 perficientem.
808 1250 867 1310 Mr.

101 1374 103 1381 .
193 1333 220 1380 et
238 1329 448 1397 laborantemi]
481 1331 673 1406 „legendum
692 1334 811 1384 tortasse
832 1337 873 1382 est
891 1333 918 1380 et
935 1329 1080 1395 fruatra
1097 1332 1280 1391 laborantem·

120 1397 197 1466 Quin
235 1401 300 1454 lane
318 1417 420 1455 vocem
437 1403 560 1469 (matra,
588 1410 637 1455 ant
664 1401 750 1455 aliam
770 1400 808 1452 ali
832 1417 896 1452 uam
922 1416 1023 1470 parem
1043 1411 1072 1455 et
1090 1403 1167 1456 idem
1184 1405 1284 1457 valen-

119 1477 192 1535 tem,
211 1418 307 1526 deesse
326 1471 668 1527 existimo.“1.ambinue.
706 1472 795 1545 „qu
810 1419 911 1524 iocum
928 1470 1184 1544 sicinterpretor:
1211 1476 1283 1527 Pru·

120 1538 256 1596 dentiane
273 1545 435 1614 permittet,
455 1552 488 1596 ut
506 1545 661 1615 quicquam
680 1542 777 1607 facias,
796 1542 828 1595 in
844 1558 901 1611 quo
921 1559 1010 1611 quum
1027 1542 1138 1599 labores
1163 1554 1192 1598 et
1219 1562 1282 1600 mo·

120 1612 220 1666 lestias
238 1615 386 1682 sustineas,
405 1612 483 1666 nihil
502 1623 597 1669 tamen
614 1613 803 1668 emolumenti
816 1622 865 1666 aut
875 1614 987 1665 fructus
996 1615 1064 1668 inde
1077 1615 1281 1686 assequaris?“

110 1682 223 1745 Eram.
243 1686 353 1741 Febris.
391 1685 574 1751 „Offendunt
602 1685 687 1740 verba
722 1691 748 1738 et
782 1684 965 1738 laborantem.
1008 1686 1157 1741 Bentleins
1187 1686 1282 1760 igitur

121 1752 163 1826 (q.
183 1755 223 1821 v.)
242 1767 306 1828 post
324 1757 494 1810 lnmbiuum
520 1759 627 1824 frustra
645 1755 888 1827 interponendum
916 1756 1036 1808 censuit.
1075 1758 1154 1813 Fieri
1184 1766 1284 1811 tamen·

119 1834 225 1899 potest,
243 1838 277 1880 ut
294 1828 517 1898 transpositione
536 1836 658 1882 curetur
674 1826 920 1899 locnalnidelicet
945 1825 970 1877 si
995 1827 1114 1881 scribas:
1150 1828 1282 1882 laboran-

121 1902 179 1950 tem
201 1902 228 1949 et
253 1897 325 1951 nibil
345 1899 546 1967 proficientem
573 1900 649 1969 quod
680 1899 751 1950 item
778 1897 810 1950 in
840 1904 968 1949 mentem
994 1908 1122 1952 venerat-
1137 1898 1280 1951 Bentleio.

120 1968 204 2023 Unus
215 1969 300 2023 Leid.
320 1970 406 2023 habet
423 1971 645 2024 elaborantem.“
663 1967 794 2024 Baubier.
818 1967 877 2037 „Si
896 1967 937 2019 sie
955 1966 1057 2023 Cicero
1075 1968 1164 2033 dedit,
1183 1987 1280 2023 sensus

122 2047 181 2093 est:
202 2055 267 2092 curn
286 2040 362 2092 nihil
389 2041 523 2125 proficias
542 2043 595 2095 etsi
614 2042 734 2104 labores,
762 2057 828 2092 cum
846 2047 942 2091 tamen
968 2037 1109 2093 labores.“
1133 2041 1280 2095 lirneatua.

122 2109 268 2164 rnwolf.
289 2122 417 2164 correxit
436 2117 463 2165 et
479 2114 653 2166 laborantem
671 2119 797 2178 tamen,
818 2110 935 2180 eiusque
957 2111 1184 2165 additamentum
1202 2129 1282 2164 reee-

122 2191 231 2253 perant
248 2184 329 2237 lloel.
349 2191 379 2236 et
397 2183 483 2237 Solia.
519 2186 608 2239 Recte
635 2193 731 2238 autem
754 2184 801 2235 Or.
821 2182 1000 2256 ingeniosam
1028 2198 1087 2237 esse
1114 2183 1154 2236 ait
1173 2181 1282 2241 Womi

123 2252 329 2320 coniecturam,
349 2256 537 2309 necessariam
555 2272 613 2309 non
633 2257 718 2308 item:
748 2269 922 2325 quamquam
947 2257 1042 2306 tumen
1058 2261 1123 2324 post
1142 2253 1282 2324 syllabam

123 2327 179 2376 lem
197 2326 284 2378 facile
304 2326 437 2379 excidero
456 2327 594 2398 potuerit.
634 2328 693 2395 Mr.

186 2395 240 2447 ·An
261 2396 457 2465 Temperantia
475 2398 548 2456 sinet
566 2404 594 2450 te
611 2396 803 2463 immoderate]
839 2397 920 2465 Unus
938 2395 989 2448 Ox.
1009 2395 1119 2448 omittit
1146 2394 1282 2449 immode-
1323 2440 1329 2451 .

123 2469 196 2518 rate.
214 2465 312 2519 Dnisb.
332 2467 417 2520 habet
436 2468 585 2537 quidquam
610 2469 705 2534 iacere
729 2467 968 2521 immoderatum.
996 2465 1068 2520 Gud.
1095 2465 1171 2520 imm.
1197 2465 1283 2537 quid·

124 2550 209 2606 quam
226 2536 328 2600 iacere.
349 2538 433 2589 Vind.
456 2542 479 2592 l.
500 2539 645 2608 quicquam
662 2555 782 2609 agere.
821 2539 880 2593 Mr-
1115 2562 1118 2569 ·

196 2608 357 2661 enuntiante
375 2609 561 2676 commiscui]
597 2611 678 2663 Unus
697 2610 746 2663 01.
767 2618 796 2663 et
814 2609 902 2662 Mas-b.
928 2609 1132 2666 enuntiantem
1159 2618 1283 2680 uterque

126 2677 214 2730 etiam
240 2679 415 2746 prodentem,
445 2697 499 2750 pro
523 2696 579 2751 qno
608 2680 693 2734 Vind.
719 2683 744 2736 2.
772 2680 804 2732 in
832 2698 923 2756 marg.
950 2681 1036 2735 habet
1069 2679 1281 2748 manifestante,

124 2748 209 2800 Vind.
232 2753 255 2804 l.
274 2751 366 2804 sarias
391 2767 445 2822 pro
472 2750 604 2805 consciae.
623 2751 683 2806 ox.
710 2751 772 2811 ille,
788 2750 862 2805 Gud.
882 2754 908 2806 2.
928 2761 959 2806 et
976 2751 1062 2805 Marb.
1092 2753 1123 2804 in
1141 2752 1282 2822 proximis

124 2819 337 2888 relinquentem
365 2838 418 2891 pro
444 2825 551 2892 quoin
574 2839 619 2874 ma
659 2821 799 2876 .La1nbb.
825 2823 913 2877 Goth.
933 2822 1017 2876 verb.
1037 2822 1094 2893 ulii¹
1114 2822 1220 2877 habore
1239 2823 1283 2875 di·

125 2899 233 2944 cuntur
251 2892 426 2962 negligente:
445 2894 526 2947 cuins
544 2910 597 2978 ego
615 2893 792 2969 gossematis
810 2893 841 2945 in
859 2894 964 2948 nostris
990 2894 1074 2946 libris
1100 2893 1216 2947 nullum
1234 2910 1283 2947 ve-

125 2962 245 3038 stigium
273 2967 397 3035 reperio.
435 2967 499 3018 Post
524 2965 593 3035 quad
617 2978 675 3019 non
693 2964 885 3040 distinguitur
908 2965 940 3017 in
957 2964 1030 3018 Edd.
1056 2972 1127 3017 vett.
1165 2965 1283 3033 comm

125 3041 223 3087 umen
240 3037 360 3106 ponitur
379 3037 410 3089 in
429 3034 492 3090 Car.
513 3034 613 3108 steph.
633 3035 697 3088 Ald.
717 3037 796 3088 Brut.
823 3034 903 3106 syth.
940 3035 1142 3109 luter-rogandi
1168 3036 1284 3110 signum

124 3106 236 3228 primus
254 3109 348 3177 posuit
368 3108 463 3160 lamb.
485 3124 608 3178 eumque
626 3107 718 3160 secuti
737 3115 804 3158 sunt
822 3105 907 3159 Leod.
927 3106 976 3158 Fr.
995 3105 1181 3159 rennuenti.
1202 3122 1281 3175 seqq.

142 3192 161 3225 n
180 3178 260 3229 Junt.
282 3185 340 3231 est:
359 3178 562 3245 magnitudini,
582 3177 671 3230 animi
688 3177 834 3245 grauitati,
853 3194 941 3247 prava
953 3176 1147 3230 distinctione.
1168 3179 1242 3230 Mon.
1257 3180 1281 3230 1.

126 3247 239 3298 omittit
257 3247 413 3316 μαι-ἰωῆς
432 3266 485 3319 pro
505 3266 538 3301 eo
558 3248 631 3301 Gnd.
654 3253 677 3303 1.
696 3248 781 3302 babet
799 3247 953 3315 grauitate.
972 3249 1053 3301 Junt.
1076 3263 1130 3329 pro
1149 3246 1284 3317 quomodo

125 3315 212 3368 habet
230 3334 292 3386 quo,
321 3335 420 3371 errore
446 3336 481 3371 ex
506 3319 674 3389 compendio
700 3328 772 3373 orto.
809 3318 854 3371 Ad
871 3336 900 3370 a.
921 3318 1100 3388 respondebas
1118 3326 1216 3370 monet
1234 3317 1282 3369 Or.

126 3404 185 3439 esse
203 3396 320 3460 tropum
339 3407 355 3441 a
372 3389 477 3455 milite,
518 3390 548 3441 ui
567 3390 737 3461 imperatori
765 3389 927 3460 respondet,
951 3397 1097 3441 sumtum:
1124 3389 1188 3441 lain.
1209 3391 1235 3454 t,
1253 3389 1283 3443 d·

125 3459 235 3512 Confer
257 3459 374 3514 Sch'dtz.
403 3462 472 3515 Lex.
497 3408 562 3514 tiic.
590 3480 611 3513 s.
631 3479 658 3514 a.
687 3479 714 3513 n.
734 3462 760 3516 ³.
788 3459 920 3520 Diores-im
949 3476 1031 3532 saepe
1049 3459 1220 3513 Ciceronem
1238 3474 1285 3510 re·

126 3531 283 3601 spondendi
300 3532 389 3585 aerbo
407 3531 453 3584 uti
470 3548 526 3604 pro
543 3531 725 3599 satisfaceres
744 3531 825 3583 cuim
843 3550 908 3583 usus
928 3531 1058 3602 exempla
1072 3529 1212 3607 colligere
1226 3544 1284 3582 non

127 3618 197 3671 opus
216 3612 267 3668 est,
287 3621 354 3656 cum
372 3619 402 3655 ea
421 3603 470 3656 vel
488 3603 595 3656 Lexica
612 3603 802 3674 suppeditent.
839 3603 900 3657 Mr.

198 3691 365 3756 Antistates
384 3698 410 3745 at
430 3692 524 3746 iaceas
544 3692 612 3759 etc]
648 3693 709 3758 „ln
726 3692 829 3746 Baliol.
849 3700 891 3744 est
915 3689 1060 3755 adintuens
1077 3697 1180 3751 turena.
1205 3690 1284 3764 Lege
1325 3740 1331 3753 ,

127 3761 285 3828 amictuane
304 3764 397 3817 iacens
416 3765 479 3817 vid.
499 3763 550 3816 lib.
570 3764 618 3817 lv.
638 3780 663 3817 e.
685 3762 751 3818 16.“
767 3762 840 3817 Dar.
859 3762 913 3817 Ea
933 3766 960 3818 2.
985 3761 1041 3829 [est
1066 3761 1123 3814 ibi:
1149 3758 1284 3827 amictus,
1388 3770 1393 3775 ·

127 3832 303 3899 debilitatus,
332 3834 449 3901 iacent]
487 3834 592 3888 Contra
618 3851 683 3887 eum
710 3833 870 3904 Wopkens.
899 3833 919 3885 1.
940 3842 1013 3904 c.'p.
1033 3836 1077 3889 59.
1104 3829 1159 3898 [bb
1179 3828 1284 3896 Hand]

126 3904 238 3970 „Haud
262 3904 349 3956 facila
378 3922 412 3957 ex
436 3906 589 3979 profligato
622 3903 728 3957 codicis
750 3903 876 3958 lectione
900 3902 1101 3974 rescripserim
1126 3899 1284 3969 afflictum

127 3975 235 4029 iaceaae
254 3975 364 4045 saepius
383 3975 461 4028 enim
479 3975 668 4046 participium
687 3974 791 4042 iacens,
819 3979 857 4041 τῷ
876 3974 1002 4042 afiiatua
1019 3982 1133 4028 tautum
1152 3988 1208 4025 non
1227 3973 1287 4028 taa-

126 4045 264 4118 dirapmr,
288 4046 425 4099 adiectivi
450 4047 547 4100 ricem
574 4053 706 4116 praestat.
733 4046 767 4099 de
791 4045 884 4099 Amic.
914 4051 955 4103 16.
983 4052 1014 4098 aet
1041 4043 1129 4099 amici
1149 4043 1287 4098 iacentem

126 4118 251 4171 animum
270 4117 387 4171 excitet.
407 4116 441 4169 de
460 4117 527 4169 llar.
547 4117 630 4186 Resp.
650 4119 695 4173 24.
719 4116 866 4171 Videtisne
886 4148 916 4159 -
937 4115 1074 4171 bominem
1092 4148 1125 4160 -
1145 4115 1205 4169 iam
1220 4115 1287 4185 pri·

127 4188 191 4241 dem
207 4190 344 4255 afflictum
361 4204 395 4241 ac
413 4187 564 4242 iacentem.
584 4196 647 4258 post
665 4188 733 4241 Red.
753 4187 869 4241 insen.
889 4191 915 4245 9.
942 4187 990 4256 ani
1013 4184 1087 4241 nubi
1110 4186 1221 4256 primm
1239 4187 1287 4251 a!-

127 4258 204 4321 rlieto
223 4267 249 4312 et
268 4260 375 4314 iacenti
395 4292 425 4302 -
444 4261 526 4328 fidem
546 4259 727 4330 dextramque
743 4258 884 4326 porrexit.
909 4260 1038 4313 Lactant.
1063 4260 1133 4312 inst.
1148 4260 1186 4310 Ὗ.
1206 4258 1232 4311 2.
1253 4259 1285 4311 l:

128 4328 183 4381 duo
201 4330 379 4397 exstiterunt,
408 4332 457 4402 qui
474 4331 582 4384 iacenti
603 4337 685 4399 atque
704 4329 828 4385 abiectae
845 4328 965 4384 ueritati
986 4329 1164 4384 insultarent.
1203 4326 1288 4379 Clan-

128 4399 205 4451 disn.
225 4400 259 4455 de
281 4402 374 4472 Rapta
398 4405 527 4474 Pmserp.
548 4402 571 4456 1.
591 4405 640 4459 96:
669 4417 704 4455 aa
730 4402 805 4469 ferte
830 4401 956 4456 iaceam
981 4401 1156 4472 ignarasque
1181 4396 1287 4466 putati

129 4467 371 4536 Quemadmodum
396 4472 490 4548 igitur
512 4472 544 4526 in
570 4472 635 4529 loeo
658 4472 818 4547 proposito,
844 4475 886 4529 sic
910 4486 1026 4546 quoqne
1058 4470 1138 4526 nibil
1159 4467 1288 4523 arbitror
