2828 5070
150 292 214 358 2⁵6
360 284 588 352 CICERONIS
609 284 857 353 wscunaN.
877 283 1108 352 DISPU'l’AT.

152 464 243 535 runt,
269 452 406 519 'tardius
432 453 686 545 ingrediuntur,
716 467 757 541 ut
784 455 822 533 ii,
854 455 912 538 qui
940 456 1035 516 terro
1062 449 1171 514 vincti
1191 449 1314 514 multos

153 558 259 601 ennoe
289 543 437 604 fuerunt.
480 539 554 605 Quo
606 561 686 604 uum
713 539 916 611 venerimus,
949 546 1022 598 tun
1048 533 1194 616 denique
1220 535 1315 597 vive·

142 642 238 686 mus.
294 621 378 684 Nam
409 623 491 685 baec
521 561 656 705 quidem
687 626 759 686 vite
787 640 881 683 mors
910 628 977 682 eat:
1008 638 1108 700 quum
1136 615 1314 680 lamentari

112 713 295 788 topossem,
329 707 357 766 si
379 705 511 771 liberet.
555 709 594 770 Δ.
618 707 706 768 Setis
732 713 772 766 tu
802 701 934 785 quidem
963 703 1000 762 iu
1022 699 1261 763 Consolatione
1278 717 1313 761 ee

117 785 273 837 1),.........

158 874 221 928 das.
243 901 276 913 -
313 875 347 927 ln
373 873 458 926 Vind.
481 878 505 928 1.
532 883 573 927 est
597 890 705 943 emper
731 871 866 941 corporis.
910 874 964 925 l’ro
989 873 1104 937 fument
1130 871 1256 925 ttWolf.
1284 872 1313 926 iu

151 944 320 1017 parenthesi
339 944 458 1014 scripsit
476 945 594 1010 premnt,
618 953 680 997 tum
699 951 779 997 mss
797 944 831 996 ad
848 950 924 1006 sunt,
952 952 981 996 et
999 942 1201 1011 ingredientur
1218 943 1254 996 sd
1269 943 1313 997 its-

151 1017 334 1086 grediuntur.
372 1018 427 1068 Pro
455 1016 540 1068 etiam
565 1034 638 1067 unus
662 1017 712 1069 Ox.
733 1018 806 1068 Mon.
829 1021 852 1070 l.
880 1015 969 1068 Rebd.
995 1015 1068 1067 mals
1092 1020 1128 1066 et.
1167 1015 1203 1067 lu
1221 1032 1311 1090 marg.

152 1089 237 1142 Verb.
259 1107 295 1142 ex
314 1087 372 1140 MS.
395 1096 542 1140 enotstum
561 1095 603 1139 est
622 1104 704 1157 qaam
722 1086 830 1149 abesse3
859 1086 909 1154 qui
929 1085 996 1138 Cod.
1017 1093 1059 1138 est
1077 1084 1133 1136 Pel.
1153 1087 1181 1140 2.
1201 1102 1239 1139 ex
1257 1103 1313 1157 quo

153 1158 245 1213 Gebb.
266 1157 424 1212 lectionem
443 1158 571 1211 enotavit
591 1159 677 1210 etium
694 1156 781 1210 soluts·
797 1157 866 1221 sint,
886 1155 1005 1209 addens:
1040 1155 1181 1220 „videtur
1201 1157 1313 1227 aliquid

152 1231 339 1283 nervositatis
358 1231 437 1283 alere
455 1230 513 1281 Pal.
534 1229 582 1284 ‘tf‘
601 1229 790 1282 Scribeudum
809 1237 871 1280 erat
894 1227 987 1280 neseio
1013 1226 1083 1297 prid
1127 1243 1160 1279 ro
1187 1227 1312 1299 «liquide

152 1318 203 1355 noe
222 1310 302 1355 certe
321 1302 399 1353 nibil
418 1301 601 1353 nervositutis
621 1301 652 1350 in
670 1299 724 1351 bec
743 1298 930 1369 corruptione
948 1244 1200 1369 deprehendimus.
1233 1299 1313 1352 Scri·

152 1373 233 1426 bitur
252 1373 341 1426 etiam
360 1374 418 1425 sint
437 1372 468 1422 iu
487 1387 544 1422 uuo
563 1371 625 1434 Ox„
645 1370 676 1421 in
694 1369 784 1423 ilebd.
804 1371 925 1435 {uerunt
958 1368 1034 1438 quod
1058 1375 1100 1421 est
1126 1368 1212 1422 scioli
1230 1369 1313 1423 istius

152 1443 289 1506 bominis,
332 1444 361 1494 ui
380 1451 474 1495 totum
492 1441 570 1492 bunc
584 1440 713 1494 codicem
728 1440 837 1523 ingenii
851 1441 894 1490 sui
914 1439 1019 1493 retibus
1030 1438 1111 1491 auxit
1128 1448 1158 1492 et
1171 1441 1309 1495 correxit.

151 1515 229 1567 'inm
248 1461 332 1564 vtml.
355 1518 378 1568 1.
398 1511 572 1580 gradiuntur
589 1529 643 1582 pro
662 1511 876 1580 ingrederentur:
901 1527 1000 1563 mrsus
1017 1527 1053 1563 ex
1070 1510 1171 1585 glossa.
1210 1512 1312 1581 Ingre-

153 1583 254 1640 ds'endi
275 1583 396 1636 verbum
420 1583 555 1636 Ciceroni
583 1583 733 1634 admodum
759 1581 903 1634 familiare
932 1591 975 1634 est
1001 1581 1121 1653 proprio
1148 1590 1179 1634 et
1207 1583 1311 1636 tralato

152 1673 244 1710 semu.
282 1657 348 1707 Post
375 1653 402 1707 οἵ
431 1652 484 1706 Ed.
504 1655 532 1705 P.
559 1653 672 1705 omittit
703 1652 760 1722 qui.
803 1652 931 1704 Facilius
956 1669 1051 1705 careas
1075 1651 1309 1707 demonstrativo.

152 1729 229 1781 Mon.
249 1732 272 1782 l.
292 1725 403 1779 animos
420 1740 474 1796 pro
493 1740 596 1778 aanor:
614 1722 748 1799 (legebat
772 1723 899 1793 scriptor
920 1723 1025 1776 codicis
1044 1720 1133 1785 alos).
1170 1724 1208 1776 ln
1230 1741 1310 1795 seqq.

151 1798 237 1852 Verb.
259 1797 290 1849 iu
309 1814 399 1872 marg.
422 1813 457 1850 ex
477 1795 533 1849 MS.
554 1795 725 1863 nescioquo
744 1793 852 1846 demam
869 1810 923 1863 pro
941 1793 1067 1861 denique.
1104 1794 1166 1846 Mr.

223 1869 297 1923 Nam
316 1866 384 1921 boec
402 1867 510 1940 peridem
528 1866 589 1919 otta
607 1881 684 1920 mors
702 1864 761 1930 eet]
797 1865 906 1935 Laudat
930 1863 1107 1940 Augustinus
1134 1865 1228 1947 Epist.
1248 1867 1310 1920 nn.

153 1941 188 1996 ed
206 1937 405 1994 Macedonium
423 1957 487 2013 pag.
499 1941 541 1992 86.
563 1941 587 1989 Α
605 1935 829 2007 quotuplurimis
847 1937 998 2005 profertur
1016 1934 1092 1987 illud
1101 1935 1309 2007 Euripideum:

394 2015 440 2070 Τίς
459 2003 545 2072 οἶδεν,
565 2008 590 2061 el
607 2010 638 2060 τὸ
658 2009 709 2073 ζῆν
726 2006 778 2075 μέν
801 2001 856 2059 lore
874 2009 1028 2070 κατθανεῖν,

395 2083 434 2131 Τὸ
460 2082 608 2132 κατθανεῖν
626 2077 658 2130 dl
675 2079 725 2144 ζῇν
741 2109 776 2120 -
829 2086 831 2091 “

153 2151 227 2210 vide
244 2156 326 2207 Meua
350 2151 410 2203 ium
428 2151 463 2202 ad
481 2150 591 2202 Laertii
609 2151 657 2213 IX,
669 2151 710 2202 ⁷³.
731 2157 760 2200 et
779 2146 917 2201 Gatalreri
936 2148 1053 2201 Advers.
1063 2151 1138 2201 Post.
1157 2164 1220 2219 cap.
1236 2151 1309 2204 xvl.

212 2227 300 2282 ..666
327 2170 383 2276 53¹
409 2229 510 2293 poetae
536 2220 654 2290 Phryxo
678 2237 714 2271 au
741 2236 777 2271 ex
804 2219 963 2289 Hippolyto
988 2229 1126 2282 sumetur,
1155 2220 1309 2274 incertum.

152 2244 211 2351 wa
228 2295 344 2351 Scholia
363 2293 393 2345 in
412 2291 613 2362 Aristophanis
630 2292 720 2343 Ranae
737 2307 791 2340 vss.
815 2294 892 2353 1114,
913 2294 989 2346 1525.
1027 2292 1136 2344 Juncus
1154 2292 1231 2361 apud
1248 2291 1312 2346 sto·

153 2368 255 2423 baeum
275 2368 367 2422 sonu.
387 2364 468 2418 CXX.
488 2381 523 2433 pa
547 2401 553 2414 .
573 2366 633 2418 611.
670 2360 697 2412 Ὁ
714 2363 834 2422 θάνατος
852 2355 955 2427 ἄδηλον
971 2361 1025 2429 μὲν
1041 2360 1066 2415 el
1084 2367 1170 2432 φύσιν
1188 2365 1249 2430 ἔχει
1265 2363 1311 2431 'dt

154 2437 274 2510 diodonis
293 2438 374 2505 ζωῆς,
392 2439 441 2490 τοῦ
460 2440 512 2502 ζῇν
531 2434 587 2487 ond
603 2450 686 2487 τονοον
705 2429 919 2498 ἀποτεθνηκέναι
935 2436 1095 2500 λεγομένου.
1132 2433 1196 2485 Huc
1215 2434 1311 2505 appri-

154 2529 201 2565 me
221 2511 331 2564 iaciunt
351 2507 437 2560 verba
454 2506 590 2571 Platonis,
622 2520 694 2573 quae
717 2503 766 2555 vel
785 2503 891 2555 ibidem
915 2503 1002 2579 legas,
1029 2504 1078 2556 vel
1097 2504 1128 2554 iu
1147 2504 1258 2580 Gorgia
1280 2523 1308 2576 p

153 2585 215 2638 492.
237 2583 270 2632 E.
292 2577 391 2649 Steph.
411 2593 476 2659 pag.
496 2579 557 2631 360.
578 2574 611 2626 Α.
632 2575 700 2627 edit.
720 2575 820 2657 bugd.¹
848 2574 884 2626 D.
1096 2633 1100 2639 1

225 2651 299 2705 Nam
317 2647 384 2701 baec
403 2647 516 2718 quedem
534 2646 596 2698 vita
614 2645 763 2712 moreest]
789 2644 849 2697 (lic.
870 2644 904 2696 de
922 2645 991 2715 Rep.
1010 2643 1060 2696 Vl.-
1081 2648 1122 2701 14.
1152 2645 1240 2717 (ibiq.
1260 2662 1310 2700 nos

155 2723 242 2775 etiam
268 2721 301 2772 ad
326 2719 413 2771 r‘erba
437 2735 452 2771 e
478 2733 623 2786 corporum
648 2715 751 2769 vinclis
775 2723 906 2784 tanquam
930 2732 946 2767 e
968 2717 1100 2780 currere)
1122 2725 1217 2769 uestra
1235 2735 1310 2776 wo.

154 2807 225 2861 quae
244 2791 360 2854 diriter,
378 2789 439 2841 ot‘ta
458 2804 535 2841 mors
554 2793 611 2841 est:
638 2788 687 2839 ubi
705 2786 763 2839 vid.
784 2795 872 2839 nostr.
898 2796 993 2839 annot.
1015 2794 1043 2837 et
1061 2785 1094 2838 A.
1116 2787 1183 2850 Maii
1208 2807 1238 2860 p.
1258 2793 1310 2845 479

153 2880 195 2932 sq.
216 2862 286 2915 Add.
307 2861 368 2914 Cic.
389 2876 442 2930 pro
461 2859 567 2913 Scauro
585 2876 613 2928 p.
636 2861 794 2913 148-166.
816 2857 858 2909 ed.
878 2857 986 2909 lleier.:
1014 2857 1147 2910 Socrates
1171 2858 1224 2912 illo
1248 2859 1310 2928 ipso

153 2935 211 2998 dte,
241 2948 293 3001 ouo
319 2937 382 2984 erat
406 2929 434 2982 ei
459 2929 643 2992 moriendum,
668 2928 809 2996 pennalta
836 2928 973 2996 disputat,
1004 2924 1158 2981 haeresse
1181 2938 1308 2996 morters,

155 3020 238 3076 quem
262 3017 314 3056 noe
339 3001 425 3054 eitum
448 3007 622 3070 putaremus,
657 3016 741 3069 quum
765 3015 881 3067 corpore
907 2999 1018 3050 animus
1045 3005 1175 3066 tanquam
1193 3017 1310 3055 carcere

154 3083 267 3145 saeptas
291 3079 444 3137 teneretur,
473 3074 558 3125 uitam
582 3074 676 3122 uestem
698 3086 757 3123 esse
781 3085 851 3134 eum,
883 3085 965 3136 quam
988 3069 1063 3121 idem
1080 3070 1191 3124 aninmo
1209 3072 1310 3126 vindis

154 3146 286 3232 emporis
304 3143 498 3226 liberatoris
517 3156 627 3225 eumer
646 3141 745 3223 locum,
773 3141 847 3195 ande
869 3147 941 3193 esset
957 3147 1048 3223 ortus,
1067 3141 1224 3196 retulisset:
1259 3143 1309 3195 ubi

152 3219 212 3343 tl:
228 3234 304 3341 il's'j
322 3211 1229 3356 ttt‘zz'ttlt‘mittentisitit2“littei
1238 3215 1310 3356 sl:

150 3358 248 3430 potire
267 3374 344 3411 mors
361 3360 412 3419 eet,
432 3355 502 3423 ibiq.
523 3355 565 3405 hu
587 3392 593 3405 .
612 3354 693 3405 Vivis
711 3363 806 3406 annot.
827 3356 927 3423 poto.
948 3353 990 3405 ed.
1007 3352 1128 3406 Froben.
1146 3359 1215 3410 157⁰
1233 3357 1255 3408 l.
1268 3373 1306 3407 m.

155 3458 188 3470 -·
208 3429 333 3498 Sequens
351 3442 433 3494 quam
450 3424 597 3477 cormnode
616 3432 713 3476 monet
731 3424 876 3479 FAWoli.
897 3425 928 3475 iu
946 3423 1058 3477 Scholis
1076 3424 1111 3476 ad
1129 3427 1227 3491 eitam,
1252 3440 1309 3480 uon

153 3501 188 3553 ad
206 3506 325 3551 mortem
352 3495 537 3549 referendum
564 3511 632 3558 esse,
661 3509 763 3564 easque
783 3494 981 3565 'aruphibolias
1000 3512 1057 3547 non
1079 3496 1173 3550 vitare
1193 3493 1309 3551 Cicero-

151 3587 229 3694 pdessm
249 3564 665 3688 ubivambbiguitasbseptlppetipp
683 3581 740 3617 non
758 3566 845 3688 fugile
863 3566 1088 3689 ejthmbetuenpla.
1111 3567 1150 3688 liu
1168 3568 1228 3651 flue
1245 3586 1307 3639 cup

152 3651 487 3771 zto‘esslrellr*‚⁸¹nl⁸u⁰s
505 3651 535 3757 εἰ·
553 3654 782 3782 manilii}
803 3656 839 3760 εἶ’
851 3653 1308 3764 in.⁰1.‘1.·‘1.³siss¹‡isi'=”isl

143 3783 184 3835 ‘in
202 3781 272 3856 lleg.
293 3797 309 3831 a
327 3795 413 3831 mauu
431 3777 594 3830 recentiore
612 3791 649 3827 νο·
666 3777 792 3829 deletum
811 3785 871 3842 est3
895 3778 947 3830 Ed.
968 3780 1003 3831 11.
1023 3780 1051 3831 si
1078 3795 1143 3833 non
1168 3781 1308 3835 libera·

143 3867 277 3905 remur.
316 3849 391 3916 Quae
418 3849 513 3901 omnia
536 3848 598 3900 lere
625 3855 692 3899 sunt
709 3858 871 3902 commenta
896 3850 945 3902 vel
964 3850 1160 3920 interpretum
1176 3853 1226 3906 vel
1244 3869 1308 3906 cor·

152 3933 308 3975 rectorum.
346 3922 407 3974 Μν.
1108 3948 1110 3956 ν

223 3992 305 4045 Satis
323 3998 350 4044 tu
369 3990 483 4061 quidem
501 3986 569 4054 etc]
606 3990 650 4042 lta
668 3997 697 4044 et
715 3991 817 4060 optimi
844 3990 914 4043 libri
935 4001 964 4045 et
983 3993 1119 4063 plurimi3
1147 3993 1259 4061 quidem
1277 4000 1307 4047 te

152 4062 258 4115 habeut
276 4063 362 4115 Codd.
391 4065 465 4114 lllou.
486 4063 511 4116 2.
534 4060 619 4114 Vind.
641 4066 664 4115 l.
684 4061 711 4116 2
735 4061 790 4115 duo
809 4061 939 4128 Gruteri,
968 4072 996 4116 et
1023 4063 1089 4118 inde
1109 4065 1193 4118 Grut.
1215 4065 1305 4117 Gron.

152 4132 236 4186 Verb.
257 4133 327 4185 Ern.
357 4132 541 4202 (quamquam
567 4132 619 4184 bic
643 4142 774 4186 nostrum
800 4134 932 4186 ordinem
949 4136 1090 4204 praefert)
1118 4135 1212 4190 Reisk.
1251 4136 1305 4187 Pro

151 4201 228 4257 nitet
245 4222 318 4255 unus
337 4205 387 4259 Ox.
407 4201 486 4255 mibi.
524 4206 579 4257 Pro
602 4200 653 4256 bas
671 4219 719 4257 res
744 4204 811 4257 Cod.
830 4204 919 4257 Rehd.
944 4221 990 4258 res
1013 4203 1079 4259 bes:
1108 4206 1242 4280 intellige
1260 4205 1306 4257 ri·

151 4282 210 4328 hm
228 4274 392 4328 humanam.
428 4275 512 4326 vind.
533 4277 558 4329 2.
592 4275 665 4329 Gud.
691 4283 819 4351 pergunt
845 4276 980 4344 linquere,
1012 4277 1143 4347 absorpta
1166 4276 1306 4330 nimirum

150 4346 261 4417 syllaba
278 4362 310 4399 re
328 4365 345 4399 a
362 4346 550 4416 praecedente
568 4361 626 4398 res.
662 4346 706 4398 De
723 4364 776 4399 usu
792 4345 875 4398 verbi
894 4347 1019 4417 linquere
1042 4350 1117 4418 apud
1135 4350 1307 4403 Ciceronem

150 4418 209 4471 rid.
237 4434 289 4472 uos
316 4419 351 4471 ad
377 4417 437 4472 Cic.
466 4416 500 4471 de
524 4417 597 4470 Fato
620 4433 645 4468 c.
672 4420 715 4483 16.
738 4420 783 4474 66.
811 4435 839 4488 p·
859 4420 920 4474 632.
946 4445 979 4458 -
1014 4421 1144 4496 tergunt
1168 4419 1215 4474 bis
1240 4435 1306 4474 uere
