2828 5070
205 302 268 371 338
411 301 641 370 CICERONIS
662 301 909 369 Tuscum.
930 300 1162 369 DlSPUTAT.

205 467 414 548 appellentur,
447 468 599 541 Minoem,
628 467 913 540 Rhadamanthum,
939 466 1091 545 Aeacum,
1122 464 1363 547 Triptolemum,

206 553 434 632 convenireque
461 570 525 623 eoa,
553 553 610 633 qui
638 555 722 613 iuste
742 560 776 612 et
803 571 868 612 cum
889 551 954 631 fide
979 554 1135 613 vixerint:
1170 548 1251 611 haec
1269 569 1364 630 pere·

204 635 353 713 grinatio
387 633 556 696 mediocris
591 634 683 696 nohis
717 633 820 696 rideri
853 632 984 711 potest!
1029 631 1074 694 llt
1106 651 1181 693 rere
1220 633 1363 715 colloqui

204 801 282 855 bion.
303 804 327 855 l.
347 816 421 855 vero.
458 802 586 855 Verbum
603 800 699 854 venire
718 800 830 852 omittit
846 817 921 851 unus
936 799 1004 863 Ox.;
1023 797 1097 850 elius
1115 796 1204 853 babet
1221 800 1361 854 devenire.

205 871 260 923 Pro
278 871 453 938 appellentur
464 871 557 924 Boub.
579 888 615 925 ex
633 871 746 924 suaEd.
767 877 823 922 ret.
846 870 975 922 correxit
992 867 1182 936 appellamur,
1199 879 1234 922 ut
1252 871 1363 926 babent

205 941 260 994 duo
279 942 352 994 011.
373 940 449 994 Gud.
469 945 495 997 2.
516 942 551 1004 (a.
571 960 618 1013 pr.
638 943 691 1005 m.)
711 949 740 993 et
759 940 813 992 Ed.
833 940 880 1005 H,
899 941 1050 1003 nimirum,
1069 945 1103 990 ut
1121 941 1276 995 conveniat
1294 958 1363 995 cou-

205 1014 327 1068 utmetio
354 1030 421 1065 eum
451 1012 587 1066 Graecis:
623 1013 654 1065 εὑ
671 1007 729 1077 viaet
758 1007 821 1071 τοὺς
844 1011 880 1071 ὥς
912 1010 1020 1076 ἀληθῶς
1046 1011 1184 1073 deaaaeeie,
1211 1016 1293 1083 οἵπερ
1317 1013 1363 1064 ud

204 1082 329 1148 liparam
347 1081 405 1135 ieet
421 1076 549 1146 δικάζειν.
582 1031 760 1136 Sediiicero
778 1088 941 1150 pertatem
960 1081 1126 1133 versionem
1145 1081 1267 1137 liberius
1287 1090 1303 1134 e
1326 1084 1361 1147 ‘t‚

205 1169 300 1222 neque
317 1153 472 1206 admodum
491 1154 605 1206 curavit
624 1151 807 1226 singulorum
825 1150 981 1204 verborum
1001 1152 1242 1205 constructiones.
1318 1169 1344 1206 r.

277 1241 414 1305 Minoem
433 1240 683 1306 Rhadamanthum,
702 1242 838 1302 Aeaeum,
860 1239 1071 1306 Triptolemum]
1098 1238 1166 1292 Cod.
1186 1239 1273 1292 Marb.
1294 1238 1363 1309 My-

47 1284 54 1297 ·
102 1345 108 1354 ·
205 1326 311 1377 nonna,
341 1309 572 1374 Rodomanthum,
602 1313 718 1374 liceum,
749 1310 856 1361 aiacem
886 1309 1093 1376 Triptolemum.
1125 1308 1178 1360 Ed.
1204 1310 1254 1366 Fr.
1274 1309 1360 1363 Tabr.

204 1382 358 1436 Minorem.
388 1382 473 1435 vind.
495 1385 519 1435 Ι.
552 1378 625 1434 Min.
657 1380 779 1433 Aeacum
805 1385 830 1430 et
854 1378 1102 1431 Rhadamanthum.
1149 1379 1204 1433 Pro
1236 1381 1363 1433 Aeacum

204 1451 311 1505 babent
329 1452 418 1505 etiam
437 1451 556 1503 Aiacem
575 1448 662 1504 Godd.
681 1452 750 1526 Reg.
770 1448 869 1504 Duisb.
890 1449 966 1502 Gud.
983 1453 1010 1503 l.
1026 1453 1052 1505 2.
1073 1448 1117 1501 Au
1140 1488 1145 1499 .
1166 1457 1197 1504 et
1215 1449 1273 1504 duo
1288 1450 1361 1504 om

204 1521 333 1592 proclivi
353 1536 462 1575 errore.
484 1552 517 1562 -
554 1520 779 1590 „Triptolemum
807 1520 838 1571 in
863 1518 1006 1572 iudicibus
1032 1518 1108 1590 apud
1155 1537 1223 1575 anes
1240 1537 1301 1574 non
1319 1523 1364 1574 ia·

86 1610 91 1621 ¹
206 1591 263 1646 oile
282 1590 351 1644 alibi
370 1591 512 1659 reperias,
531 1591 572 1642 ait
590 1592 757 1655 Beroaldus,
784 1606 869 1659 quam
888 1590 964 1658 apud
982 1588 1130 1642 Platonem
1150 1591 1181 1642 in
1198 1588 1361 1665 Apologia:

203 1661 281 1716 unde
308 1660 345 1715 ad
370 1658 492 1714 verbum
520 1659 624 1714 Cicero
644 1664 698 1714 ista
716 1660 925 1728 transscripsit.
969 1659 1102 1712 Fortasse
1129 1657 1185 1713 hoc
1212 1660 1363 1714 iudicandi

205 1749 311 1786 munus
339 1732 506 1806 assignatur
523 1729 717 1801 Triptolemo,
746 1731 822 1801 quia,
852 1737 884 1781 ut
908 1730 1066 1798 scriptores
1084 1730 1289 1799 prodiderunt,
1318 1736 1363 1786 est

204 1802 419 1857 benemeritus
444 1801 480 1855 de
498 1802 679 1868 mortalibus,
707 1802 759 1885 qui
783 1799 886 1853 bovem
909 1807 939 1851 et
966 1806 1096 1852 aratrum
1118 1800 1229 1853 dicitur
1245 1803 1363 1871 primus

203 1872 363 1935 invenisse,
391 1890 408 1924 a
427 1873 647 1942 quo.irumenti
666 1881 739 1924 satio
758 1872 790 1923 in
808 1871 903 1923 Attica
923 1879 1051 1938 reperta:
1080 1871 1110 1922 in
1128 1873 1212 1924 cuins
1230 1873 1363 1926 muneris

204 1940 347 1997 bonorem
366 1949 466 1996 noctes
485 1941 641 1995 initiorum
661 1949 794 1996 saeratae.
830 1940 954 2010 Mythici
973 1940 1151 2006 fabulantur,
1176 1941 1252 1995 alato
1272 1958 1363 1995 curru

204 2031 222 2067 a
240 2012 423 2083 serpentibus
464 2029 496 2064 er
513 2015 579 2065 aiira
592 2020 709 2065 vectum
724 2011 906 2065 distribuisse
920 2029 984 2064 eum
1003 2014 1166 2065 frumenta:
1186 2013 1254 2082 quia
1273 2010 1363 2097 longi

203 2084 274 2135 navi
292 2088 393 2135 vectus
418 2098 432 2131 a
475 2083 577 2135 urbem
595 2081 767 2134 Eleusinem
791 2081 848 2134 hoc
870 2082 1028 2146 factitavit,
1077 2100 1128 2134 uae
1151 2084 1213 2135 visa
1233 2089 1279 2134 est
1296 2083 1363 2135 ima·

204 2152 262 2207 tari
289 2156 452 2221 serpentem
478 2152 666 2221 pinnatum.“
701 2152 881 2218 „Nominare
904 2149 1036 2205 Socrates
1090 2150 1279 2220 riptolemum
1298 2160 1364 2205 tau-

205 2240 292 2293 quam
311 2221 374 2274 indi
396 2239 480 2275 enam
499 2221 587 2276 heroa
606 2220 682 2275 mibi
700 2222 848 2274 videtur.“
869 2220 1060 2275 camerarius.
1098 2221 1195 2274 Recte.
1222 2220 1300 2276 Haec
1318 2230 1364 2276 est

205 2294 294 2347 etiam
319 2239 426 2344 omitti
451 2294 606 2358 sententia,
633 2294 724 2345 fuisse
746 2290 962 2363 Triptolemum
991 2293 1021 2343 in
1040 2292 1105 2345 istis
1124 2290 1270 2344 iudicibus
1288 2306 1363 2345 non·

204 2360 488 2487 ngsipl„texAAt{ieae
500 2363 799 2488 9131ebissesent3ntfffl
821 2362 927 2484 {bique
954 2361 1116 2483 ¹⁸⁰d?².⁰¹'t·
1137 2359 1363 2484 Staglbaumium

205 2452 222 2489 ι
294 2452 332 2485 a.
395 2448 411 2484 o
475 2475 481 2488 .
537 2474 542 2483 .
656 2452 716 2486 rr.
765 2450 797 2485 ac
842 2450 909 2486 ere
953 2449 1030 2485 raeci
1054 2449 1162 2485 renem
1205 2449 1411 2485 reuzerum·

205 2506 238 2559 in
256 2502 356 2573 Symb.
374 2450 403 2558 E.
423 2452 514 2574 Mitti.
535 2500 568 2555 T.
589 2503 637 2555 lv,
664 2521 692 2572 p.
714 2506 764 2557 lol
783 2520 825 2572 sq.
862 2450 991 2573 Epirim.
1016 2450 1107 2554 obstr.
1134 2520 1163 2573 p.
1183 2505 1243 2558 747.
1283 2501 1364 2568 Quod

204 2572 291 2627 vind.
307 2578 331 2627 l.
352 2573 463 2624 omittit
485 2571 655 2641 Triptolemi
672 2589 788 2638 nomen,
807 2573 837 2625 id
847 2574 958 2625 factum
974 2580 1017 2626 est
1035 2573 1202 2648 arrogantia
1215 2581 1363 2627 correcto·

205 2643 248 2697 ris
266 2642 401 2705 alicuius,
431 2642 536 2711 quide
555 2643 660 2709 tribus,
679 2660 733 2695 nee
758 2658 828 2696 vero
848 2640 882 2697 de
902 2652 1037 2713 quatuor,
1065 2644 1194 2698 manium
1218 2642 1362 2698 iudicibus

208 2729 274 2767 auos
293 2719 495 2781 praeceptores
514 2714 694 2850 disputantes
713 2713 877 2768 audivisset.
915 2712 977 2767 Mr.

278 2781 432 2836 Convenire
450 2798 484 2834 ue
510 2801 556 2836 eoa
620 2782 654 2834 A.
683 2783 810 2835 Platonis
844 2782 1128 2840 Graecis,nonnihil
1158 2785 1219 2838 abit
1250 2793 1361 2840 noster.

205 2848 290 2905 Haud
308 2862 405 2905 tamem
433 2801 561 2924 legerim
579 2851 743 2922 heroamque
762 2868 818 2914 eor,
846 2853 922 2920 quod
941 2852 1143 2907 timidiuscnle
1159 2857 1314 2927 proposuit
1331 2857 1359 2910 J.

205 2913 240 2981 T·
260 2923 425 2977 Gronovius
444 2923 479 2975 ad
498 2922 623 2977 Senecae
642 2924 728 2975 Herc.
748 2923 867 2974 Furent.
887 2941 930 2979 vs.
950 2923 1010 2979 744.
1048 2922 1084 2976 D.

277 2992 475 3060 convenireque
500 2991 574 3057 eos,]
612 2992 762 3069 cogitabat
789 2991 878 3047 Gron.
904 2994 951 3056 (v.
975 3000 1073 3048 annot.
1093 2991 1181 3061 Dar.)
1209 2995 1244 3050 de
1263 2997 1361 3052 verbis

207 3064 350 3119 Platonis:
376 3064 421 3116 καὶ
439 3057 516 3116 ittet
534 3061 597 3117 ὅσοι
623 3071 687 3118 teir
706 3064 722 3130 ἦ
730 3063 864 3130 μιθέων
889 3063 989 3116 δίκαιοι
1007 3061 1132 3130 lytrnmo
1150 3062 1362 3131 lesatensem

204 3140 266 3204 βιῳ.
302 3135 337 3188 ln
356 3150 413 3187 uno
434 3135 484 3187 Ox.
504 3143 548 3188 est
567 3152 608 3198 eo,
628 3135 685 3203 qai,
706 3135 736 3186 in
755 3133 812 3186 alio
832 3151 872 3198 eo,
891 3149 961 3187 cum.
994 3132 1074 3199 Quod
1092 3152 1145 3203 pro
1164 3137 1235 3189 iuste
1253 3142 1280 3189 el
1299 3155 1361 3189 mam

206 3208 261 3275 tide
278 3205 438 3268 Bentleius,
458 3207 508 3276 qui
527 3207 559 3257 in
578 3220 636 3257 uno
649 3204 716 3257 Cod.
738 3206 895 3273 reperisset
913 3204 987 3256 iuste
1005 3220 1043 3256 ea
1060 3205 1124 3267 fide.
1144 3208 1270 3260 coniecit
1288 3205 1360 3261 iuste

207 3282 234 3331 et
258 3277 333 3346 pie,
360 3275 416 3338 hoc
443 3275 535 3346 neque
554 3274 765 3344 reprobandum
784 3282 838 3338 est,
866 3291 959 3344 neque
977 3274 1179 3345 adoptandum.
1217 3277 1283 3329 Nou
1301 3279 1359 3331 mi·

207 3365 279 3402 nore
298 3349 363 3399 iure
380 3342 467 3400 rerba
486 3352 512 3397 et
531 3361 592 3397 eum
610 3344 664 3408 fide
688 3345 814 3419 glossam
839 3343 947 3397 dixeris
973 3343 1099 3398 adverbii
1118 3346 1200 3410 iurte,
1228 3363 1282 3416 pro

207 3419 240 3472 in
265 3418 383 3471 Graecis
406 3416 524 3467 nonnisi
548 3414 649 3466 δίκαιοι
674 3414 796 3488 legitur,
824 3431 892 3466 cum
918 3415 993 3467 absit
1017 3420 1043 3466 et
1071 3414 1104 3467 ab
1132 3417 1249 3487 optimis
1269 3416 1309 3469 Co
1331 3416 1360 3470 d.

206 3486 277 3563 neg.
301 3487 377 3539 Gud.
399 3491 424 3541 l.
443 3484 468 3539 2.
496 3485 580 3604 Aug&
600 3485 675 3538 Mon.
695 3488 721 3538 l.
739 3487 766 3541 2.
795 3484 882 3540 blarb.
908 3482 1007 3536 Duisb.
1039 3483 1113 3539 Gud.
1147 3492 1255 3555 septem
1284 3487 1358 3544 011.

207 3557 280 3610 Edu.
300 3556 381 3607 tunt.
401 3554 432 3604 P.
450 3555 484 3607 Α.
504 3554 534 3606 Β.
580 3571 624 3607 en.
653 3563 743 3607 nostr.
763 3554 828 3608 Asc.
848 3554 873 3610 t.
893 3556 919 3610 t.
946 3563 975 3607 et
993 3554 1123 3608 omnibns
1142 3564 1210 3623 quas
1229 3555 1360 3609 contulit

206 3625 302 3679 Reisk.
324 3630 446 3693 excepta
464 3623 561 3693 Steph.
599 3624 729 3689 Accedit,
754 3625 830 3696 quod
848 3626 964 3677 inverso
983 3626 1084 3679 ordine
1107 3623 1217 3701 legitur
1232 3625 1266 3676 in
1284 3622 1360 3683 coa.

206 3692 291 3750 vind.
313 3697 337 3746 l.
359 3695 407 3764 qui
430 3710 493 3745 cum
510 3695 564 3760 fide
583 3700 609 3746 et
628 3695 711 3760 iuste,
732 3704 761 3748 et
780 3697 811 3748 iu
831 3708 888 3747 uno
907 3695 957 3748 Ox.
978 3697 1028 3765 qui
1045 3696 1123 3760 laete,
1148 3693 1198 3763 pai
1215 3709 1275 3746 curn
1294 3696 1360 3759 fide.

207 3765 264 3822 Sed
281 3775 379 3820 tamen
396 3782 513 3818 manum
529 3765 668 3830 abstineo,
689 3782 756 3819 cum
767 3765 831 3819 reri
842 3767 893 3817 vix
907 3765 1003 3819 simile
1018 3768 1067 3828 sit,
1084 3763 1253 3818 adverbium
1271 3766 1359 3833 iuste,

207 3839 234 3893 si
253 3836 346 3891 solum
365 3837 507 3909 scriptum
529 3837 596 3900 t'uit,
629 3837 724 3911 glossa
747 3835 795 3888 rel
821 3837 1062 3904 interpretatione
1081 3836 1207 3908 cuipiam
1226 3837 1360 3959 indixere

206 3909 309 4030 {iffi
332 3925 400 4030 οἳ.
446 3907 501 3959 Pro
528 3905 653 3959 vixerint
679 3914 723 3960 est
752 3905 882 3959 vixerunt
907 3904 1253 3961 northusunense.
1309 3922 1357 3982 ug.

310 4019 316 4032 .
389 3995 413 4029 r.

280 4046 346 4100 hoec
369 4046 561 4116 peregrinatio
585 4047 736 4102 mediocria
758 4044 834 4100 oohia
861 4043 954 4099 rideri
977 4046 1108 4114 poterit]
1151 4044 1276 4101 Graece:
1304 4040 1361 4114 elpes

208 4115 299 4187 φαύλη
318 4117 355 4171 ἂν
372 4122 413 4184 etp
432 4116 448 4184 h
467 4114 626 4183 &roduam
644 4118 722 4172 Haec
740 4117 804 4172 ideo
818 4118 949 4187 apposui,
967 4123 1000 4168 ut
1018 4123 1154 4186 appareat
1171 4115 1228 4171 boc
1246 4126 1361 4190 quoque

208 4187 274 4243 loco
292 4188 465 4243 Ciceronem
488 4187 595 4259 paullo'
616 4188 737 4244 liberius
755 4188 890 4250 vertisse,
917 4186 967 4240 sed
993 4196 1073 4240 recte
1092 4187 1235 4241 addidisse
1272 4202 1360 4242 rono-

206 4274 276 4316 men
303 4259 564 4315 demonstrativum
590 4256 658 4313 haec
683 4269 711 4313 et
756 4256 886 4314 enonale
917 4254 1004 4321 nohis,
1080 4256 1117 4311 ed
1140 4259 1220 4313 abest
1243 4206 1276 4310 ab
1299 4272 1359 4311 uno

208 4329 259 4389 Ox.
280 4331 351 4386 eth
393 4337 449 4383 .et
467 4330 563 4384 minus
580 4329 654 4385 bene
671 4330 703 4383 in
751 4330 779 4381 io
798 4326 936 4380 scribitur
952 4334 982 4380 et
1000 4328 1031 4379 in
1074 4327 1134 4381 rud.
1155 4330 1179 4384 l·
1198 4330 1273 4382 Mon.
1288 4331 1312 4383 1.
1331 4331 1358 4384 2

207 4403 297 4470 nohis,
314 4348 393 4472 quii
407 4397 594 4460 habentssdd
614 4416 684 4473 quas
697 4398 792 4454 Reisk.
814 4395 949 4465 contulit,
966 4412 1078 4463 omnes,
1096 4400 1224 4470 itemque
1242 4406 1359 4453 nostrae
