2828 5070
503 336 632 400 suen
663 309 689 415 1,'
715 338 765 402 es.
1147 332 1210 398 sss

77 502 192 566 uidem
213 501 292 585 quid
314 505 466 579 senserit,
489 509 629 584 apparet
650 504 685 563 in
707 521 746 564 eo
768 501 868 581 libro,
899 502 935 564 in
958 521 1023 584 quo
1045 501 1208 565 moriture

56 527 100 652 de
123 588 273 669 quoiam
297 594 364 646 tem
386 587 491 646 multa
513 586 682 649 diximus.»
712 585 821 649 Quum
844 584 932 648 enim
964 584 1005 648 de
1031 588 1204 648 immorte·
1214 593 1273 649 10³.

53 672 148 732 litate
169 672 358 730 animorum
381 667 629 750 disputavisset,
659 675 693 729 et
713 671 780 730 iam
802 666 967 729 moriendi
994 677 1123 751 tempus
1150 688 1209 730 ur·

76 760 158 826 eret,
187 761 324 836 rogatus
356 749 546 828 aCritonc,
575 749 736 832 quemad
764 748 902 812 modum
930 753 1064 833 sepeliri
1093 751 1208 824 vellet,

50 774 189 899 §bultem
212 854 298 911 uero,
320 835 438 914 inquit,
470 852 603 912 operum,
626 835 728 905 amici,
760 832 890 911 frustra
912 835 1105 915 consumpsi.-
1136 833 1208 899 Cri-

51 1021 185 1084 structio,
206 1020 305 1071 strix
323 1019 423 1082 sexies,
450 1026 523 1071 teste
548 1018 719 1084 FAWolfio,
744 1019 818 1090 apud
844 1019 1014 1072 Ciceronem
1037 1020 1133 1073 obvie:
1161 1018 1211 1071 sed

51 1092 149 1162 probs.
187 1090 295 1142 Laudat
315 1090 391 1142 idem
410 1090 469 1142 Cic.
489 1090 523 1142 dc
542 1091 627 1142 Finn.
648 1092 670 1143 1.
692 1092 717 1145 2.
743 1091 787 1151 de
806 1091 871 1143 bene
898 1091 1026 1158 beateque
1051 1090 1210 1144 uiuendo

52 1161 209 1230 disputare.
247 1160 318 1213 Add.
339 1161 373 1212 ad
392 1161 501 1212 Famm.
521 1163 598 1214 v111.
618 1165 648 1216 6:
676 1161 710 1214 de
734 1160 936 1215 intercalando.
972 1162 1031 1214 cic.
1057 1161 1091 1213 dc
1117 1162 1154 1213 N.
1173 1160 1207 1212 D.

53 1234 92 1287 ll.
104 1235 152 1287 25:
173 1233 206 1285 de
225 1231 375 1284 diuidendo
394 1247 428 1283 ac
444 1232 611 1298 partiendo:
631 1232 733 1284 adAtt.
746 1234 793 1286 IX.
807 1238 829 1286 1.
844 1242 917 1304 eptr.
939 1233 974 1286 de
986 1232 1164 1286 Transeundo
1179 1232 1211 1285 iu
1299 1254 1304 1265 ·

55 1303 182 1372 Epirum.
202 1303 264 1354 Vid.
286 1304 320 1355 de
329 1302 383 1354 hac
402 1304 615 1356 constructione
624 1303 724 1356 Jabnii
742 1303 836 1355 Anall.
852 1304 1012 1380 Philologg.
1027 1306 1103 1360 1829.
1123 1303 1161 1356 ll.
1181 1305 1208 1358 4.

54 1393 84 1446 p.
104 1376 164 1430 413.
201 1374 325 1426 Videtur
343 1373 468 1442 scriptor
486 1373 552 1426 cod.
571 1374 668 1426 Duisb.
688 1375 760 1427 item
779 1373 905 1428 offensus
924 1393 992 1439 esse,
1012 1392 1101 1444 quare
1128 1391 1212 1449 egre·

55 1447 104 1520 gie
122 1445 251 1498 correxit
270 1445 304 1497 de
321 1442 439 1497 nitito
457 1444 610 1497 sentiendo.
649 1445 785 1499 Ceterum
803 1446 920 1500 abiectis
949 1446 1010 1499 illis
1034 1445 1129 1499 verbis
1148 1460 1211 1498 sen·

55 1516 148 1569 tentia
167 1531 281 1586 quoque
300 1515 509 1568 obscuraretur.
548 1518 607 1571 Me.

127 1587 170 1640 De
189 1602 243 1656 qua
261 1586 394 1640 Socrates
422 1587 531 1655 quidem
554 1587 623 1657 quid
649 1585 781 1653 senserit]
816 1589 897 1642 Unus
915 1589 966 1642 Ox.
993 1605 1047 1659 quo
1073 1604 1126 1660 pro
1145 1602 1208 1658 qua.

56 1657 130 1712 Gud.
159 1657 244 1710 hebet
268 1657 379 1724 quidem
405 1656 546 1710 Socrates.
584 1659 635 1710 Ed.
656 1659 691 1710 Η.
716 1659 826 1711 omittit
845 1659 971 1729 quidem
1003 1669 1031 1714 et
1057 1678 1130 1711 unus
1157 1659 1209 1712 Ox.

56 1729 141 1800 quid:
161 1745 259 1782 errore
278 1728 344 1780 inde
364 1736 436 1794 orto,
458 1728 534 1799 quod
552 1738 710 1799 utrumque
728 1731 897 1783 vocabulum
913 1732 1090 1802 compendiis
1109 1730 1212 1782 iisdem

55 1804 119 1853 fere
138 1799 290 1862 scribitur3
325 1814 448 1864 quorum
472 1798 636 1852 differentia
660 1816 718 1853 non
744 1801 939 1854 animadversa
962 1803 1099 1854 librarius
1117 1800 1211 1855 detro-

55 1876 208 1993 ypartptaupH
209 1870 408 1945 corrigendam
435 1871 489 1922 sibi
517 1888 576 1924 esse
603 1871 791 1925 existimabat.
820 1873 855 1925 ln
873 1872 946 1927 Gud.
967 1875 992 1929 2
1023 1880 1064 1927 cst
1089 1872 1141 1942 qut'
1156 1886 1211 1943 pro

75 1942 132 1994 uta.
206 1958 229 1991 r.

56 1959 72 2010 q
129 2013 160 2064 s'u
178 2028 230 2079 quo
248 2012 379 2080 moritur]
400 2013 575 2067 Phaedonem
593 2015 773 2068 Platonicum
792 2014 934 2092 intelligit
951 2016 1087 2086 p.115.c.
1109 2013 1209 2085 Steph.

58 2104 85 2155 p.
106 2085 167 2138 260.
186 2083 248 2154 sip.
269 2084 387 2136 liothius
405 2085 434 2136 h.
455 2087 475 2137 1.
496 2086 659 2139 infeliciter
676 2086 786 2162 corrigi
804 2086 917 2139 volebat
941 2100 975 2139 cx
1002 2103 1033 2140 eo
1053 2085 1136 2151 libro,
1161 2103 1211 2139 ne-

58 2171 114 2225 que
133 2155 247 2207 felicius
265 2157 363 2208 verba:
384 2157 415 2210 r'u
433 2174 485 2225 quo
503 2157 634 2222 moritur,
661 2165 695 2209 ut
713 2157 746 2209 ab
764 2157 858 2211 aliens
876 2174 962 2210 manu
986 2157 1089 2222 addita,
1118 2156 1211 2209 deleri

57 2227 148 2279 iussit.
186 2227 285 2278 Varios
303 2227 389 2279 buius
408 2229 478 2280 libri
496 2229 661 2299 appellandi
679 2229 776 2281 modos
799 2229 865 2281 vide
891 2228 923 2280 in
946 2237 1041 2281 annot.
1063 2228 1093 2281 C.
1113 2226 1212 2281 Beieri

56 2299 92 2351 ad
111 2298 170 2350 Gic.
197 2313 251 2366 pro
278 2297 384 2351 Scauro
410 2319 438 2370 p.
461 2302 520 2355 148.
558 2299 649 2354 Verba
674 2298 708 2351 de
731 2316 785 2368 quo
812 2299 924 2352 omittit
946 2298 1013 2352 cod.
1033 2297 1130 2351 Duisb.
1159 2296 1212 2369 qui

56 2369 142 2422 habet
167 2374 224 2419 tam
247 2368 337 2421 multa
361 2370 420 2421 iam
443 2370 587 2435 diximum
623 2377 681 2422 tam
706 2370 782 2423 abest
806 2388 821 2423 a
845 2369 912 2423 Cod.
936 2369 1010 2425 Gud.
1040 2378 1070 2422 et
1094 2369 1147 2421 Ed.
1175 2369 1210 2421 11.

56 2441 149 2492 Verba
168 2445 226 2491 tam
251 2440 342 2493 multa
369 2442 468 2492 absunt
495 2460 510 2493 a
535 2441 603 2494 eod.
622 2441 711 2494 Rebd.
751 2441 829 2507 Quod
854 2441 896 2493 sit
914 2440 1031 2493 Billorb.
1052 2441 1085 2492 de
1104 2456 1157 2508 quo
1177 2467 1210 2478 -

57 2512 185 2565 dicimus
204 2528 261 2563 esse
281 2512 300 2562 i.
322 2528 349 2581 q.
371 2528 405 2563 ex
424 2529 476 2581 quo
496 2512 700 2581 excerpsimuee
720 2512 750 2564 id
768 2512 871 2564 falsum
889 2520 941 2564 est.
978 2514 1032 2564 Per
1056 2512 1078 2563 't
1096 2510 1170 2565 Gud.
1182 2514 1208 2567 2.

57 2598 140 2653 quum
159 2581 226 2633 ium
245 2583 287 2634 de.
325 2582 405 2635 Idem
424 2601 490 2635 cum
509 2583 582 2658 Aug.
602 2584 674 2636 Edd.
695 2581 723 2636 S.
743 2584 777 2636 Ε.
805 2582 985 2652 disputasset.
1058 2599 1083 2638 r.

129 2679 155 2725 et
173 2671 231 2723 t‘am
249 2671 388 2724 moriendi
407 2679 512 2740 tempus
531 2671 661 2743 urgeret]
689 2671 754 2724 eod.
774 2672 861 2725 blarb.
881 2671 975 2725 etiam.
995 2673 1048 2727 Ed.
1069 2672 1104 2723 11.
1125 2672 1211 2726 omit·

55 2743 94 2792 tit
112 2743 177 2795 r'am·
216 2743 346 2794 Davisius
370 2744 487 2814 scripsit
513 2750 663 2810 urgueretr
687 2742 721 2796 de
746 2761 801 2813 qua
826 2742 983 2813 scriptione
1010 2744 1068 2796 vid.
1090 2743 1209 2797 Nolten.

56 2815 126 2865 Lex.
147 2813 292 2867 Antibarb.
319 2833 346 2883 p.
369 2816 427 2870 193.
467 2814 586 2868 cellarii
612 2813 748 2889 Orthogr.
777 2815 839 2868 leet.
862 2833 890 2884 p.
910 2813 971 2870 387.
999 2814 1068 2885 ibiq.
1097 2814 1209 2868 Harles.

57 2885 140 2936 Hunc
158 2887 253 2937 locum
274 2888 316 2938 Jo.
337 2885 465 2938 Volensis
485 2885 515 2936 in
531 2885 787 2956 Cornpendiloquio
816 2884 926 2949 (Venet.
944 2887 1020 2941 1496.
1041 2886 1080 2951 8.)
1099 2905 1127 2956 p·
1148 2889 1208 2940 190.

56 2956 82 3007 b.
104 2957 144 3007 ita
161 2957 304 3025 scriptum
324 2955 454 3010 exhibet:
483 2963 509 3008 et
527 2962 632 3024 tempus
658 2955 799 3009 moriendi
821 2964 949 3023 urgeret:
979 2963 1098 3024 rogatus
1117 2973 1135 3009 a
1154 2957 1210 3009 tri·

56 3033 117 3078 tone
137 3028 365 3097 quemadmodum
383 3028 500 3097 sepeliri
524 3028 617 3092 vellet,
641 3028 765 3092 multam,
789 3027 892 3096 inquit,
917 3044 981 3081 vere
1007 3043 1119 3096 operam
1147 3043 1210 3079 con·

55 3100 171 3165 sumpsi.
212 3099 328 3153 Tritani
354 3100 430 3151 enim
457 3107 555 3152 nostro
574 3115 630 3151 nou
644 3163 648 3171 ,
655 3097 788 3168 persuasi
816 3114 838 3150 s.
860 3096 949 3151 adbuc
966 3115 1010 3150 me
1029 3099 1210 3151 adulatorum

54 3186 139 3235 neque
159 3169 307 3238 quicquum
325 3187 367 3221 me
386 3169 431 3222 bic
448 3171 619 3223 relicturum.
661 3171 857 3234 Veruntamen,
879 3169 970 3234 Trito,
989 3168 1076 3222 sime
1095 3167 1211 3236 assequi

50 3241 171 3308 poteris,
201 3247 248 3290 aut
275 3241 302 3290 si
329 3257 388 3292 curn
412 3248 508 3293 nactus
535 3242 602 3302 em's,
627 3246 657 3291 ut
675 3242 727 3294 tibi
744 3240 893 3303 uidebitur,
922 3241 1042 3309 repetito.
1082 3239 1139 3293 Sed
1156 3254 1209 3304 me,

54 3311 148 3371 credo,
169 3325 246 3360 uento
265 3316 395 3374 oestrum,
416 3329 476 3364 curu
493 3310 556 3362 binc
574 3327 728 3379 excessero,
752 3317 943 3382 certaequetur.
979 3311 1041 3367 Mr.

126 3382 249 3434 Multam
266 3397 340 3446 uero,
361 3382 465 3452 inquit,
486 3382 609 3450 operam]
646 3385 723 3437 Haec
741 3385 844 3436 Latine
863 3382 975 3436 reddita
998 3390 1065 3433 sunt
1090 3399 1125 3434 ex
1147 3382 1210 3434 Pla-

55 3454 131 3505 tonis
150 3452 299 3505 Phaedone
318 3471 383 3528 pag.
403 3456 464 3507 tot.
485 3453 527 3506 ed.
547 3454 638 3529 Lugd.
676 3455 717 3506 Ea
736 3455 769 3507 de
788 3454 966 3525 Apollodoro
985 3452 1090 3507 dixisse
1109 3452 1210 3507 Socra-

53 3533 114 3576 tem
133 3527 224 3577 refert
243 3522 378 3576 Aelianus
396 3526 429 3576 V.
450 3525 484 3575 H.
504 3524 554 3575 lib.
575 3525 597 3576 1.
618 3542 678 3596 cap.
700 3530 741 3581 16.
778 3525 815 3578 D.

128 3613 253 3667 Multam
271 3630 347 3676 oero,
365 3613 468 3683 inquit,
488 3614 612 3682 operam]
647 3616 718 3681 „et
739 3614 827 3668 etiem
844 3621 918 3665 auct.
934 3614 1026 3684 Epist.
1048 3613 1211 3668 Socraticae

56 3684 129 3735 XIV.
149 3705 177 3754 p.
197 3688 241 3741 22.
272 3703 337 3736 cum
355 3683 459 3737 Allatii
485 3687 586 3738 notula
605 3704 631 3755 p·
652 3688 713 3741 219.
740 3686 782 3739 ed.
803 3684 962 3737 Orellisn.“
979 3684 1093 3739 scinci.
1135 3686 1211 3740 Vero

55 3755 85 3805 h.
105 3754 125 3804 l.
146 3755 309 3807 affirmandi
328 3757 388 3807 vim
406 3756 502 3823 habet,
531 3766 630 3826 estque
650 3757 669 3808 i.
691 3776 718 3827 q.
740 3773 772 3809 re
791 3773 871 3820 vera,
898 3773 972 3809 sane.
1010 3757 1073 3807 Vid.
1103 3772 1152 3807 nos
1177 3755 1213 3808 sd

57 3826 117 3878 Cic.
138 3825 171 3877 de
189 3827 253 3879 Div.
275 3828 312 3891 lt,
332 3830 357 3882 8.
383 3847 410 3898 p.
431 3830 493 3882 322.
531 3829 611 3880 Unus
638 3829 687 3880 Ox.
714 3827 799 3880 hebet
827 3825 925 3878 multu.
962 3827 1015 3879 Ed.
1036 3827 1071 3877 11.
1100 3825 1212 3877 omittit

55 3912 132 3949 cero.
157 3897 243 3949 Marb.
264 3898 375 3951 omittit
394 3900 490 3965 inquit.
529 3897 626 3949 Duisb.
646 3897 731 3951 habet
755 3913 877 3966 operam,
904 3895 1004 3962 inarsit.
1039 3895 1127 3949 liehd.
1148 3912 1213 3963 ope·

55 3984 126 4032 reus,
151 3967 255 4037 iuquit,
283 3970 396 4033 frustra
423 3967 590 4035 consurupst',
625 3968 720 4022 amici.
750 3969 825 4022 Gud.
849 3964 938 4020 amici
964 3982 1078 4018 causo
1101 3967 1213 4032 frustra

56 4041 221 4108 consumpsi.
261 4040 345 4092 Vind.
370 4046 393 4094 1.
421 4042 542 4106 frustra,
568 4039 686 4092 amice.
725 4042 805 4094 Unus
832 4040 881 4092 01.
901 4037 1064 4105 contempei3
1091 4038 1165 4091 Gud.
1185 4041 1212 4095 2.

55 4111 167 4162 onnttit
186 4112 306 4176 trustra.
345 4113 425 4165 Unus
444 4112 494 4164 Ox.
513 4110 599 4162 habet
617 4127 679 4162 curn
696 4128 750 4181 pro
768 4110 849 4163 euim.
887 4109 921 4162 In
941 4109 1007 4161 Cod.
1028 4111 1101 4161 Nion.
1122 4111 1147 4163 2
1172 4110 1214 4161 ita

55 4181 196 4251 scriptum
216 4192 266 4247 est,
286 4192 317 4233 ut
336 4182 453 4248 nescias,
481 4190 581 4232 utrum
600 4182 735 4235 librarius
753 4179 881 4235 voluerit
907 4197 996 4233 nunc
1015 4196 1078 4247 non,
1105 4198 1140 4232 an
1158 4196 1215 4232 uon

56 4268 150 4304 nunc.
181 4253 246 4304 Cod.
267 4253 362 4304 Duisb.
388 4252 474 4305 habet
492 4253 610 4305 noudum
629 4253 677 4304 ubi
753 4252 825 4304 oscis
843 4261 1050 4304 correctorem:
1071 4270 1144 4302 unus
1163 4251 1213 4302 Ox.

67 4339 108 4374 ›ro
128 4340 179 4375 reon
198 4324 285 4377 hebet
305 4341 386 4395 tresue.
424 4325 499 4375 Tum
517 4324 584 4377 Cod.
605 4325 688 4376 vind.
728 4323 944 4376 .eoolaturum.·
968 4322 1024 4375 duo
1049 4322 1118 4375 Orat.
1140 4320 1213 4394 Aug.

82 4393 127 4444 dd.
153 4413 222 4464 quas
246 4397 341 4447 Roisk.
371 4395 507 4460 contulit,
537 4397 607 4448 Ven.
630 4399 652 4449 1.
673 4397 698 4450 l.
724 4395 795 4448 Med.
818 4400 841 4450 1.
862 4397 888 4450 2·
914 4393 978 4446 Ald.
1003 4401 1117 4445 nostres
1144 4393 1213 4443 Vcn.

58 4465 120 4516 Asc.
143 4470 166 4518 1.
205 4467 287 4518 lunt.
309 4466 525 4518 advotaturum.
551 4466 604 4518 Ed.
624 4467 659 4520 H.
681 4468 846 4523 volaturum.

84 4567 165 4611 Cicero
183 4568 248 4614 Tute.
265 4569 332 4625 Dtsp.
347 4570 383 4614 ed.
398 4569 483 4614 Moser.
501 4568 524 4610 T.
535 4568 556 4611 1.
951 4574 992 4636 23
