2828 5070
503 297 636 363 utum
655 292 701 377 11,
722 297 752 361 1.
1150 296 1215 365 tte

58 465 202 532 meliust
221 464 280 530 sed
301 484 368 527 non
388 464 514 547 prucis,
534 472 576 525 ut
589 464 662 527 ille.
704 460 850 526 Difficile
868 466 920 522 est
939 459 1029 524 enim
1049 461 1086 523 ln
1107 459 1215 544 pliilo·

57 553 175 633 sophin
203 568 308 633 peuce
337 567 409 610 erse
434 549 465 609 ei
490 555 581 624 note,
615 547 671 608 cui
698 565 766 608 non
793 547 862 607 sint
887 554 945 607 ent
971 545 1128 628 pleraque
1154 551 1216 607 ent

60 636 184 697 omnic.
225 633 313 694 Nem
341 649 402 691 neo
432 649 537 712 peuce
563 631 628 692 nisi
655 648 675 691 e
702 629 817 690 multis
843 626 924 712 eligi
948 637 1104 708 possuntt
1140 647 1215 707 nec,

60 719 116 800 qni
137 734 241 799 peuce
264 714 465 794 perceperit,
488 732 555 774 non
576 712 664 773 idem
685 713 815 795 reliqua
833 709 948 774 eodem
969 709 1081 772 studio
1101 713 1218 792 porre·'

60 808 194 882 quetur.
239 795 305 858 Sed
326 804 436 856 temen
458 797 492 856 in
514 797 583 856 rita
605 803 775 877 occupate,
804 801 914 876 atque,
940 801 980 854 ut
999 793 1212 876 Neoptolemi
1232 799 1252 852 2

59 891 132 944 tunt
155 890 239 956 erat,
262 880 410 955 militari,
433 897 536 960 peuce
557 880 631 959 ipsa
651 881 792 940 multum
813 896 910 957 seepe
931 883 1084 959 prosunt,
1112 884 1147 938 et
1166 879 1215 937 ie·

60 973 141 1026 runt
162 967 304 1038 fructus,
341 963 369 1022 si
391 982 458 1022 nun
480 968 589 1022 tantos
611 962 725 1045 quenti
751 980 789 1022 ex
817 962 975 1021 universe
1004 957 1214 1042 philosophia

61 1155 229 1208 educatione
252 1172 268 1205 a
293 1154 398 1206 nostris
421 1154 576 1208 literarum
600 1152 747 1228 magistris
772 1150 902 1227 intelligi
933 1149 1102 1221 laudarique
1131 1150 1215 1218 solet,

60 1225 115 1278 etsi
138 1225 173 1276 de
199 1242 231 1277 ea
253 1241 287 1276 re
312 1241 369 1277 non
394 1226 567 1300 cogitaverit
586 1224 696 1278 (icero.
733 1225 766 1276 ln
794 1224 860 1277 cod.
881 1221 954 1275 Gud.
976 1227 999 1278 l.
1029 1231 1070 1275 est
1088 1221 1140 1289 nil,
1165 1221 1215 1277 ced

61 1296 170 1367 syllaba
188 1292 219 1346 hi
236 1312 320 1365 supra
338 1296 454 1366 scripta.
491 1296 571 1350 Unus
589 1293 639 1348 Ox.
658 1302 723 1365 post
740 1293 791 1347 ille
808 1294 885 1347 addit
902 1293 954 1346 uit.
992 1295 1053 1348 Mr.

132 1384 258 1450 Difficile
276 1390 319 1438 eet
338 1382 423 1451 enim]
461 1384 607 1437 scribitur
624 1384 698 1437 enim
720 1390 762 1436 ert
779 1383 811 1435 in
833 1381 904 1436 Edd
925 1383 953 1435 P.
974 1382 1008 1434 A:
1026 1382 1057 1433 B.
1078 1380 1106 1436 S.
1125 1381 1161 1436 Ε.
1181 1380 1212 1437 0.

60 1454 125 1507 Asc.
148 1459 217 1511 1.2.
242 1457 312 1506 Ven.
340 1463 428 1507 nostr.
453 1456 534 1508 Jnnt.
562 1456 670 1511 sturm.
715 1455 865 1508 Meliorem
892 1452 1033 1518 ordinem,
1070 1451 1122 1524 qni
1146 1468 1215 1506 mox

62 1527 139 1579 redit
159 1523 183 1591 i.
203 1529 228 1581 3.
255 1524 410 1594 (popularis
429 1532 469 1579 eet
487 1525 572 1593 enim)
594 1526 701 1580 habent
727 1524 813 1580 codd
833 1532 952 1610 excepto
971 1541 1015 1590 eo,
1075 1540 1119 1576 em
1139 1521 1217 1577 ‹lixi-

60 1615 132 1648 mus.
152 1596 235 1650 Verb.
257 1615 291 1650 ex
309 1597 362 1649 Ed.
382 1596 461 1662 Dav,
481 1596 554 1660 (sine
572 1597 657 1651 dubio
675 1595 780 1667 prima,
809 1613 876 1648 nrm
903 1614 933 1648 ιιι
951 1613 1038 1648 secun
1057 1612 1072 1647 a
1097 1602 1215 1665 recepta

62 1677 104 1720 est
121 1666 288 1721 Bentleiana
305 1667 394 1721 lectio
413 1668 443 1720 in
460 1665 637 1738 philosophia
661 1668 718 1721 oel
731 1680 829 1736 pauca,
859 1684 944 1736 quam
962 1667 994 1719 in
1010 1665 1100 1718 tertia
1117 1682 1215 1720 rursue

63 1739 178 1805 reiecit)
207 1738 259 1791 ille
288 1739 381 1812 igitur
408 1755 442 1791 ex
460 1739 529 1790 Dav.
552 1745 574 1794 l.
603 1739 730 1799 enotavit
757 1735 875 1803 difficile
901 1744 944 1790 eet
963 1735 1037 1790 enim
1051 1734 1215 1803 pht'loeo·

57 1806 121 1878 phi
127 1827 166 1861 ca
182 1826 281 1878 pauca,
301 1811 381 1862 cuius
394 1827 447 1884 ego
465 1810 496 1860 in
506 1810 590 1862 Cedd.
611 1809 725 1862 nullum
741 1809 897 1883 vestigium
915 1808 1041 1878 reperio:
1062 1815 1104 1860 est
1121 1808 1217 1881 igitur

62 1880 172 1932 Davisii
199 1879 368 1945 emendatio,
401 1881 449 1949 qui
479 1880 509 1931 in
536 1879 612 1932 haud
634 1879 732 1951 prucis
755 1881 873 1933 fortasse
893 1879 978 1933 Codd.
1004 1877 1035 1930 in
1058 1876 1216 1934 desiderari

60 1950 188 2002 vidisset,
226 1951 265 2003 Et
283 1951 359 2004 abest
376 1949 408 2003 t'n
427 1969 442 2003 a
460 1951 545 2004 Codd.
564 1951 633 2027 Reg.
653 1950 745 2003 tribus
764 1951 833 2004 Oxx.
854 1949 927 2002 Gud.
949 1954 973 2005 l.
993 1951 1018 2005 2
1038 1948 1127 2001 Rebd.
1139 1947 1214 2003 Gud.

62 2021 159 2074 Duisb.
186 2021 348 2092 absorptum
376 2023 437 2074 sine
461 2021 546 2074 dubio
569 2040 585 2074 ι
610 2020 799 2093 praecedente
822 2020 909 2073 litera
931 2036 967 2073 ιιι
1012 2019 1124 2073 Habent
1147 2019 1227 2075 indo·

62 2092 273 2146 correctIonem
302 2090 497 2161 philosophiae
529 2093 614 2148 Godd.
641 2091 731 2147 liehd.
756 2091 855 2145 Duisb.
883 2109 956 2143 unus
981 2092 1031 2145 Ox.
1076 2091 1217 2147 umectus

62 2162 197 2233 probabat
216 2163 261 2216 cel
274 2177 374 2231 pauco,
402 2173 434 2215 ut
453 2164 648 2230 Davisianum,
677 2163 761 2284 quod,
786 2171 819 2214 ut
837 2163 908 2227 dixi,
934 2160 1066 2215 Rentleio
1084 2161 1214 2227 debetur,

63 2241 92 2286 et
110 2234 143 2286 ab
163 2234 215 2286 illo
235 2234 266 2287 in
284 2235 336 2287 Ed.
357 2237 383 2290 2.
404 2235 544 2289 reiectum
563 2243 614 2289 est.
652 2233 688 2288 So
701 2252 733 2286 ιιι
758 2233 825 2287 cod.
844 2233 929 2284 vind.
949 2234 973 2288 2.
993 2232 1078 2286 habet
1095 2232 1124 2286 ei
1142 2248 1212 2286 erte.

61 2307 252 2388 lleremonet
271 2305 449 2359 rnwolnus
468 2307 499 2390 in
517 2305 632 2388 scholis,
664 2313 743 2358 recte
770 2303 900 2386 intelligi
918 2312 983 2374 post
1000 2319 1055 2356 noh
1072 2303 1130 2355 eiut
1148 2321 1214 2374 pnr-

61 2384 200 2501 titt
216 2372 1214 2515 tte,,tzitttttttttit·,tltitpittlnl‘ltot'tttt

62 2516 134 2581 eint;
159 2518 232 2570 alius
250 2519 359 2571 omittit
377 2519 458 2589 prins
476 2524 535 2571 aut.
573 2519 634 2574 Mr.

132 2587 203 2640 Num
224 2605 272 2642 nec
293 2605 383 2658 pauco
408 2589 479 2656 ete]
516 2589 595 2642 Unus
613 2588 665 2644 Ox.
684 2584 752 2642 haec
767 2603 821 2657 pro
838 2603 896 2642 nec.
931 2587 1018 2641 blerb.
1042 2595 1215 2661 postpauca

62 2656 147 2711 habet
165 2678 292 2712 rasuram
310 2661 403 2712 trium
419 2661 583 2713 verborum.
620 2660 675 2712 Pro
693 2658 850 2727 perceperit
867 2659 936 2712 alios
954 2657 1058 2714 bebere
1077 2658 1214 2714 eitVerb.

63 2729 669 2857 {trsstttrttt‘t}tlttttltfitt
684 2729 1215 2858 ibi'iiibdffiiidiff‘iriuii’

63 2871 94 2922 B.
115 2871 143 2924 S.
163 2874 233 2926 Ven.
254 2821 350 2933 nostr?
362 2873 425 2927 Asc.
448 2820 621 2942 hgercipit
640 2816 764 2926 inathlon.
785 2874 811 2927 2.
831 2889 888 2927 uuo
907 2872 958 2926 Ox.
979 2841 1145 2927 Gutfudd.
1164 2834 1216 2927 er:

63 2942 146 2994 Febr.
175 2943 237 2996 Gar.
267 2944 366 3014 steph.
397 2943 462 2998 Ald.
487 2889 569 2998 goul.
594 2943 709 2996 Latnbb.
736 2942 817 2996 Brut.
843 2952 872 2997 et
895 2960 985 3018 marg.
1014 2943 1072 2998 MS
1101 2943 1132 2995 in
1150 2941 1215 2997 Asc.

62 3023 159 3066 nostre
177 3016 203 3068 2.
240 3015 357 3085 Reliqui
375 3014 445 3071 libri
463 3030 562 3069 omnes
579 3015 727 3068 nobiscum
744 3014 865 3067 iaciunt.
891 3013 1018 3085 Sequens
1036 3031 1088 3068 uon
1107 3014 1217 3068 omittit

64 3082 131 3136 Cod.
160 3084 257 3137 Duisb.
295 3085 441 3139 scribitur
470 3091 666 3154 procrearetur
693 3084 725 3135 in
754 3083 839 3138 codd.
858 3084 943 3139 Vind.
964 3088 988 3141 1.
1017 3092 1046 3140 et
1068 3101 1126 3139 uno
1154 3083 1218 3152 Ox,

61 3159 270 3222 persequatur
294 3156 325 3207 in
345 3156 410 3209 Cod.
430 3156 518 3210 Mart.
554 3157 616 3211 Me.

136 3240 193 3294 Sed
216 3247 308 3296 tamen
333 3243 365 3295 ιἰι
390 3242 451 3296 vito
478 3243 631 3310 occupata]
667 3242 751 3296 Hunc
774 3242 880 3299 habent
905 3245 1058 3298 verborum
1087 3244 1219 3301 ordinem

64 3310 169 3381 optimi
188 3311 267 3377 libri,
286 3312 371 3366 eote.
390 3314 452 3436 Rq
481 3314 555 3367 Gud.
564 3316 627 3458 il?
637 3311 829 3439 ¹guffisslutbd.
850 3315 1217 3374 caecutientem

63 3384 148 3435 Bern.
176 3382 247 3435 Edd.
269 3385 304 3435 ll.
330 3384 405 3436 Vict.
450 3385 492 3439 ob..
513 3383 562 3439 Ste
740 3387 760 3436 ἰ.
786 3386 829 3451 (iu
847 3387 950 3462 marg.)
975 3388 1059 3442 Leod.
1079 3387 1148 3442 Dar.
1168 3386 1216 3441 Or.

63 3453 136 3508 Tbn.
158 3463 186 3508 et
205 3470 303 3508 omnes
319 3454 444 3507 Bentleii
462 3454 541 3509 libri.
578 3454 696 3525 Reliqui
721 3456 752 3510 in
773 3456 950 3517 vitulamen.
989 3458 1024 3512 ln
1041 3458 1108 3513 Cod.
1128 3458 1216 3513 Merb.

63 3525 165 3578 desunt
191 3526 277 3578 verba
302 3524 359 3580 Sed
377 3558 409 3571 -
429 3525 492 3593 ipra
511 3525 591 3583 mult.
610 3543 660 3592 -ς
687 3526 831 3581 aberravit
857 3528 935 3583 ennn
952 3529 1052 3583 oculus
1069 3528 1185 3585 librarii
1202 3547 1220 3585 ι

65 3611 98 3648 co
150 3596 232 3650 endio
251 3598 329 3650 vocis
348 3603 442 3653 tantm
458 3597 542 3664 (imni
557 3598 591 3651 ed
606 3597 797 3669 posteriorem
815 3599 953 3684 syllabam
971 3600 1050 3655 vocis
1072 3595 1217 3656 mltum.
1289 3663 1291 3667 ¹

64 3667 99 3718 ln
141 3668 184 3718 od.
205 3668 279 3722 Gud.
302 3672 326 3723 l.
352 3685 407 3727 vox
425 3675 456 3723 ut
473 3679 540 3725 ante
557 3666 730 3743 Neoptolemi
752 3670 866 3727 nonnni
884 3688 969 3743 cupre
986 3672 1094 3727 lineam
1111 3673 1221 3745 scripte

65 3744 117 3788 est.
137 3736 222 3791 codd·
248 3737 336 3793 Rehd.
361 3748 391 3795 et
418 3740 492 3793 Gud.
519 3739 626 3794 habent
644 3738 846 3811 Neoptolemo.
870 3742 921 3796 Ed.
943 3742 978 3796 lh
999 3750 1062 3798 Ιιιιιι
1079 3759 1132 3814 pro
1151 3750 1218 3795 tum.

64 3807 139 3858 Eam
164 3825 265 3861 vocem
291 3812 377 3880 plane
406 3811 546 3865 omittunt
573 3808 658 3866 codd.
686 3810 789 3874 nuinb-
812 3821 841 3866 et
865 3812 938 3871 Gud.
975 3815 1011 3867 ln
1035 3813 1109 3866 Gud.
1129 3815 1155 3869 2.
1176 3819 1219 3868 eti

64 3892 136 3929 cum.
175 3879 209 3930 ln
232 3896 311 3948 seqq.
333 3881 399 3934 Ood.
419 3881 463 3933 Au
487 3921 493 3934 .
517 3881 603 3935 habet
644 3881 748 3937 losscm
765 3880 796 3935 ιἰι
814 3882 872 3937 uita
890 3891 956 3938 ente
974 3881 1106 3937 militari.
1143 3881 1221 3942 Tum

65 3950 141 4000 Mon.
163 3953 186 4003 l.
212 3964 304 4015 pauca
328 3951 398 4005 iam
414 3959 535 4007 mutum.
566 3953 613 4006 Gu
634 3991 641 4003 .
660 3952 723 4022 ipra
741 3968 823 4022 caepe
840 3953 964 4007 multum.
1001 3953 1058 4010 MS.
1078 3954 1173 4007 inme
1210 3992 1219 4008 .

64 4019 150 4071 Verb.
178 4024 216 4144 51
232 4021 403 4091 conferunt,
431 4042 503 4078 unus
531 4024 580 4077 Ox.
610 4029 638 4077 et
660 4023 788 4090 terent.
816 4023 900 4079 Vind
922 4028 946 4080 l.
974 4031 1001 4080 et
1026 4025 1158 4081 multoe
1190 4041 1220 4081 e·
1282 4081 1286 4087 ,

65 4096 139 4143 runt.
214 4107 238 4142 r.
667 4123 669 4127 ι

136 4160 159 4215 S
166 4160 179 4213 ι’
205 4178 257 4216 ιιοιι
285 4163 395 4232 tentor]
433 4166 524 4221 Prata
547 4165 669 4239 scriptio
696 4165 756 4240 ced,
783 4183 854 4241 qum
889 4165 957 4221 inde
983 4175 1047 4225 orta
1065 4175 1117 4235 est,
1144 4167 1221 4251 quod

64 4232 179 4283 librarii
197 4234 377 4305 respicerent
395 4235 429 4289 ad
446 4232 542 4303 feruht
559 4239 679 4303 fructur,
704 4238 827 4322 indeque
851 4239 1052 4315 corrigendum
1076 4238 1221 4292 existime-

66 4310 133 4352 rent
150 4318 249 4356 vocem
267 4305 304 4370 ei,
324 4323 390 4360 cum
406 4310 518 4379 requiri
535 4310 686 4362 videretur
694 4308 845 4381 oppositio,
864 4327 918 4363 nec
934 4326 1004 4365 vero
1022 4309 1221 4383 prospicerent

67 4371 103 4423 ed
120 4376 269 4440 sequentia
286 4385 377 4432 tomen
395 4394 461 4434 eote
491 4380 563 4434 haec
582 4381 700 4451 inquam
724 4381 781 4434 scri
804 4381 845 4434 tio
870 4382 976 4438 multos
994 4388 1116 4452 occupat
1132 4379 1221 4434 libror

69 4449 99 4494 et
117 4443 239 4514 scriptor
257 4455 288 4500 et
305 4449 407 4518 editoe,
424 4450 518 4505 veluti
536 4450 622 4507 Oodd.
641 4452 712 4528 liep-
731 4399 805 4509 oud
827 4455 853 4511 1.
869 4454 898 4514 2.
916 4454 991 4531 Aug.
1010 4469 1061 4509 tex
1071 4453 1141 4507 0¹8
1160 4456 1219 4505 vet·
