2828 5070
494 306 624 374 LIBER
643 308 671 390 1,
708 309 761 377 99
1158 258 1235 386 266x

68 473 238 540 concluso:
261 472 407 536 labamus
422 487 652 558 mutamusque
663 475 872 556 sententiam,
895 477 1094 544 clarioribus
1115 482 1219 546 etiarn

64 555 239 619 iurabas:
273 559 308 618 in
336 558 387 619 his
416 568 467 620 est
489 560 580 621 enim
609 559 719 640 alique
749 559 946 622 obscuritas.
989 562 1029 627 lu
1061 557 1168 651 igitur
1184 567 1219 628 ‘si

64 638 237 714 acciderit,
259 641 361 702 simus
381 643 514 702 armati.
558 640 596 701 A.
618 638 705 702 Sane
723 637 874 726 quidem:
905 641 975 722 sed,
1005 665 1048 707 ne
1077 646 1218 721 accidat,

62 721 260 802 providebo.
306 722 354 782 Μ.
379 722 470 784 Num
498 721 577 804 quid
607 725 714 808 igitur
744 732 796 787 est
824 743 952 802 censae,
985 729 1064 807 quin
1093 733 1218 793 amieos

62 813 198 865 nostros
220 803 351 865 Stoicos
381 802 607 865 dimittamus?
651 825 706 867 eos
738 805 825 884 dico,
862 810 918 889 qni
954 810 1051 870 siunt
1081 831 1218 875 manere

62 887 204 964 animos,
226 907 327 967 quum
356 905 538 968 ecorpore
566 889 780 967 excesserint,
807 887 865 951 sed
897 910 964 952 non
993 911 1135 973 semper.
1178 896 1218 958 A.

60 1070 127 1123 len.
146 1069 168 1121 l.
188 1085 213 1120 c.
233 1086 261 1138 p.
281 1071 341 1124 993.
362 1078 391 1122 et
406 1068 478 1123 nibil
495 1070 582 1123 nimis
599 1070 661 1145 legi
680 1071 755 1140 apud
772 1071 889 1124 Terent.
914 1073 1016 1125 Heaut.
1041 1076 1069 1140 9,
1087 1077 1113 1140 2,
1133 1077 1159 1131 8.
1187 1085 1217 1131 et

59 1157 129 1194 nou
148 1139 204 1192 ita
222 1139 306 1192 m'mis
324 1140 470 1217 legentem
489 1141 566 1194 idem
589 1142 765 1263 interroqari
789 1160 879 1212 posse,
909 1143 986 1212 quod
1011 1144 1046 1196 de
1065 1164 1118 1198 usu
1136 1147 1218 1200 locu·

61 1211 152 1263 tionis
169 1209 243 1262 nisit
260 1210 345 1264 nimis
364 1213 539 1281 quaesiverit
557 1213 589 1266 11.
627 1211 681 1265 Sed
714 1230 762 1265 ere
781 1213 940 1266 ridiculum
958 1223 1010 1281 est,
1037 1215 1071 1268 de
1090 1217 1143 1269 tali
1162 1236 1216 1270 usu

62 1299 211 1352 quaerere.
249 1280 329 1334 Nihil
347 1292 397 1347 est,
417 1292 448 1334 ut
467 1284 584 1347 centies,
604 1282 623 1333 i.
644 1301 671 1352 q.
692 1283 722 1334 in
740 1283 816 1335 nulla
834 1299 874 1336 re.
913 1285 968 1339 Sed
993 1285 1078 1339 nimis
1095 1295 1217 1341 tuentur

61 1353 100 1404 ali
144 1361 174 1406 ot
194 1353 263 1405 Oxx.
284 1352 341 1405 MS.
363 1354 393 1403 in
413 1371 502 1425 marg.
524 1352 587 1405 Asc.
608 1361 695 1405 nostr.
715 1356 741 1409 2
761 1354 850 1407 uehd.
870 1355 942 1408 Edd.
962 1357 996 1408 E.
1017 1359 1054 1408 Μ.
1075 1359 1107 1410 1..
1125 1358 1214 1412 Goth.

60 1421 97 1474 Al
119 1461 125 1474 .
147 1422 209 1476 car.
231 1423 330 1493 steph.
350 1423 472 1477 llWolf.
494 1422 574 1493 Sylb.
594 1423 671 1476 Cam.
691 1424 771 1476 Brut.
792 1425 872 1478 Boul.
892 1425 1001 1480 Sturm.
1027 1429 1113 1482 Leod.
1138 1429 1213 1483 hall.

60 1493 129 1547 Dar.
150 1493 294 1549 rswolf.
324 1495 404 1547 Koel.
431 1493 517 1547 Scha.
545 1494 635 1546 Nobb.
665 1494 712 1546 Or.
742 1495 815 1547 Oliv.
850 1497 883 1548 ln
911 1497 977 1550 Cod.
998 1499 1084 1551 Msrb.
1113 1501 1216 1554 omissa

61 1573 137 1648 sunt·
153 1564 241 1688 serpis
268 1571 298 1616 ut
324 1565 438 1618 uidetur
456 1592 490 1604 -
508 1564 563 1620 etsi
581 1562 664 1619 nibil.
700 1565 735 1620 In
760 1565 813 1621 Ed.
833 1567 869 1620 11.
899 1567 1037 1625 scribitur
1059 1578 1167 1640 oportet
1194 1587 1214 1626 a

61 1650 158 1688 nsmss.
233 1653 257 1686 r.

131 1706 277 1759 Mouemur
296 1706 368 1759 euim
385 1707 480 1775 saepe]
508 1709 574 1763 God.
595 1709 669 1764 Gud.
688 1713 714 1766 2.
733 1725 871 1762 movemus
888 1726 996 1780 saepe
1013 1711 1113 1769 euim.
1132 1713 1214 1767 Unus

60 1777 110 1831 Ox.
131 1793 270 1829 movemur
288 1784 401 1830 autem
419 1794 509 1847 saepe.
529 1783 604 1833 blan.
627 1785 650 1836 l.
671 1786 776 1834 acuta
795 1782 930 1837 concluso.
950 1782 1033 1834 Male.
1062 1784 1106 1836 Ad
1123 1801 1150 1834 v.
1171 1784 1215 1836 la·

60 1848 159 1900 bamus
177 1856 365 1917 vertamusque
383 1851 547 1902 senteutiam
566 1861 620 1904 etc.
646 1854 674 1904 P.
696 1852 837 1903 Manutius
861 1887 880 1916 ,‚
888 1852 1028 1915 Fortasse,
1053 1854 1103 1919 ait,
1123 1851 1215 1904 Laba·

57 1935 120 1971 mus
138 1926 329 1988 mutamusque
348 1922 524 1972 senteutiam:
553 1921 728 1974 clarioribus
747 1922 832 1973 etiam
851 1920 882 1973 e‘n
907 1922 988 1974 rebus
1005 1921 1097 1974 inest
1116 1923 1215 1991 aliqua

58 1988 250 2042 obscuritas.“
287 1988 432 2042 scribitur
449 1992 566 2044 libanius
584 1993 615 2044 in
634 1992 700 2045 Cod.
721 1991 810 2066 Aug„
830 1992 1006 2061 labamusque
1030 1994 1061 2044 in
1085 2009 1142 2045 uno
1162 1993 1212 2047 Ox.

57 2061 133 2112 Mon.
156 2064 179 2114 1.
205 2069 234 2112 et
257 2060 309 2112 Ed.
335 2061 363 2111 P.
401 2063 507 2114 Vocem
534 2062 621 2114 etiam
644 2063 783 2115 ornittuut
808 2063 879 2115 Edd.
905 2064 936 2118 C.
955 2065 989 2116 V.
1014 2063 1082 2118 Rob.
1111 2063 1212 2137 steph.

56 2131 217 2183 Manutium
235 2131 327 2182 secuti
346 2139 412 2184 sunt
431 2132 480 2185 Fr.
500 2132 583 2185 Fabr.
605 2142 634 2186 et
653 2134 776 2189 Hwolf.
813 2133 873 2186 Mr.
1266 2155 1268 2162 ’

127 2220 158 2272 ia
176 2218 221 2272 bis
239 2226 281 2272 est
301 2219 374 2272 enim
392 2220 490 2290 aliqua
509 2221 678 2288 obscuritas]
716 2224 790 2275 Mon.
813 2226 836 2276 1.
859 2221 889 2276 s‘u
906 2221 980 2275 iias
1008 2223 1092 2277 male.
1130 2224 1213 2278 Unus

55 2289 106 2345 Ox.
127 2291 159 2343 s'ea
177 2288 221 2343 leis
241 2290 316 2342 euim
333 2290 414 2343 inest.
435 2291 479 2343 Au
502 2330 507 2343 .
528 2293 616 2345 Rehd.
637 2292 774 2346 Gudiid.
793 2293 827 2343 H.
848 2293 879 2344 iu
897 2291 942 2344 lu's
960 2293 1033 2346 euim
1050 2299 1100 2346 sat.
1120 2293 1210 2347 Βοιὼ.

54 2360 181 2414 coniecit
200 2360 232 2413 s'n
251 2359 296 2413 bis
314 2362 442 2414 estcus’m
460 2311 659 2431 aiiquaudo
679 2362 847 2416 obscuritas.
868 2363 1040 2415 infeliciter.
1060 2365 1113 2414 Est
1133 2365 1213 2416 enim

53 2430 287 2502 breviloquentia
306 2449 374 2501 pro:
408 2450 494 2502 quare
520 2432 596 2486 nibil
613 2433 726 2499 mirum,
751 2433 780 2485 ss'
804 2433 834 2485 iu
852 2430 897 2485 bis
915 2433 1052 2485 labamus:
1078 2438 1120 2485 est
1138 2433 1212 2487 euim

53 2503 87 2556 ἐκ
105 2503 144 2556 s'r's
163 2502 261 2573 eliqua
279 2503 446 2556 obscuritas.
486 2503 576 2574 Saepe
595 2505 636 2556 ita
653 2513 767 2574 ponunt
785 2504 859 2557 euim
879 2504 986 2568 Latini,
1013 2505 1068 2574 γάρ
1093 2503 1209 2557 Graeci.

57 2574 124 2626 Vid.
144 2591 194 2627 nos
213 2575 247 2627 ad
266 2575 326 2628 Cic.
347 2575 381 2627 de
400 2574 463 2625 Div.
485 2575 507 2627 1.
534 2577 576 2630 54.
605 2577 714 2644 12:269.
742 2574 811 2644 ibiq.
838 2574 932 2627 leudd.
957 2573 1028 2626 Ado.
1049 2575 1146 2649 Viger.
1175 2575 1211 2630 (10
1281 2597 1284 2601 ’

55 2645 109 2698 Gr.
129 2646 162 2697 1..
183 2645 322 2699 Idiotism.
343 2664 371 2715 p.
392 2648 453 2700 496.
474 2645 624 2698 Heinrich.
644 2645 678 2696 ad
696 2645 755 2698 Cic.
776 2645 810 2698 de
828 2647 868 2699 Re
890 2683 896 2696 .
916 2663 942 2715 p.
962 2647 1020 2700 184.
1041 2647 1102 2701 20⁰.
1123 2645 1212 2701 ochs-

55 2733 111 2768 ner
134 2716 169 2768 sd
193 2716 251 2769 Cic.
277 2717 370 2790 Eclog
392 2754 398 2765 .
425 2734 452 2786 p.
473 2719 515 2771 23.
543 2734 571 2785 p.
594 2719 653 2772 155.
674 2717 735 2770 216.
756 2718 816 2771 33³.
854 2717 875 2768 0
896 2717 1064 2769 scuritatem
1091 2717 1209 2786 quidem

55 2787 183 2856 aliquam
203 2805 261 2839 esse
284 2734 443 2839 statuebant
462 2786 626 2839 Academici
653 2786 685 2838 in
709 2787 792 2839 rebus
818 2787 961 2841 omnibus:
986 2788 1036 2841 sed
1060 2787 1147 2841 aliam
1165 2797 1212 2842 te-

56 2874 125 2910 men
143 2859 199 2909 alia
218 2875 276 2911 esse
295 2858 457 2910 clariorem.
496 2858 557 2910 Mr.

126 2929 163 2981 1s
181 2928 275 2996 igitur
293 2930 321 2982 sa'
338 2927 499 2994 acciderit,]
536 2929 602 2994 „Ut
624 2929 743 2982 veniant
762 2930 1017 2996 contradicentes,
1045 2940 1078 2983 ut
1096 2948 1210 2985 movea-

53 3000 239 3069 muralique
267 3008 349 3051 acute
369 3000 512 3065 concluso,
538 3007 571 3051 ut
588 3000 838 3064 labemus,simus
857 3002 975 3053 armati:
1005 3002 1083 3052 nihil
1111 3003 1150 3053 ite
1194 3020 1209 3054 e

53 3070 140 3124 nimis
159 3071 342 3133 confidamus,
362 3072 410 3121 sed
428 3088 507 3122 arma
526 3071 613 3122 etiam
631 3071 793 3140 paremus.“
814 3072 905 3126 Aaou.
924 3088 967 3138 ap.
989 3070 1061 3123 Oliu.
1100 3071 1164 3124 Scri
1186 3074 1211 3122 i·
1254 3125 1260 3135 ,

52 3142 198 3194 turmale
219 3141 359 3194 accideret
377 3142 408 3191 iu
426 3141 496 3193 Edd.
516 3143 544 3192 P.
564 3140 598 3192 A.
618 3142 649 3192 B.
670 3143 750 3193 Junt.
772 3141 837 3193 Asc.
859 3147 883 3196 1.
903 3143 929 3195 2
958 3143 1028 3192 Ven.
1050 3151 1137 3193 nostr.
1159 3141 1211 3193 Ca·

52 3229 127 3264 mer.
149 3211 255 3264 sturm.
293 3213 368 3264 Tum
391 3228 448 3263 nou
474 3213 577 3264 melius
605 3211 678 3263 Gud.
699 3215 725 3266 2.
754 3221 782 3264 et
809 3211 861 3263 Ed.
891 3211 926 3262 11.
954 3227 1057 3263 sumus.
1087 3211 1160 3263 Gud.
1184 3216 1208 3266 1.

52 3282 141 3334 vind.
161 3284 186 3335 2.
207 3292 234 3335 et
254 3284 326 3335 Gud.
347 3284 492 3336 siminus.
512 3282 584 3358 Aug.
605 3282 749 3335 cisimus.
786 3283 867 3336 Idem
892 3298 959 3334 mox
982 3281 1055 3335 Sane
1085 3282 1127 3334 id
1154 3280 1211 3334 s'ta

53 3358 107 3405 est
127 3353 244 3422 quidem.
265 3354 351 3406 Marb.
383 3363 411 3405 et
430 3372 503 3404 unus
523 3354 573 3405 Ox.
595 3369 663 3405 saue
690 3354 745 3406 s'ta
764 3359 816 3406 est
845 3353 971 3421 quidem:
1004 3353 1052 3403 ubi
1118 3353 1211 3404 noscis

53 3423 168 3499 glossas.
190 3425 238 3477 Fr.
259 3426 341 3477 Pabr.
362 3424 445 3477 Saud
466 3425 538 3488 (sic).
560 3425 641 3476 Cous.
662 3423 721 3476 Cic.
752 3424 786 3476 de
806 3425 894 3497 [segg.
916 3425 952 3476 11.
972 3424 997 3477 l·
1013 3441 1055 3546 ‘p
1077 3428 1091 3477 l
1113 3425 1137 3478 5.
1164 3424 1210 3475 cd.

53 3505 143 3547 nostr.
164 3506 192 3548 et
211 3497 273 3549 Cu:
292 3496 364 3550 Saue
383 3495 503 3565 quium,
522 3493 622 3558 hercle,
642 3500 673 3548 et
692 3501 733 3546 est
752 3494 811 3547 ista
829 3501 908 3547 recta
927 3496 1012 3548 doces
1033 3496 1044 3547 i
1067 3494 1131 3547 via:
1160 3494 1211 3546 ubi

53 3582 107 3690 ιόοε
125 3568 353 3691 partiqulamdett,
374 3567 520 3690 iinMinerito
539 3585 555 3618 a
572 3567 640 3618 Dav.
667 3566 798 3631 eiectam,
824 3567 1013 3619 restituimus.
1052 3568 1118 3619 Mox
1136 3583 1210 3618 unus

81 3657 109 3688 x.
130 3654 194 3689 uas
237 3655 296 3690 acca
319 3655 357 3689 a.
433 3654 457 3689 r.

126 3708 283 3778 Numquid
307 3710 400 3775 igitur
429 3715 470 3761 est
493 3722 605 3772 causae,
636 3707 704 3778 puin
728 3707 797 3774 etc]
833 3708 874 3760 De
902 3707 1117 3761 constructione
1143 3723 1210 3760 num

54 3778 125 3849 quid
142 3809 155 3821 ·
174 3797 275 3833 causae
292 3782 351 3833 vid.
372 3781 464 3833 Beier.
486 3781 519 3832 ad
538 3781 597 3833 Cic.
619 3781 695 3831 basi.
717 3783 760 3836 13.
780 3782 823 3834 48-
844 3797 872 3848 p.
894 3782 936 3834 76.
974 3779 1054 3831 Unus
1074 3781 1124 3832 Ox.
1144 3794 1210 3830 uum

54 3849 174 3920 quidem.
196 3853 278 3903 Vind.
301 3857 325 3907 l.
352 3851 424 3927 Aug.
451 3857 491 3903 est
521 3850 621 3918 igitur.
660 3853 713 3902 Pro
739 3850 804 3917 quia
823 3849 919 3901 Duisb.
944 3848 1017 3922 Aug.
1043 3849 1118 3900 male
1147 3865 1208 3900 cur.

54 3921 137 3974 Conl'.
159 3923 217 3975 Cic.
239 3924 272 3975 de
292 3924 353 3975 lnv.
375 3925 397 3975 1.
423 3925 465 3978 39.
494 3920 558 3986 [nec
585 3937 654 3973 vero
673 3924 716 3975 96.
745 3931 778 3972 ut
802 3920 919 3990 scripsit
937 3919 1030 3971 Beier.
1051 3920 1072 3970 1.
1093 3918 1130 3984 c.]
1156 3924 1208 3974 70:

55 3992 126 4062 quid
144 4010 244 4046 causae
263 4001 313 4058 est,
334 3993 401 4063 quin
422 3995 623 4045 istamcontra
643 3991 733 4060 legem
750 3991 854 4057 fecisse
873 3989 1029 4043 iudicetis?
1061 3990 1130 4043 Add.
1152 3991 1211 4044 Ho-

53 4073 109 4115 rat.
130 4065 187 4117 Sat.
209 4068 230 4118 1.
253 4071 276 4118 1.
298 4068 346 4119 20:
368 4065 461 4120 Quid
479 4080 610 4117 causae
629 4068 681 4127 est,
700 4062 803 4115 merito
823 4061 909 4132 quin
934 4061 995 4114 illis
1013 4060 1126 4130 Jupiter
1151 4078 1211 4115 ans·

53 4137 104 4188 bus
123 4136 217 4218 iratus
236 4137 334 4188 buccas
352 4137 451 4199 inflet?
488 4137 549 4188 Nec
568 4144 647 4187 certe
667 4143 736 4217 erat,
763 4134 839 4202 quod
857 4133 1015 4186 coniiceret
1034 4134 1129 4217 lleisk.
1159 4149 1211 4185 cur

54 4223 117 4331 332⁰.
133 4224 221 4331 etti,
242 4208 497 4332 2111111153
500 4205 849 4329 ‘ftt‘ffl'sztttlttut
866 4205 1110 4346 15⁸3..353.‘¹¹.l¹.t.
1134 4202 1210 4343 11.ἶί

54 4349 234 4404 coniecturas
252 4368 310 4404 non
329 4368 484 4404 moramur.
504 4349 604 4424 Pergit
622 4366 695 4398 unus
705 4348 754 4400 Ox.
775 4347 806 4397 in
824 4364 902 4417 seqq.
924 4362 972 4399 eos
991 4346 1124 4400 dicunt.
1146 4345 1207 4398 Mr.

126 4453 240 4493 sumsere
260 4441 379 4509 animas,
398 4456 480 4510 quum
496 4456 512 4494 e
530 4453 647 4508 corpere
665 4435 848 4504 excesserint]
884 4436 993 4512 Vulgo:
1019 4435 1129 4489 animos
1150 4447 1210 4487 ma·
