2828 5070
514 307 645 373 monn
665 307 693 387 1,
712 307 764 373 11.
1158 315 1219 383 tot

60 476 211 558 explicet
230 475 266 536 in
288 491 329 536 eo
349 492 515 552 sermone,
549 493 649 557 quem
675 471 794 537 hebuit
813 491 854 536 eo
879 475 954 556 ipso
974 473 1040 556 dis,
1071 497 1139 561 quo
1159 502 1217 544 ex·

62 562 165 622 cessit
186 578 205 620 e
225 559 312 621 vita:
336 555 433 618 docet
447 559 550 633 enim,
572 557 732 639 quamvis,
755 556 813 638 qui
824 559 974 621 omnium
986 578 1102 623 reru
1123 563 1218 628 rudis

60 661 135 706 ense
160 639 329 717 videntur,
363 637 447 701 bene
479 640 706 726 interroganti
732 637 1001 721 respondentem,
1033 640 1217 726 declarare,

61 742 99 785 se
128 741 196 786 non
225 730 297 784 tum
323 719 382 783 ille
408 719 549 800 discere,
589 718 648 784 sed
680 720 925 784 reminiscendo
957 742 1214 810 recognosceret

60 824 125 868 nec
144 823 227 869 vero
248 803 324 866 fieri
345 802 414 864 ullo
436 800 534 865 modo
556 823 664 887 posse,
684 810 724 865 ut
743 823 762 865 u
782 803 898 886 pueris
919 812 1097 869 tetrarum
1119 819 1217 894 etque

61 894 232 948 tantarum
261 888 379 947 insitas
408 894 442 948 et
493 889 565 947 ossi
593 887 804 973 consignatas
829 887 869 947 in
898 888 1018 951 enimis
1049 894 1216 972 notiones,

60 988 143 1052 ques
163 962 292 1044 ἐννοίας
311 975 444 1046 vocent,
472 907 685 1045 haberemus,
712 969 778 1029 nisi
804 971 945 1048 enimus,
971 981 1148 1055 antequem
1181 978 1216 1037 in
1229 980 1253 1032 b.

60 1156 153 1208 laeum
170 1154 228 1207 vid.
254 1155 347 1208 Beier.
368 1154 402 1208 sd
420 1153 479 1207 cic.
498 1154 577 1207 lnel.
599 1157 640 1210 1³.
659 1157 704 1210 46.
723 1172 752 1226 p.
769 1157 811 1210 7³.
832 1154 902 1227 ibiq.
921 1155 1014 1211 lnudd.
1034 1161 1136 1231 quibus
1153 1162 1215 1217 add.

60 1227 96 1279 de
115 1226 214 1278 Divin.
235 1225 272 1278 ll.
295 1230 318 1281 l.
338 1229 365 1281 3.
386 1225 453 1291 (non
472 1233 586 1278 tantum
604 1225 652 1291 2).
674 1224 777 1279 Ochsn.
796 1225 831 1279 sd
847 1234 979 1281 nostrum
1001 1229 1099 1284 locum
1123 1252 1151 1304 p.
1171 1235 1215 1290 55.

61 1296 105 1350 ed.
125 1299 151 1352 3.
171 1295 293 1370 Eclogg.
314 1296 374 1350 cic.
410 1296 471 1350 Mr.
709 1363 712 1367 ,

133 1366 168 1420 ln
185 1383 217 1418 se
235 1383 368 1433 cennens,
387 1383 464 1434 quem
482 1365 577 1420 tatuit
596 1383 628 1420 eo
646 1365 709 1436 ipso
728 1365 784 1436 die,
803 1385 854 1438 qua
872 1369 991 1425 excessit
1013 1371 1119 1441 scita]
1154 1373 1217 1428 Pls·

60 1436 139 1489 tonis
157 1436 336 1490 Phaedonem
356 1437 442 1502 dicit;
470 1437 591 1491 isenim
609 1455 762 1506 sermones,
810 1458 860 1494 uos
879 1442 1032 1494 emortuali
1051 1443 1097 1496 die
1114 1442 1215 1498 hebuit

60 1506 262 1578 Philosophus,
280 1507 436 1560 Echecrati
455 1509 556 1561 refert.
593 1507 636 1561 Ac
654 1508 689 1561 de
707 1527 773 1566 rece
826 1511 904 1565 tione
923 1513 1041 1582 quidem
1063 1513 1161 1590 agitur
1179 1513 1216 1567 il-

60 1577 120 1629 lius
137 1577 254 1653 Dialogi
293 1597 329 1700 a?
357 1580 410 1633 382
428 1595 506 1648 seqq.
528 1577 568 1650 [p.
588 1580 648 1635 165.
673 1579 716 1632 ed.
739 1580 803 1652 Bip.
826 1599 854 1653 p.
878 1584 920 1638 tt.
948 1601 972 1637 e.
999 1582 1099 1656 steph
1125 1602 1150 1637 c.
1170 1588 1214 1641 ta.

82 1686 88 1698 .
110 1650 154 1702 at.
175 1648 219 1702 ed.
240 1649 266 1700 H
317 1649 336 1715 .]
356 1649 530 1718 eandemque
549 1666 612 1702 rem
630 1647 674 1703 ele
696 1660 779 1723 anter
796 1651 923 1724 disputat
941 1655 1080 1708 Maximus
1105 1655 1214 1726 Tyrius

60 1665 133 1771 hia.
154 1718 228 1772 XVI.
248 1719 385 1773 Boethius
403 1717 485 1772 Cons.
505 1718 580 1772 Phil.
600 1718 651 1773 lib.
674 1668 727 1774 fn:
745 1723 829 1775 Metr.
848 1722 897 1777 11.

227 1789 335 1842 Haeret
350 1791 479 1858 profecto
497 1805 589 1843 semen
605 1789 759 1844 introrsum
776 1791 847 1859 seri,

229 1860 308 1915 oasa
325 1860 469 1914 excitatur
486 1860 637 1914 ventilante
654 1861 795 1919 doctrina.

226 1929 301 1983 Nam
318 1947 370 1984 cur
388 1948 421 1985 ro
443 1929 497 1998 ati,
516 1936 614 2000 monte
630 1936 707 1984 recta
724 1932 854 2002 censetis,

227 1999 268 2055 Ni
285 2017 389 2056 nasas
407 1949 466 2055 adto
485 2000 590 2054 oioerst
608 2002 697 2067 fontes
714 2005 823 2057 cordat

229 2072 308 2128 Quod
325 2072 354 2125 si
371 2071 500 2125 Platonis
517 2072 606 2125 Mosa
620 2082 755 2141 maenae
772 2091 875 2141 veron,

228 2143 309 2199 Quod
326 2143 443 2212 quisque
461 2142 555 2209 discit,
578 2142 723 2198 immemor
739 2147 917 2200 recordatos.

60 2213 117 2268 Sed
134 2210 211 2267 hanc
229 2215 403 2266 sententiam
421 2213 562 2266 refellunt
580 2213 779 2268 Tertullianus
802 2216 836 2270 de
853 2216 950 2270 Anim.
978 2235 1038 2302 esp.
1059 2220 1102 2274 tt.
1130 2227 1217 2290 stqus

60 2284 205 2337 Arnobius
224 2293 325 2337 contra
343 2284 450 2337 Gentes
467 2283 518 2336 lib.
539 2284 577 2338 11.
596 2302 661 2359 pag.
683 2289 725 2340 tl.
747 2286 790 2339 ed.
809 2286 926 2338 llernld.
964 2287 1039 2352 Qum
1058 2297 1088 2342 et
1105 2288 1151 2340 oia
1170 2305 1217 2342 sa-

59 2354 142 2423 piens
165 2354 338 2424 ineptissime
360 2354 452 2424 pettit
479 2353 635 2408 credidisse
660 2355 778 2409 ridetur
803 2355 954 2409 Lactantio
979 2358 1044 2410 Div.
1069 2359 1138 2411 lust.
1163 2359 1214 2412 lib.

60 2426 125 2480 vn.
145 2442 206 2497 cap·
226 2428 269 2482 22.
308 2427 336 2480 ls
363 2432 461 2478 tamen
485 2424 720 2500 sPythsgoricin
739 2425 851 2500 dogma,
878 2442 937 2478 non
963 2428 1090 2480 nPoetis
1108 2426 1214 2480 hausit.

60 2496 135 2550 Vide
154 2496 239 2551 modo
257 2497 416 2550 Lucisnum
432 2497 504 2565 βίων
522 2495 621 2565 πράσει
637 2495 719 2551 Tom.
739 2496 761 2549 1.
780 2513 844 2572 pag.
864 2498 925 2552 tn.
952 2504 982 2550 et
1004 2497 1216 2569 Hieronymum

62 2566 93 2618 in
111 2560 213 2621 Ruunt
227 2567 277 2620 lib.
298 2568 351 2620 111.
370 2584 434 2642 pag.
454 2569 516 2623 5³7.
554 2566 592 2619 D.

132 2656 200 2709 tene
222 2656 414 2723 interroganti
441 2652 669 2723 respondentm,]
717 2656 798 2709 Unus
828 2656 878 2710 01.
911 2654 1111 2725 interrogares
1147 2658 1214 2712 Cod.

60 2728 136 2779 lton.
159 2731 182 2782 l.
203 2726 434 2795 interrogantem.
472 2729 526 2779 Pro
545 2726 755 2794 respondentem
774 2727 805 2778 in
823 2735 920 2781 nostra
937 2728 1049 2782 Codicis
1067 2729 1137 2803 lieg.
1157 2730 1217 2783 col·
1242 2735 1251 2753 ⁶

60 2796 170 2849 latione
188 2807 336 2850 enatstum
355 2806 397 2851 est
415 2799 593 2864 respondem:
618 2797 667 2849 sed
690 2805 733 2850 est
749 2797 791 2849 ibi
817 2796 880 2850 sine
897 2797 984 2852 dubio
1003 2799 1216 2882 compendium,

61 2868 147 2935 quale
165 2867 251 2920 habet
269 2878 368 2923 noster
386 2868 460 2920 Gud.
482 2873 517 2930 l.‚
537 2867 627 2942 Regio
653 2875 683 2919 et
705 2874 849 2920 vetustate
876 2875 905 2921 et
923 2877 1098 2938 prssstnntrs
1124 2879 1154 2922 et
1173 2872 1217 2925 le·

62 2938 159 2992 ctione
177 2938 356 3005 simillimus,
374 2939 566 3006 respondam.
587 2963 620 2974 -
656 2938 711 2989 Pro
733 2938 879 2992 declarare
903 2957 976 2992 unus
1000 2942 1050 2993 Ox.
1070 2938 1157 2992 lubet
1181 2942 1216 2994 ds

62 3008 139 3062 omni
154 3025 197 3074 rs,
215 3009 264 3062 ubi
282 3009 363 3063 vides
381 3028 398 3061 a
435 3009 507 3063 losse
524 3023 732 3078 supervacanea
750 3008 871 3060 verbum
888 3008 1037 3062 Ciceronis
1060 3010 1148 3062 fuisse
1167 3027 1216 3062 ex·
1262 3027 1265 3033 ·

62 3088 183 3132 trimum.
220 3081 353 3134 Pratum
370 3028 438 3133 Gud.
458 3079 532 3155 Aug.
552 3083 622 3134 tani.
664 3079 728 3130 Post
752 3077 956 3131 reminiscenda
978 3079 1031 3131 Ed.
1051 3081 1087 3131 tl.
1107 3080 1216 3150 repetit

62 3149 126 3203 itta.
157 3150 228 3204 Ven.
248 3149 344 3203 Alteri
370 3168 406 3203 ex
429 3166 504 3203 corr.
530 3150 616 3203 hebet
640 3162 808 3214 cognoscere
832 3165 899 3201 cum
916 3147 1024 3202 duobus
1042 3150 1113 3202 Oxx.
1151 3152 1215 3202 Post

62 3236 113 3274 nee
131 3238 204 3272 unus
223 3222 273 3274 Ox.
293 3221 404 3273 omittit
421 3237 495 3274 osso.
533 3220 593 3275 Mr.

134 3296 165 3342 ut
184 3305 203 3343 e
222 3292 350 3358 pneris
374 3295 417 3343 tot
436 3289 542 3356 rerum]
579 3290 621 3342 De
648 3287 795 3341 locutione
819 3303 837 3340 a
861 3286 969 3356 poeria,
998 3287 1033 3341 ab
1056 3289 1216 3343 adolescen-

63 3361 135 3425 tuta,
161 3375 180 3412 a
196 3376 295 3428 puero,
324 3363 359 3415 ad
378 3361 498 3425 infante,
522 3360 557 3414 at
584 3358 753 3424 infantione,
781 3374 799 3410 a
815 3373 914 3426 parco,
937 3360 1111 3426 aparoutis,
1137 3376 1155 3412 a
1174 3366 1215 3415 te·

62 3447 142 3496 nero,
162 3446 180 3483 a
195 3447 286 3499 parea
304 3432 417 3500 tnrgine
436 3440 464 3484 et
483 3430 626 3483 similibus
642 3447 670 3481 v.
690 3427 795 3481 Hsndii
813 3427 970 3481 Tursellin.
991 3430 1013 3481 l.
1055 3468 1062 3481 .
1082 3432 1126 3486 22.
1152 3430 1214 3486 sdd.

63 3500 167 3556 Ochnn.
185 3502 222 3556 sd
240 3501 269 3553 lu.
289 3501 309 3552 l.
328 3521 357 3572 p.
378 3504 421 3558 5⁵.
458 3504 513 3555 Pro
531 3499 686 3570 atquem.
706 3499 742 3550 H.
761 3497 914 3553 habetote
942 3517 1015 3552 unus
1033 3448 1083 3553 δι.
1104 3501 1215 3555 omittit

63 3577 89 3625 et
106 3580 174 3626 snte
193 3573 283 3641 quast.
302 3591 375 3624 unus
393 3570 480 3625 habet
496 3577 604 3640 atque
620 3568 813 3637 consignatas.
833 3569 887 3622 Ed.
902 3569 938 3621 H.
958 3577 985 3623 st
1004 3571 1087 3640 quasi
1103 3570 1215 3640 insig-

63 3644 170 3696 nitas.
207 3642 281 3695 Aliis
299 3643 371 3695 locis
390 3643 492 3696 Cicero
510 3641 564 3694 illo
581 3641 668 3694 verbo
686 3640 802 3693 nonnisi
817 3639 937 3723 proprie
955 3659 1022 3694 usus
1040 3650 1096 3696 est:
1126 3659 1216 3714 quare

62 3711 133 3765 h.l.
162 3713 273 3767 addidit
299 3712 391 3784 quasi.
428 3713 509 3767 Unus
527 3711 820 3786 (impugnationi
840 3709 872 3764 in
897 3711 1016 3766 minias
1044 3712 1111 3768 Ood.
1138 3713 1214 3788 Aug.

65 3781 97 3837 in
115 3784 246 3839 animo.
284 3783 360 3836 Tum
377 3783 430 3835 Ed.
451 3784 486 3836 ll
507 3781 643 3836 rationes.
679 3781 741 3835 Mn.

136 3868 205 3923 quos
224 3852 329 3914 ἐννοίας
348 3852 470 3920 cocant]
507 3853 552 3908 Ad
569 3869 633 3906 rem
651 3851 830 3906 Camerarius
853 3851 939 3906 hnec:
976 3851 1075 3920 „Ques
1098 3853 1215 3924 quidem

63 3922 193 3979 notiones
210 3926 419 3996 interpretatus
437 3933 481 3978 est
498 3924 533 3978 de
552 3922 671 3988 Graeco,
692 3922 842 3992 προλήψεις
859 3923 947 3977 etism
965 3922 1074 3988 dixere,
1094 3923 1126 3974 in
1143 3922 1216 3977 Aen-

62 3994 167 4050 dsmm.
187 3996 237 4063 [ll.
260 3994 316 4062 lo]
335 3993 454 4050 notitias
471 3993 571 4047 vertit.
608 3992 682 4047 Sunt
699 4001 796 4046 sutem
814 3993 921 4048 iudicis
935 3994 1072 4064 quaedem
1088 4002 1117 4047 et
1135 3995 1216 4065 qussi

62 4066 250 4136 pronuntiata
267 4068 383 4132 mentis,
402 4082 475 4136 quse
494 4081 551 4119 non
569 4062 703 4118 discendo
722 4071 935 4134 comparentur,
954 4064 1003 4119 sed
1020 4073 1153 4119 enatura
1170 4065 1216 4118 in·

62 4146 139 4204 sunt,
161 4145 197 4190 nt
219 4138 447 4191 similitudinmn
470 4144 500 4190 et
522 4133 780 4206 comparationum,
808 4133 842 4188 de
872 4134 975 4205 quibus
1002 4135 1094 4190 solent
1117 4152 1216 4191 omnen

62 4206 195 4262 homines
213 4217 339 4261 statuere
358 4207 392 4259 de
410 4222 468 4260 uno
487 4224 526 4275 qu
586 4224 611 4260 e.
643 4205 723 4260 Hane
746 4204 809 4256 vim
832 4221 890 4258 non
913 4205 1027 4277 acquiri
1053 4204 1147 4260 studio
1165 4222 1216 4260 no-

62 4287 132 4345 stro,
152 4278 202 4332 ssd
220 4279 348 4332 innatam
366 4294 425 4331 esse
443 4276 523 4330 Plato
560 4284 625 4330 ocet
643 4283 673 4330 et
692 4274 723 4327 in
741 4277 861 4330 Menons
880 4283 910 4329 et
927 4276 958 4328 in
976 4276 1133 4331 Phaedone.
1163 4277 1215 4342 Ut,

62 4349 191 4421 exempli
261 4351 325 4433 tis,
338 4347 488 4432 lignorum
507 4347 586 4402 inter
602 4364 632 4399 se
649 4345 852 4416 neqnslitstem
869 4346 1006 4400 constitui
1024 4346 1133 4401 iudicio
1150 4361 1215 4400 meo

61 4419 97 4475 de
114 4368 298 4491 afflui
318 4437 406 4491 ipsius
424 4417 558 4490 nauidis
580 4417 641 4472 sire
666 4412 770 4489 inscio·
807 4416 953 4488 Epicuros
970 4416 1084 4509 acquiri
1110 4416 1145 4471 de
1162 4432 1215 4471 usn
