2828 5070
573 299 701 363 ulam
731 298 774 382 11,
801 302 833 369 a.
1227 306 1290 374 eoa
1358 282 1361 285 ’

297 460 359 527 Sic
380 454 496 543 cirpea
517 466 608 529 clade
629 464 782 533 horribili
802 462 1184 548 aonnpron'exrtoaim

296 549 371 626 lpse
391 547 542 630 illigatus
560 556 651 630 piata
671 554 835 618 interimor
857 551 977 616 textili.

296 632 371 694 Hos
391 625 455 693 min
476 632 605 698 tortitia
626 634 753 712 de'rtra,
776 655 840 698 nom
862 647 949 697 terra
971 633 1061 698 e'elita

294 713 401 777 Molis
426 715 611 813 Giyantum,
634 712 698 782 no'n
720 718 894 801 biformato
915 718 1033 800 impetu

134 839 219 849 --ο-η

200 902 265 955 lam
291 904 446 957 decolorem
472 905 653 974 ranguinem]
689 906 842 978 ·,,Χ1ωρὸν
875 905 1047 961 scholiastes
1075 906 1289 978 interpretatur

129 970 195 1026 olor
212 973 229 1040 'i
248 979 355 1043 νεκρόν.
375 977 477 1029 Cicero
488 978 643 1032 decolorem
652 979 750 1031 vertit.
771 980 853 1032 ltlale.
878 979 977 1035 Vinum
994 996 1043 1030 sau
1086 979 1163 1030 inem
1182 978 1287 1046 dicit.“

130 1044 164 1098 G.
184 1046 338 1099 Hermann.
367 1047 402 1099 ad
428 1049 562 1119 Sophocl.
588 1050 692 1102 Trach.
724 1053 800 1105 1044.
828 1081 861 1091 -
898 1053 933 1104 ln
959 1049 1026 1102 Cod.
1077 1067 1091 1102 e
1115 1089 1120 1100 .
1150 1049 1288 1103 scribitur

130 1118 268 1172 exorbuit.
289 1120 323 1171 ln
340 1136 368 1170 v.
388 1137 446 1189 seq.
468 1122 534 1173 Cod.
555 1121 627 1196 Aug.
649 1121 761 1174 omittit
779 1138 898 1190 corpur:
918 1121 994 1174 idem
1013 1137 1080 1173 cum
1093 1068 1186 1173 itlnrb.
1201 1120 1286 1174 habet

130 1197 309 1256 assumptum,
329 1190 377 1242 sed
394 1193 540 1261 posterior
558 1211 643 1263 supra
660 1194 767 1245 lineam
786 1195 895 1264 scripto
915 1192 946 1256 ὸς
972 1210 1044 1244 unus
1063 1192 1113 1245 0x.
1142 1196 1283 1260 aumptum

130 1261 227 1312 Monet
245 1261 312 1312 Bill.
339 1278 404 1313 curn
426 1263 455 1314 in
476 1263 593 1316 Graecis
622 1265 660 1316 sit
680 1264 860 1335 διέφθαρματ,
887 1264 1048 1335 exspectari
1072 1279 1152 1334 posse
1171 1263 1287 1316 extabui
1390 1317 1395 1325 1

130 1347 185 1400 pro
203 1333 342 1385 extabuit:
373 1343 402 1385 et
421 1334 494 1387 illud
520 1335 543 1385 si
563 1335 650 1411 legas,
680 1351 779 1402 corpur
802 1353 860 1389 esse
886 1335 1088 1387 Accusativum
1114 1333 1284 1388 absolutum.

131 1401 187 1455 Sed
205 1403 281 1456 nihil
302 1405 336 1457 de
355 1406 490 1457 mutanda
508 1406 635 1459 lectione
655 1406 853 1481 cogitandum:
882 1406 1023 1459 Hercules
1042 1406 1121 1458 enim
1141 1421 1183 1470 eo,
1209 1406 1285 1476 quod

128 1491 216 1525 versu
235 1493 292 1545 seq.
312 1476 396 1546 pouit
415 1477 484 1544 ipae,
504 1495 532 1529 se
552 1479 630 1547 quasi
650 1478 770 1549 opponit
788 1478 912 1547 corpori.
940 1476 985 1531 Ad
1001 1476 1031 1529 h.
1052 1477 1073 1529 l.
1100 1477 1212 1531 01111.
1235 1479 1284 1543 123

130 1547 180 1600 26:
201 1562 303 1616 corpur
321 1547 411 1600 macie
429 1549 560 1602 extabuit.
599 1550 662 1603 Me.

199 1645 261 1714 lpse
280 1645 414 1715 illigatur
430 1655 508 1715 peste
525 1647 675 1702 interimor
701 1644 805 1712 textili]
843 1646 878 1699 G.
898 1647 925 1701 J.
946 1647 1060 1699 Vossius
1086 1645 1119 1699 in
1135 1647 1282 1722 Fragnnm.

128 1716 205 1768 Vett.
232 1718 338 1802 Tragg.
364 1737 392 1790 p.
415 1723 474 1775 147.
503 1720 630 1783 exhibet,
655 1720 752 1772 nescio
779 1717 865 1782 uude,
893 1717 1043 1783 alligatore,
1070 1718 1120 1772 sed
1137 1719 1168 1770 in
1186 1725 1282 1771 annot.

128 1805 157 1856 p-
180 1791 243 1843 188:
264 1808 323 1854 „ru
342 1790 469 1860 optimis,
488 1792 538 1855 ait,
559 1791 717 1860 quibusque
736 1788 822 1841 Codd.
843 1789 922 1864 legas
949 1788 1091 1857 illigatur,
1119 1796 1148 1842 et
1167 1789 1283 1841 rectius.

129 1857 204 1910 Nam
224 1861 344 1929 respicit
370 1864 455 1930 poeta
479 1869 587 1930 peatem
614 1861 747 1921 textilm,
772 1859 817 1911 uti
835 1859 885 1911 hic
903 1867 995 1923 vocat,
1023 1860 1078 1912 hoc
1098 1869 1140 1913 est
1158 1860 1286 1912 tunicam

130 1929 267 1982 Centauri
286 1933 423 2006 sanguine
442 1934 574 1997 tinctam,
594 1950 681 2002 quam
700 1931 832 1983 induerat
851 1930 1022 1984 Herculesr‘
1057 1929 1102 1981 Ad
1120 1949 1146 1982 v.
1164 1934 1284 1999 perte·-

131 2000 229 2052 teatili
247 2002 310 2054 ise.
336 2021 447 2056 veneno
473 2005 600 2067 letifero,
629 2003 704 2074 quod
722 2001 821 2054 tunica
839 2001 938 2054 textili
964 2001 1141 2065 continetur,
1169 2003 1286 2054 confert

129 2072 283 2124 Beroaldus
302 2076 432 2128 Lucretii
452 2094 568 2128 versum
590 2076 632 2141 [V.
656 2071 745 2138 latu]
784 2070 895 2126 Neritia
912 2078 977 2125 ante
1001 2073 1056 2140 fuit
1077 2071 1175 2138 acatia,
1207 2077 1288 2140 qnam

129 2144 225 2196 tertile
244 2150 362 2211 tegmen.
385 2180 416 2188 -
437 2147 522 2199 Ver-b.
543 2166 579 2200 ex
598 2146 676 2211 Cod,
695 2143 792 2198 nescio
811 2161 878 2214 quo,
904 2161 957 2214 pro
979 2150 1059 2211 perte
1083 2145 1198 2214 profert
1224 2144 1288 2196 lan·

129 2216 250 2289 guidam
274 2218 413 2291 glossema
435 2227 518 2272 certe.
556 2217 651 2271 Pectia
673 2234 756 2289 saepe
780 2216 813 2268 de
841 2216 931 2266 variis
956 2215 1039 2267 rebus
1058 2216 1186 2286 ponitur,
1214 2231 1287 2284 quae

129 2287 293 2356 quempiam
314 2289 502 2343 interimunt:
531 2291 612 2341 cuius
630 2307 697 2340 usus
719 2286 850 2357 exempla
876 2303 942 2337 cum
961 2286 1068 2338 hexica
1091 2304 1144 2355 sup
1166 2286 1286 2350 editent,

128 2358 195 2409 nolo
214 2358 245 2408 in
264 2360 408 2427 probando
428 2379 461 2414 eo
480 2359 639 2413 immorari.
678 2357 758 2425 Quod
776 2375 837 2410 eam
855 2373 925 2410 vero
948 2362 1056 2424 perlem
1079 2304 1178 2427 paulio
1204 2356 1289 2408 auda·

128 2428 190 2479 cius
215 2429 340 2497 appellat
366 2432 504 2498 textilem,
533 2431 564 2483 id
587 2429 668 2494 fecit,
696 2438 729 2481 ut
756 2428 945 2499 exprimeret,
997 2428 1052 2480 uod
1083 2427 1182 2511 paullo
1209 2434 1286 2491 auto,

127 2516 155 2549 v.
177 2502 214 2561 6.,
235 2500 342 2564 omisit,
362 2501 524 2584 ὖραντὸν
543 2499 760 2570 ἀμφίβληστρον.
780 2499 816 2553 In
834 2499 900 2553 Cod.
920 2445 1004 2552 Vini.
1022 2500 1048 2554 2.
1069 2498 1195 2550 ridicule
1215 2497 1288 2551 scri·

127 2578 212 2640 ptum
234 2580 277 2623 est
295 2572 405 2638 reptile,
430 2573 478 2625 sed
497 2573 528 2624 in
546 2591 637 2645 marg.
658 2569 757 2636 teatili,
781 2578 815 2623 ut
832 2569 970 2642 scriptam
995 2588 1057 2624 eam
1081 2586 1183 2623 vocem
1199 2568 1285 2623 habet

128 2641 202 2695 Gud.
232 2643 313 2694 Unus
332 2643 382 2695 Ox.
404 2643 521 2695 exhibet
541 2642 658 2710 ligatur.
695 2642 756 2696 Mn.

198 2711 259 2764 Hoc
283 2729 336 2765 non
359 2712 476 2768 tortilia
500 2715 603 2768 dextra
628 2712 694 2780 eto]
732 2713 800 2767 Cod.
826 2712 900 2767 Gud.
927 2708 979 2765 loa
996 2711 1094 2767 inder
1141 2727 1174 2766 ro
1192 2711 1286 2766 altero

128 2799 182 2836 non
201 2783 267 2836 Cod.
288 2785 356 2860 lieg.
377 2785 465 2838 habet
482 2787 598 2840 nonnisi
618 2802 644 2838 n.
664 2783 721 2839 MS.
743 2785 775 2837 in
792 2801 883 2860 marg.
897 2783 981 2837 Verb.
1003 2785 1110 2855 incipit
1121 2731 1200 2836 Eune
1218 2800 1285 2837 var·

127 2872 189 2906 sum
208 2855 271 2909 Non
290 2872 345 2909 voa.
384 2858 456 2912 Cum
483 2857 533 2910 hic
552 2858 632 2910 locus
656 2874 722 2908 cum
741 2856 860 2909 Graecis
879 2854 1030 2926 Sophoclis
1053 2873 1156 2927 parum
1180 2870 1286 2909 conve-

125 2928 187 2979 niat
207 2925 266 2992 (νού
285 2932 475 2997 inoratam
493 2929 603 2992 πεδιὰς,
623 2921 685 2982 οὔθ’
704 2929 720 2979 d
737 2931 852 2998 γηγενὴς
875 2927 928 2993 -),
954 2926 1044 2980 Bouh.
1066 2926 1215 3003 corrigere
1233 2942 1285 2978 vo·

125 2998 202 3051 lebat
220 3017 337 3052 versum
355 3001 497 3055 scribens:
527 3004 615 3069 λόγχη
638 3017 666 3053 τε
692 2999 754 3058 dale
771 3017 799 3052 rr
816 2999 979 3069 vertitque:
1008 3014 1062 3052 non
1088 2995 1171 3051 iacta
1198 3012 1285 3066 neque

125 3070 186 3136 far,
205 3072 263 3134 vel,
283 3072 307 3122 si
325 3073 419 3135 malis,
440 3089 494 3126 non
512 3070 596 3127 lraota
616 3088 701 3141 neque
717 3070 865 3139 proelium.
900 3071 962 3122 Nec
981 3086 1050 3122 vero
1069 3086 1206 3139 prospere
1225 3084 1285 3120 ces·

125 3141 163 3191 sit
190 3142 254 3193 viro
282 3141 446 3196 doctissimo
473 3145 534 3197 sive
558 3142 718 3197 emendatio
744 3142 805 3194 sive
835 3143 896 3194 inte
936 3141 1048 3194 rotatio.
1093 3141 1169 3192 Voce
1196 3137 1285 3193 molet

124 3209 225 3279 paullo
249 3210 382 3263 audacius
409 3214 542 3266 redditur
561 3215 671 3268 Graeca
702 3217 824 3281 στρατός.
860 3159 943 3264 viii.
971 3215 994 3266 1.
1021 3210 1107 3263 habat
1131 3209 1285 3278 Gigantum

123 3280 223 3345 molet,
250 3298 303 3333 two
329 3283 446 3349 biformi
468 3301 530 3337 cum
550 3285 660 3354 impetu.
689 3283 729 3335 Re
752 3323 758 3334 .
781 3281 853 3336 Gud.
884 3292 912 3335 et
931 3282 1027 3334 Duisb.
1049 3281 1223 3351 Gigantium.
1250 3309 1283 3318 -

123 3351 232 3406 Molem
250 3353 339 3404 Turn.
362 3354 432 3407 Adv.
453 3356 490 3407 ll.
511 3358 537 3409 8.
558 3375 584 3426 p.
606 3356 649 3410 46.
672 3301 798 3424 expirent
823 3353 1039 3407 multitudinem.
1077 3353 1138 3406 Mr.

195 3422 259 3477 Non
277 3424 430 3488 biformato
449 3425 553 3494 impetu
572 3423 737 3490 Centaurea]
775 3425 930 3496 Sophocles
957 3444 998 3477 vs.
1021 3427 1097 3482 1⁰76.
1136 3421 1205 3478 Οὔτε
1227 3427 1283 3493 θρ-

123 3496 550 3564 ρειοςβία,ο1)18οΙιοΙίατῑεεε
577 3500 707 3559 Λέοντος,
738 3489 833 3564 ὕδρας,
854 3497 993 3566 Κερβέρου
1012 3499 1058 3550 καὶ
1075 3494 1190 3549 λοιπῶν.
1227 3494 1284 3550 Sed

123 3567 232 3618 rectius
251 3568 398 3620 intellexit
418 3569 536 3632 Cicero;
561 3588 627 3622 narn
646 3569 784 3622 Centauri
801 3567 886 3638 θῆρες
905 3568 1059 3638 aliquando
1086 3567 1280 3621 nominantur.

122 3635 172 3688 Sic
196 3638 274 3690 infra
300 3658 341 3691 vs.
364 3644 441 3696 1111.
479 3640 575 3709 Διφοῆ
602 3640 624 3692 τ’
649 3639 766 3707 ἄμικτον
791 3638 973 3709 ἱπποβάμονα
1000 3642 1116 3712 στρατὸν
1128 3631 1246 3691 'Olim'
1246 3640 1281 3692 tt.

123 3707 266 3761 Homerus
284 3710 323 3763 Jl.
344 3711 378 3776 A,
398 3713 458 3768 267.
480 3712 514 3764 de
533 3711 679 3782 Lapithis:
886 3762 888 3766 ,

290 3783 438 3849 Κάρτιστον
455 3781 509 3849 μὲν
526 3781 595 3835 ἕσαν
611 3785 657 3835 ant
676 3781 832 3852 καρτίστοις
850 3777 989 3850 ἔμάχοντο

289 3855 441 3904 ouem
458 3855 620 3921 ὀρασκώοισι
939 3857 947 3869 ”

121 3918 278 3973 Centauros
297 3922 337 3974 ibi
355 3924 512 3998 significat,
531 3933 565 3975 ut
583 3931 663 3976 recte
680 3931 803 3975 veteres.
823 3922 930 3974 Rursus
949 3920 1036 3975 Jliad.
1055 3920 1088 3988 B,
1108 3920 1168 3979 743.

282 3992 384 4061 Ἤματα
401 4002 438 4063 τῷ
457 3996 503 4050 ὅτε
522 3997 659 4047 ΦΗῬΑΣ
676 3991 784 4047 ἐτίσατο
803 3995 978 4062 λαχνήεντας.

119 4080 202 4146 Λέγει
220 4079 252 4131 di
270 4082 332 4139 τοὺς
350 4085 527 4155 Κενταύρους,
547 4084 644 4154 iuquit
661 4083 810 4153 Didymus.
848 4084 893 4135 lta
916 4081 1053 4135 Pindarus
1070 4080 1156 4166 Ppeh.
1176 4044 1232 4148 111,Ι
1249 4086 1275 4138 8.

120 4153 287 4216 Chironem,
316 4165 487 4208 centaurum
513 4164 597 4208 vocat
615 4157 681 4227 φῆρ
700 4152 857 4225 ἄνρόττρον.
894 4155 957 4207 Nec
982 4154 1071 4207 alitor
1096 4171 1128 4205 m
1150 4169 1184 4207 eo
1202 4153 1277 4218 loco,

121 4227 346 4350 quelrpcpetpiqqt
370 4227 534 4354 Altheqpeus
556 4228 608 4279 lib.
628 4228 677 4280 XI.
702 4244 767 4302 pag·
786 4229 848 4282 416.
868 4225 899 4278 Β.
927 4226 998 4279 Vide
1026 4232 1056 4278 ct
1073 4224 1278 4296 Palaephatum

140 4310 155 4345 e
191 4380 244 4418 mon
272 4317 424 4433 iiforinam
450 4334 563 4439 inipetu]
600 4369 710 4436 „Locis
737 4341 752 4421 a
777 4363 893 4422 Daviaio
921 4367 1043 4421 laudatis
1066 4365 1136 4421 adda
1163 4365 1275 4418 Pindnr.

120 4434 205 4504 Pyth·
226 4437 272 4488 IV·
293 4441 354 4493 211.
375 4450 404 4494 et
422 4443 570 4514 Verheyk
590 4442 626 4496 ad
643 4440 782 4496 Antonin.
801 4438 1027 4511 uiberal.p.17.
1047 4432 1091 4494 ed.
1110 4435 1276 4491 Teucher.“
