2828 5070
206 280 271 351 sss
329 253 332 257 “
416 277 650 342 c1oruoms
671 275 917 343 susanam.
941 274 1172 341 nuruum.
1235 243 1238 247 ’

208 447 456 512 effeminamur:
476 455 527 524 ut,
549 448 578 508 si
598 452 675 507 ante
695 463 787 506 mors
807 443 976 521 adventet,
997 462 1096 526 qam
1118 438 1368 505 Chaldaeum

207 531 372 615 promissa
392 531 562 592 consecuti
582 548 708 607 sumas,
728 527 862 610 spoliati
886 528 1015 612 maguis
1036 523 1240 608 quibusdam
1262 524 1370 604 bon‘u,

207 729 272 771 nam
289 734 369 783 nanc,
389 715 569 781 exciderent,
596 716 637 769 its
659 722 695 769 nt
713 714 860 770 exhibeat:
887 712 1026 782 imponam
1042 711 1120 766 iesse
1139 711 1370 782 tmnnmzl

206 788 296 843 Rehd
316 788 390 844 Gad.
409 789 495 841 Vind.
513 793 539 844 2.
559 787 629 840 Pell.
649 804 694 858 pr.
715 795 783 840 tert.
804 794 898 857 quart.
918 786 1013 854 quint.
1038 801 1104 836 cum
1122 784 1198 837 Pith.
1240 784 1280 837 ln
1299 782 1370 842 cad,

206 859 305 913 Duisb.
325 869 369 914 est
388 859 521 930 iussaque
538 867 719 927 tyrannoram
732 875 822 926 esque
840 855 927 910 verba
945 864 1013 925 post
1030 855 1217 924 despicientia
1236 855 1370 925 ”posita

207 939 285 996 sunt,
317 941 352 984 at
379 930 516 984 librarius
540 931 645 999 aliquis
671 928 863 1010 correctionis
890 926 1056 1010 periculam
1085 927 1191 980 fecisse
1215 925 1369 991 videatur,

205 1019 335 1129 titt?
333 1006 805 1143 tntttnttttztttdt
823 996 971 1121 111111
977 996 1094 1132 ,maid
1111 996 1210 1121 inii
1224 1011 1370 1135 m

208 1145 393 1209 tirannorum,
412 1143 489 1213 quod
500 1144 582 1207 item,
601 1143 628 1194 si
645 1148 830 1209 tyrannorum
846 1145 912 1209 post
930 1137 1116 1205 despicientia
1132 1140 1266 1209 positum
1280 1145 1368 1203 uest,

206 1216 383 1270 correctoris
400 1213 571 1268 emendandi
590 1213 684 1266 studio
702 1212 870 1265 tribuerem.
909 1209 944 1262 ln
962 1208 1020 1262 alio
1040 1209 1088 1262 01.
1108 1207 1252 1262 scribitur
1276 1224 1369 1276 pana·

206 1302 269 1339 mas
300 1287 437 1409 letheum
463 1292 665 1354 tyrannorum:
696 1299 808 1347 rursus,
842 1287 877 1333 at
907 1279 1000 1347 vides,
1033 1280 1202 1356 corrigendi
1226 1278 1367 1350 periculo

205 1359 293 1411 iacto.
365 1374 390 1408 r.

280 1424 511 1493 cogitationibus
535 1421 735 1489 mollissimis]
771 1423 816 1475 lta
843 1428 925 1476 recta
951 1421 1008 1474 Pal.
1035 1437 1091 1476 sec.
1111 1420 1181 1496 neg.
1201 1428 1232 1474 et
1248 1428 1367 1476 veteru

206 1499 290 1623 bediti.
317 1498 424 1620 „Vulgo
451 1495 673 1560 molestissimis3
701 1494 778 1565 quad
800 1501 869 1564 post
891 1493 1055 1546 Victoriam
1081 1487 1254 1548 Gebhafflas
1282 1490 1367 1546 exhi·

225 1569 279 1622 uit.
347 1608 353 1621 .

277 1638 349 1692 Nam
359 1654 431 1692 nunc
443 1635 553 1707 quidem
564 1634 789 1706 cogitationibus
805 1634 1038 1690 mollissimis
1051 1632 1259 1700 effeminam]
1278 1622 1366 1700 „tis-

208 1708 372 1764 lestissimis
391 1709 460 1763 Cot.
480 1707 596 1779 θηρὶ.
625 1725 697 1777 quse
716 1707 805 1763 lectio
825 1725 853 1760 m
913 1705 1134 1777 operaplace13
1165 1712 1253 1774 atque
1283 1705 1365 1769 ades,

208 1782 326 1836 etiamsi
344 1789 423 1835 recte
441 1779 539 1845 video,
570 1778 748 1832 mollissimis
765 1777 839 1831 viris
884 1778 1039 1832 actissimis
1057 1776 1188 1845 probari:
1222 1774 1364 1830 molestas

208 1853 289 1906 enim
307 1870 355 1907 res
373 1869 456 1921 saepe
474 1850 625 1912 dicuntur,
658 1866 741 1919 quae,
767 1866 852 1919 mam
895 1866 942 1901 am
969 1855 1038 1900 sunt
1060 1849 1159 1900 inanes
1185 1853 1216 1900 et
1232 1854 1365 1900 cantem·

89 1972 97 1982 .
207 1924 329 1988 nendae,
355 1939 484 1976 morsum
503 1930 601 1974 tamen
620 1929 650 1974 et
671 1920 806 1974 aculeum
822 1917 861 1973 ha
881 1927 941 1973 ent.
978 1919 1023 1973 lta
1045 1925 1140 1971 autem
1160 1924 1190 1970 st
1207 1917 1285 1969 olim
1304 1917 1364 1971 adi-

208 1994 253 2047 dit
270 1993 428 2055 Victorius,
457 1991 539 2043 cuius
563 1991 729 2056 auctoritas,
756 1999 790 2043 ut
808 1998 919 2043 caetera
948 1988 1088 2054 abessent,
1123 2005 1169 2041 me
1186 2003 1216 2038 m
1276 2003 1365 2058 apere

207 2070 350 2126 moveret,
370 2063 463 2113 atita
482 2077 543 2113 esse
561 2060 717 2136 legendum
735 2060 928 2113 arbitrarer.“
945 2062 1063 2114 Brutus.
1101 2058 1238 2113 Probavit
1278 2057 1365 2113 avisii

207 2132 365 2185 lectionem
383 2128 574 2195 nsallissimis,
603 2138 750 2199 repertam
769 2131 859 2184 etiam
886 2133 917 2183 in
935 2147 993 2184 ano
1012 2128 1159 2194 Leideusi,
1178 2127 1363 2183 Bouhierius·

206 2202 296 2255 Illam
315 2209 418 2255 contra
440 2218 477 2254 ax
501 2208 626 2270 quatuor
648 2199 787 2254 Palatinis
812 2202 945 2255 restituit
963 2200 1055 2254 Gebh.
1075 2201 1264 2268 servamque
1279 2198 1364 2266 Em,

205 2271 250 2326 its
267 2280 375 2336 tamen,
394 2279 429 2324 ut
449 2272 560 2347 corrigi
578 2271 671 2325 vellet
688 2271 893 2338 exanimantur,
920 2290 975 2342 qua
993 2272 1088 2324 torma
1108 2289 1158 2323 και
1215 2269 1264 2336 'ra
1282 2268 1366 2324 cice-

205 2358 310 2398 ronem
329 2345 380 2396 vix
397 2360 525 2413 anquam
544 2360 629 2396 asam
649 2359 711 2396 esse
729 2342 913 2398 crediderim.
944 2343 998 2395 Est
1015 2350 1115 2395 autem
1133 2357 1177 2393 mo
1190 2340 1315 2395 lissims’s
1332 2341 1364 2394 ia

205 2416 336 2484 quinque
357 2412 443 2467 Codd.
464 2413 535 2466 On.
556 2413 653 2467 Guell'.
674 2414 747 2489 Aug.
768 2412 808 2465 lle
831 2455 838 2467 .
862 2412 949 2465 Vind.
969 2417 995 2467 1.
1024 2415 1068 2474 (in
1084 2430 1148 2464 mar
1170 2410 1190 2476 .)
1209 2409 1366 2477 Berm-(in

204 2486 311 2568 marg.)
336 2487 411 2538 ltlon.
435 2489 459 2539 1.
478 2487 505 2540 2·
530 2484 603 2538 Edd.
632 2486 661 2536 P.
681 2485 716 2537 Δ.
744 2483 775 2535 Β.
818 2521 825 2535 .
851 2483 886 2535 Ε.
913 2483 945 2536 G.
971 2484 1058 2535 1111.
1078 2484 1113 2535 11.
1143 2431 1310 2536 deiskisnis
1335 2489 1366 2537 et

205 2555 341 2607 omnibus
366 2554 475 2606 nostris
500 2562 566 2607 ants
594 2555 680 2608 Grut.
705 2555 833 2623 itemque
857 2555 890 2606 iu
914 2553 1048 2606 omnibus
1072 2562 1140 2623 post
1157 2553 1363 2608 FAWolliam.

204 2623 287 2677 Unus
307 2622 384 2675 Gud.
403 2622 489 2676 habet
508 2623 686 2676 mestissimis
705 2623 938 2687 (maestissimis),
960 2623 1037 2694 quod
1054 2640 1113 2676 non
1132 2623 1290 2678 absurdum
1308 2630 1366 2690 est,

205 2692 255 2746 sed
283 2693 446 2746 correctori
479 2694 598 2746 videtur
627 2694 734 2747 deberi.
784 2693 893 2746 Contra
917 2693 1036 2747 Ernesti
1059 2694 1257 2746 coniecturam
1282 2702 1366 2748 recta

203 2770 305 2816 monet
327 2762 458 2815 Nissen:
496 2765 698 2829 Effeminamur
730 2771 811 2817 recta
834 2766 999 2834 oppositum
1026 2772 1070 2818 ast
1096 2764 1195 2818 robori
1220 2765 1367 2817 animine

203 2832 411 2905 magnitudini.
458 2831 562 2886 Servat
593 2843 689 2887 autem
725 2834 942 2899 oculatissimis,
982 2836 1149 2903 vertitque:
1187 2834 1367 2904 quilends

203 2901 506 2975 Vorstellaugen
525 2911 748 2957 eutmannen
767 2903 983 2969 (cutehren)
1003 2922 1074 2969 uus.
1095 2904 1366 2979 Egocertclectio·

202 2989 278 3025 nam
297 2972 517 3037 molestissimis,
540 2991 626 3044 qtsam
643 2973 730 3027 habet
755 2975 969 3027 vetustissimus
989 2973 1064 3027 Gud.
1087 2978 1122 3040 1.,
1147 2990 1207 3028 ιιοιι
1224 2990 1288 3026 cum
1308 2989 1364 3026 na-

202 3042 324 3096 vissimo
346 3044 457 3100 editore
480 3043 567 3116 plius
586 3046 716 3115 ineptam
736 3045 870 3099 dixerim.
907 3044 943 3097 lu
968 3044 1036 3099 Cod.
1056 3046 1130 3120 Aug.
1158 3043 1364 3114 scriptumest

203 3114 431 3181 cogitationibus
459 3116 578 3186 quidem.
615 3118 675 3171 Mr.

277 3210 320 3270 aet,
339 3205 367 3258 si
384 3211 447 3258 ante
464 3220 540 3258 mors
558 3203 709 3271 adventet]
727 3203 795 3256 Cod.
814 3202 924 3260 Gadi.
944 3202 1015 3257 etsi
1032 3221 1108 3256 mors
1125 3211 1190 3258 ante
1207 3203 1269 3258 ado.
1290 3201 1363 3259 (iod.

203 3272 288 3326 Vind.
311 3280 336 3331 1.
357 3276 688 3339 etunus01.eoenial,
715 3273 790 3326 alius
815 3290 880 3327 cum
908 3275 961 3330 Ed:
982 3276 1016 3326 ll.
1036 3276 1176 3341 adveniat,
1206 3274 1280 3329 Gad.
1301 3291 1365 3328 eoe-

202 3344 273 3396 niet.
297 3345 398 3402 Daisb.
430 3347 558 3399 adventet
590 3353 657 3415 post
688 3344 825 3396 consecuti
842 3345 933 3398 simm
955 3347 1098 3399 reiectum
1117 3345 1212 3400 habet.
1248 3345 1365 3400 Adsen-

203 3416 286 3469 tcndi
302 3416 422 3473 verbum
442 3433 524 3485 saepe
540 3415 673 3469 derebus
687 3414 824 3489 gravibus
838 3432 871 3468 ac
888 3415 1020 3470 molestis
1038 3418 1159 3486 ponitur
1176 3435 1193 3469 a
1203 3415 1363 3471 Cicerones

202 3484 239 3537 de
258 3485 324 3538 San.
344 3487 366 3538 1.
387 3489 421 3539 d:
454 3500 525 3538 onas
544 3511 576 3521 —
595 3485 835 3538 aduentantis
856 3488 1022 3551 senectutis3
1052 3486 1087 3540 de
1113 3485 1160 3541 Or.
1180 3487 1203 3538 1.
1224 3489 1267 3543 45.
1288 3489 1361 3543 tos:

201 3569 265 3673 cuni
290 3571 347 3676 mis
360 3554 437 3608 viris
469 3554 560 3623 (quod
581 3554 642 3621 [ere
667 3555 727 3608 iam
752 3562 860 3625 tenipus
889 3557 1080 3622 adventat>
1112 3557 1228 3621 deficere
1251 3557 1364 3625 coepis-

201 3640 271 3677 sen.
344 3641 370 3675 r.

275 3691 480 3746 Chaldaeorum
500 3695 662 3763 promissa]
699 3696 741 3752 De
760 3696 912 3751 Chaldaeis
935 3698 1103 3774 astrologis,
1128 3699 1180 3768 qni
1199 3705 1229 3752 et
1247 3697 1364 3754 mathc-

202 3764 304 3817 matici
322 3764 502 3831 dicebantur,
521 3781 580 3818 non
599 3775 739 3838 repetam,
758 3784 830 3837 quae
847 3769 932 3837 posui
950 3768 985 3821 ad
1004 3768 1063 3823 Cic.
1091 3769 1126 3822 de
1144 3767 1211 3821 Div.
1231 3771 1254 3822 l.
1276 3774 1300 3825 1.
1328 3787 1362 3840 p.

201 3837 281 3903 deq.
301 3834 324 3887 1.
344 3838 386 3890 41.
407 3853 435 3906 p.
456 3838 516 3892 tot.
538 3836 576 3887 11.
595 3840 638 3892 41.
658 3855 687 3907 p.
707 3841 770 3894 451.
790 3839 828 3891 11.
848 3842 891 3894 47.
918 3856 946 3910 p.
965 3840 1027 3894 470.
1053 3839 1089 3892 ed
1108 3839 1168 3895 Gis.
1187 3838 1223 3893 de
1241 3839 1312 3894 Fato
1332 3845 1359 3897 8.

200 3920 230 4023 ὃ.
249 3907 303 3960 ⁶92
321 3923 363 3973 sq.
380 3924 410 3976 p·
430 3911 491 3962 670.
512 3905 583 3959 Αι1ι1.
604 3908 743 3977 interprr.
763 3909 800 3962 ad
818 3909 889 3961 Hor.
909 3910 958 3970 Qd.
979 3909 1001 3960 l.
1023 3913 1068 3981 ll,
1084 3912 1109 3964 l.
1137 3918 1167 3964 et
1184 3911 1221 3963 ad
1238 3911 1360 3964 haeret.

229 4011 234 4024 .
256 3977 314 4031 tto.
335 3977 368 4027 in
390 3978 495 4046 primis
515 3977 644 4031 Gelliam
663 3979 735 4031 xlv.
757 3985 780 4034 1.
801 3980 871 4049 ibiq.
897 3981 1035 4050 iuterprr.
1053 3997 1084 4049 p.
1104 3983 1273 4037 631-641.
1301 3979 1360 4034 Ed.

202 4045 292 4100 Gran.
328 4045 472 4101 Promissa
497 4047 701 4102 Chaldaeorum
727 4050 864 4124 intellige
894 4050 929 4104 ds
960 4065 1062 4103 eorum
1095 4053 1358 4120 praedictionibus,

201 4112 280 4194 qaod
302 4116 459 4170 adsecuta
485 4119 562 4173 vitae
581 4121 700 4190 eiusque
718 4119 943 4174 diuturnitatem
969 4120 1084 4173 attinet.
1122 4121 1262 4192 Sequitur
1280 4137 1360 4176 asse·

201 4189 260 4237 cuts
288 4185 320 4238 in
345 4187 414 4240 Cod.
439 4188 524 4242 Vind.
545 4195 575 4257 13
606 4191 697 4243 secuti
719 4193 752 4244 in
777 4190 844 4244 cod.
871 4189 961 4243 Rshd.
989 4189 1083 4242 Simus
1108 4194 1186 4244 carri
1211 4192 1360 4246 ivolebat

201 4253 292 4308 Bouh.
320 4274 356 4310 ex
383 4257 449 4312 cod.
478 4258 547 4337 lieg.
594 4259 649 4315 Sed
675 4262 707 4312 in
732 4269 832 4314 nostra
857 4259 971 4313 Codicis
993 4259 1078 4336 liegii
1106 4262 1263 4317 collatione
1293 4263 1358 4317 eius

200 4323 337 4380 lectionis
362 4330 519 4406 vestigium
543 4339 663 4403 apparet
686 4332 819 4395 nullum‚·
850 4347 943 4399 nequa
978 4332 1066 4383 etiam
1092 4333 1154 4386 veri
1181 4343 1224 4387 est
1257 4333 1358 4385 sisuile

125 4426 128 4431 <
199 4399 477 4491 praestantissumam
496 4401 583 4457 illam
602 4399 655 4457 κατ’
676 4403 778 4472 ἐξοχὴν
795 4402 918 4478 Regiam
937 4417 1000 4456 eam
1017 4401 1133 4470 habere,
1153 4421 1230 4471 cum,
1257 4405 1309 4474 qai
1329 4404 1359 4456 ai
