2828 5070
505 317 637 381 mssa
658 317 686 398 1,
706 318 758 384 as.
937 290 1003 361 ·,
1150 319 1215 388 aaa

57 495 224 561 mortuos,
260 494 295 547 et
316 503 371 547 eos
394 493 531 546 servant
551 483 659 546 domi:
693 484 813 547 Perseo
841 485 942 546 etiam
968 504 1044 547 cera
1072 486 1215 548 circum-

58 574 139 632 litos
162 567 322 643 condunt,
358 577 397 627 ut
430 587 524 646 quam
554 570 695 627 maximo
722 575 939 647 permaneant
960 566 1120 630 diuturna
1141 587 1215 631 cor·

58 672 153 735 pora.
196 652 376 736 Magorum
399 670 469 710 mos
488 660 549 726 est,
572 669 640 712 non
662 650 800 711 humare
814 668 958 732 corpora
979 670 1128 738 suorum,
1150 653 1215 714 nisi

228 869 259 880 -
281 837 424 906 Aegyptia
442 838 526 890 tellus

114 914 125 924 ·
229 910 343 961 Claudi!
361 911 478 962 adorato
501 913 564 977 past
587 910 672 976 funus
693 909 799 965 stantia
818 924 887 963 saxo
1037 977 1039 980 Α

230 981 368 1048 Corpora,
388 987 415 1032 ee
434 995 452 1032 a
469 981 575 1033 mensis
592 996 761 1048 exsanguem
779 982 854 1036 haud
871 985 985 1048 separat
1002 979 1138 1033 umbram.
1208 990 1215 997 ·

62 1051 128 1104 llus
146 1053 307 1120 spectantia
325 1058 457 1104 veterum
477 1053 539 1104 loca
560 1055 783 1123 suppeditabunt
808 1051 863 1104 Th.
884 1051 1047 1105 Gatalserus
1075 1051 1112 1106 ad
1129 1053 1218 1106 Auto-
1264 1063 1266 1067 '

63 1125 129 1175 nini
155 1123 203 1186 lv,
229 1125 272 1178 48.
302 1130 344 1175 et=
360 1124 426 1197 Aeg.
455 1125 603 1200 Meuagius
630 1125 665 1178 ad
690 1125 801 1178 Laertii
829 1125 877 1190 lX,
902 1126 945 1180 84.
983 1125 1056 1178 Vide
1079 1131 1108 1177 et
1133 1118 1216 1177 duan.

63 1193 294 1248 llirchmannum
314 1192 347 1247 de
366 1194 472 1245 Funer.
492 1194 543 1250 lib.
564 1194 593 1245 l,
607 1213 668 1264 cap.
688 1197 769 1251 Vlll.
788 1214 854 1271 pag.
874 1197 920 1259 66,
940 1211 1017 1264 seqq.
1053 1195 1091 1248 D.

139 1265 281 1317 Conuiuae
307 1265 447 1334 Aegyptii
471 1266 614 1332 mortuos]
652 1267 732 1320 Unus
752 1268 803 1322 Ox.
831 1266 959 1319 condunt.
997 1266 1040 1318 Ad
1058 1283 1121 1318 rem
1140 1266 1218 1321 consa
1261 1284 1264 1289 ·

65 1344 183 1406 praeter
211 1352 268 1399 eos,
301 1353 371 1406 quos
399 1337 528 1390 laudavit
555 1336 637 1404 Dav,
672 1337 870 1391 Alexandrum
898 1337 931 1389 ab
950 1336 1115 1390 Alexandro
1138 1336 1218 1389 Dier.
1265 1362 1268 1367 ·

66 1408 235 1460 Genialium
256 1408 307 1459 lll.
329 1411 354 1459 2.
376 1424 442 1459 cum
461 1407 621 1462 comment.
647 1409 679 1460 A.
700 1406 866 1478 Tiraquelli
888 1425 916 1477 p.
937 1411 1095 1463 271-278.
1116 1407 1219 1483 (laugd.
1262 1412 1265 1471 j
1293 1411 1297 1418 “

67 1481 145 1534 1686.
165 1480 186 1529 f.
208 1479 295 1543 max.)
314 1478 371 1528 hil.
391 1478 442 1533 Gr.
464 1479 627 1547 Gyraldum
645 1480 677 1531 in
695 1480 770 1532 libro
788 1479 823 1532 de
842 1479 998 1548 Sepultura
1017 1495 1041 1531 c.
1063 1482 1104 1532 17.
1135 1479 1188 1547 (Op
1211 1512 1219 1530 .

67 1550 110 1602 ed.
131 1548 157 1601 J.
177 1549 281 1612 lensii,
300 1548 392 1632 bugd.
412 1549 473 1601 Bat.
495 1552 573 1606 1696.
593 1550 627 1605 Τ.
648 1551 670 1602 l.
689 1568 718 1620 p.
738 1551 899 1615 766-761.)
918 1550 950 1602 Α.
971 1550 1071 1622 Rivini
1086 1547 1165 1602 Dias.
1185 1494 1210 1602 d

66 1619 248 1672 Pollinctum
267 1621 306 1683 (l.
328 1620 406 1688 laps.
428 1621 517 1685 1655.)
544 1639 572 1691 p.
594 1624 642 1676 ll:
671 1621 703 1673 in
725 1622 831 1689 primis
854 1629 950 1673 autem
977 1620 1116 1674 Creuzeri
1136 1621 1222 1674 Com·

66 1698 201 1744 mentatt.
221 1690 398 1743 Herodoteas
417 1692 438 1743 l.
459 1709 487 1762 p.
506 1694 560 1747 360
578 1708 642 1762 sqq.
672 1700 702 1745 et
720 1692 791 1745 adde
807 1690 925 1744 Baehrii
947 1691 1128 1743 Herodotum
1145 1690 1221 1744 locis

67 1779 84 1813 a
102 1760 171 1815 Dav.
197 1761 322 1813 laudatis
349 1779 376 1831 p.
398 1764 450 1816 669
469 1779 530 1832 sqq.
556 1763 605 1814 ubi
631 1762 761 1832 plurima
786 1760 871 1816 habea
901 1778 937 1813 ex
964 1762 1026 1813 illis
1045 1760 1219 1814 Commentt.

68 1840 212 1901 excerpta.
236 1860 268 1870 -
305 1831 481 1901 scripsimus
501 1842 607 1896 autem,
635 1850 702 1885 cum
726 1834 797 1886 Dar.
818 1833 865 1886 Or.
885 1831 971 1894 Thn,
997 1837 1111 1884 seruant
1136 1830 1222 1901 dama}

67 1920 123 1973 pro
147 1904 267 1974 vulgato
295 1904 398 1956 ordina
426 1904 501 1956 domi
524 1910 646 1967 servam,
678 1920 714 1957 ex
738 1903 827 1959 Codd.
853 1903 922 1978 Reg.
952 1902 1026 1956 Gud.
1048 1907 1073 1958 l.
1092 1903 1119 1955 2.
1144 1902 1189 1955 An
1212 1904 1219 1953 “.

70 1974 157 2026 Marb.
179 1973 270 2029 Rehd.
290 1975 363 2026 Gud.
378 1974 475 2027 Duisb.
497 1978 571 2027 lllon.
584 1980 606 2029 l.
620 1977 645 2030 2.
665 1974 749 2027 Vind.
763 1980 788 2029 1.
808 1983 837 2028 et
855 1974 988 2027 omnibus
1007 1973 1141 2027 Bentleii.
1215 2010 1222 2025 .

141 2045 245 2097 Persae
270 2045 354 2096 etiam
372 2043 436 2098 cera
455 2044 628 2098 circumlitos
646 2046 778 2112 condunt]
814 2045 975 2111 „Gonduut,
1003 2060 1062 2097 non
1080 2044 1222 2113 mutans,

70 2114 225 2189 legendum
245 2133 315 2176 esse,
343 2116 434 2168 Verba
453 2116 593 2170 Herodoti
612 2117 662 2168 lib.
687 2122 709 2169 l.
738 2118 772 2169 de
790 2116 847 2169 hoa
865 2117 1016 2170 Persarum
1034 2132 1115 2168 more
1135 2133 1167 2168 ar
1209 2128 1223 2158 '-

69 2197 132 2239 unt.
170 2185 218 2238 Sic
238 2186 315 2239 enim
335 2187 403 2240 ille.-
427 2194 663 2258 κατακηρώσαντες
681 2187 715 2253 δὴ
736 2184 777 2239 alu
794 2189 843 2238 rou
862 2187 943 2240 νέκυν
960 2187 1065 2256 Πέρσαι
1082 2188 1118 2253 γῇ
1136 2203 1221 2254 κρυπ-

69 2258 194 2311 τουσιν.“’
213 2258 258 2309 Fr.
280 2259 432 2310 Fabricius.
470 2260 533 2324 „lta
553 2257 717 2321 Lambinus,
745 2260 792 2310 cui
812 2258 923 2311 accedit
941 2258 1087 2309 Victorius
1105 2255 1168 2307 Lib.
1188 2254 1223 2309 X·

70 2345 97 2380 c.
117 2334 141 2384 6.
161 2336 194 2380 ut
214 2337 242 2380 et
260 2330 403 2380 Manutius
421 2347 518 2397 nepos.
552 2328 601 2383 Sic
619 2328 743 2397 denique
755 2328 824 2381 Pall.
845 2336 911 2381 tert.
934 2334 1026 2398 quart.
1048 2327 1139 2395 quint.
1154 2325 1223 2379 Faba

69 2400 145 2453 Pith.
185 2399 258 2466 Quid
277 2401 397 2451 multis?
424 2410 490 2451 nota
511 2408 578 2452 sunt
597 2400 758 2452 sareditaria
777 2417 879 2474 regum
898 2396 1056 2474 Aegypti-⁴⁴
1085 2395 1223 2451 Gebhard·

70 2472 179 2524 Locum
204 2471 345 2523 Herodoti
372 2473 533 2523 accuratius
561 2470 659 2523 laudat
683 2469 753 2522 Dav.
784 2472 814 2521 in
841 2487 906 2521 ann.
935 2486 1004 2538 seq,
1036 2464 1072 2519 ad
1090 2484 1176 2537 quem
1192 2475 1224 2524 ν’.

70 2541 172 2594 Baehr.
193 2540 226 2592 T.
247 2542 268 2593 1.
289 2560 317 2611 p.
338 2544 391 2596 325
411 2560 450 2611 sq.
471 2541 541 2596 Add.
561 2540 699 2593 Bocharti
718 2541 880 2594 llierozoic.
900 2539 937 2595 ll.
957 2557 985 2609 p.
1006 2541 1059 2595 530
1078 2554 1119 2608 sq.
1140 2537 1225 2591 Boet-

71 2617 162 2686 tiger:
189 2612 550 2685 Kunstmythologie
569 2612 590 2663 l.
616 2628 645 2681 p.
665 2614 708 2666 35.
745 2611 853 2664 Laudat
882 2620 1032 2680 praeterea
1055 2609 1102 2661 Or.
1129 2609 1225 2664 Rostii

70 2686 162 2738 Plaut.
182 2684 290 2753 Cuped.
310 2685 391 2736 Fero.
414 2687 454 2738 14.
474 2702 503 2754 p.
523 2686 568 2738 21.
589 2710 622 2720 -·
658 2685 713 2735 Pro
730 2681 835 2736 Persae
853 2699 927 2733 unus
946 2682 995 2735 Ox.
1014 2697 1067 2749 per
1085 2696 1128 2734 se:
1147 2681 1223 2735 alius

72 2772 138 2808 cera
156 2755 354 2806 circumdatos.
376 2755 448 2806 Gud.
469 2755 581 2807 ornittit
599 2751 695 2806 etiam.
717 2754 793 2806 Gud.
813 2757 839 2808 2.
864 2751 949 2805 habet
968 2753 1087 2805 condunt
1104 2752 1225 2805 circum·

71 2829 148 2880 litas.
175 2826 264 2879 Rehd.
293 2826 469 2878 circumlitos
492 2842 566 2879 cera.
604 2826 658 2877 Pro
687 2825 806 2877 condurat
832 2831 877 2878 ast
903 2824 1035 2877 condiunt
1059 2825 1091 2876 in
1115 2820 1224 2877 duobus

73 2898 142 2949 Oxx.
168 2898 257 2950 llehd.
285 2898 327 2949 Au
353 2937 358 2946 .
385 2900 459 2950 lllon.
482 2900 549 2953 l.2
580 2895 653 2948 Edd.
679 2895 811 2948 omnibus
837 2901 909 2950 vett.
938 2913 1007 2965 quas
1035 2893 1226 2947 contuleruut

72 2968 169 3022 Reisk.
199 2978 227 3021 et
254 2969 299 3022 Or.
327 2917 469 3038 {exceptis
496 2972 532 3021 Μ.
557 2968 590 3021 1.
616 2984 710 3044 marg.
732 2966 826 3035 crat.)
855 2968 975 3031 nostris,
1003 2966 1131 3036 exceptis
1158 2964 1224 3018 Car.

72 3039 173 3108 Steph.
192 3039 277 3092 Laod.
298 3042 345 3093 Fr.
366 3040 447 3093 Febr.
485 3041 545 3093 Mr.

144 3115 175 3159 ut
194 3128 274 3177 quam
295 3113 413 3163 mraxime
431 3115 609 3178 pennescant
630 3109 768 3162 diuturna
787 3107 916 3177 corpora]
943 3108 972 3159 P.
981 3107 1130 3160 Victorius
1139 3107 1224 3159 Varrs

73 3183 167 3233 Lectt.
187 3181 219 3228 ll.
240 3183 265 3234 6.
286 3183 320 3232 ad
337 3182 368 3236 h.
388 3182 409 3233 l.
447 3182 548 3248 „Quod
573 3200 587 3234 a
611 3182 648 3232 ud
672 3180 855 3245 Ciceronem,
883 3180 932 3244 ait,
960 3196 1041 3230 causa
1069 3178 1156 3228 allata
1183 3181 1227 3229 est

73 3252 161 3302 huius
181 3252 284 3310 moris,
313 3251 342 3300 id
362 3252 414 3303 ille
442 3253 545 3304 desua
568 3198 692 3304 addiditz
721 3268 815 3322 neque
840 3251 918 3304 enim
942 3251 1069 3302 Graecus
1096 3248 1228 3317 scriptor

74 3339 140 3374 euin
161 3320 370 3389 interpretatus
396 3328 446 3373 est.
484 3322 588 3374 Caram
612 3331 707 3375 autem
731 3322 788 3376 hoc
806 3337 900 3391 posse,
928 3321 982 3372 etsi
1009 3319 1095 3372 aliter
1132 3330 1227 3387 unque

73 3392 274 3516 roseum
290 3336 1229 3529 mo³2.stultssimusazarie

87 3486 97 3516 l
148 3502 153 3512 .

74 3540 282 3595 reverteretur,
309 3481 454 3604 nequerel)
473 3535 548 3599 loco,
575 3551 632 3605 quo
658 3538 741 3590 navis
768 3500 931 3605 appulerat:
958 3533 1018 3585 mel
1036 3477 1228 3602 repes-idda,

73 3622 129 3675 pro
152 3606 233 3657 melle
257 3606 304 3657 illi
328 3622 393 3658 cera
416 3607 462 3657 usi
482 3613 557 3659 sunt.
597 3606 766 3658 Institutum
792 3614 888 3661 autem
907 3612 970 3657 erat
988 3601 1230 3658 Lacedaemonio·

74 3694 151 3737 rum,
179 3693 300 3746 corpora
319 3693 435 3730 suorum
455 3694 558 3754 regum
578 3685 659 3730 extra
690 3678 792 3731 urbem
817 3678 1022 3730 defunctorum
1054 3673 1092 3727 in'
1102 3674 1229 3744 patriam

74 3748 797 3873 ltttltti.²tt“t.³.¹'.³..¹.3²el’..³.tlttl⁰⁰tlt‘tz
815 3743 1246 3872 oli⁰⁶ul5i¹¹⁰l¹⁸⁰aii⁰⁶³⁶¹⁸'

146 3887 300 3954 Magorum
320 3906 379 3941 asos
397 3889 449 3954 eat]
485 3888 548 3941 Duo
568 3889 637 3942 Oxx.
657 3889 745 3943 Rehd.
766 3891 840 3966 Aug.
861 3889 958 3941 Guelf.
978 3887 1139 3954 Medorum,
1157 3898 1231 3938 unu

75 3958 126 4011 01.
145 3960 360 4023 magistrorum,
379 3960 451 4013 alius
470 3960 616 4015 maiarum.
637 3960 721 4013 Vind.
745 3967 768 4017 l.
789 3969 914 4013 estmoe.
949 3959 1030 4010 Unus
1049 3957 1100 4011 01.
1120 3955 1233 4009 omittit

73 4045 142 4081 mos.
164 4033 229 4081 Mox
249 4030 316 4082 Cod.
338 4031 413 4083 Gud.
439 4032 550 4084 laniata
569 4033 627 4084 siut
645 4037 717 4087 ante.
755 4033 810 4085 Pro
829 4037 901 4095 ante,
927 4029 1004 4100 quod
1029 4037 1073 4082 est
1091 4028 1123 4080 iu
1141 4025 1230 4081 codd.

75 4101 218 4167 omnibus,
237 4102 347 4154 multae
366 4102 438 4153 Edd.
459 4112 528 4156 vett.
548 4102 658 4155 habent
677 4109 768 4169 aurea,
786 4102 928 4158 videlicet
945 4103 979 4158 Α.
998 4099 1029 4157 B.
1050 4097 1078 4154 Sa
1097 4099 1133 4152 Ε.
1149 4099 1181 4154 C.
1195 4097 1229 4154 V.

75 4172 111 4222 M.
132 4172 164 4224 L.
186 4181 215 4225 et
234 4180 349 4225 nostrae
369 4188 467 4226 omnes
488 4181 554 4226 ante
574 4174 658 4226 Grut.
697 4175 756 4227 Mr.

146 4244 299 4309 Magorum
319 4261 379 4297 maa
398 4251 450 4310 est,
470 4260 525 4296 aaa
543 4241 670 4310 humare]
696 4245 759 4297 llaa
776 4244 812 4299 de
829 4245 963 4298 amnibus
977 4245 1071 4298 Persis
1091 4243 1234 4311 scripsere

75 4315 222 4366 nonnulli.
262 4315 462 4369 Theodoretus
489 4315 614 4386 Therap.
644 4315 691 4367 IX.
720 4334 785 4390 pag.
816 4319 875 4372 128.
919 4314 1023 4386 Maece
1047 4342 1080 4353 -
1104 4315 1167 4365 κυσὶ
1190 4311 1235 4362 10⁸²

76 4384 187 4444 οἰωνοῖς
206 4386 266 4447 τοὺς
285 4388 397 4458 νεκροὺς
416 4387 576 4455 προτιθέναι
594 4384 658 4455 παρ’
680 4385 782 4442 ἐκείνου
795 4385 949 4458 (Zapaidau)
966 4385 1163 4456 μεμαθηκότες,
1182 4376 1255 4432 ⁹¹3⁹·-

75 4459 158 4508 τοῦτο
184 4455 256 4527 δρᾷν
282 4459 312 4510 al
338 4464 508 4520 πιστεύοντες
531 4456 580 4512 οὐκ
607 4456 765 4529 ἀνέχονται.
803 4458 853 4514 sio
869 4461 968 4515 limes
991 4453 1154 4526 συλληφθεὶς
1179 4449 1234 4506 ὑπὸ

103 4594 182 4636 sicera
198 4594 263 4638 Tusa.
277 4595 346 4651 Disp.
361 4597 396 4638 ed.
411 4597 497 4643 Maur.
515 4596 540 4643 Τ.
555 4597 575 4640 1.
964 4564 1007 4628 2⁴
