2828 5070
195 344 258 410 810
403 340 634 412 CICERONIS
653 334 899 410 WSOUIJAN.
924 343 1180 411 DISPUTAT.

195 507 466 572 lacedaemoniis
505 510 733 593 relinquebat,
780 525 883 594 qnam
918 520 1107 594 occeperat
1156 515 1371 595 soniam

196 590 288 655 llaec
307 602 386 655 sunt
405 593 538 671 solatia,
565 592 647 657 haec
667 596 814 655 minente
834 610 1042 656 summorum
1066 593 1262 664 dolorum.

132 699 174 762 25
275 674 386 754 Dices,
409 675 491 758 qnid
506 678 540 737 ln
558 673 660 758 pacet
682 672 763 758 qnid
784 674 892 737 domii
914 676 1225 758 quidinlectnlol
1248 679 1371 765 septe

131 782 175 839 ω,
195 756 348 840 losophos
370 776 423 820 me
444 777 593 837 revocas,
626 760 683 841 qni
706 760 742 819 in
765 754 869 843 eciem
891 778 958 821 non
979 761 1310 844 ssepsprodennt
1351 765 1370 825 l

195 841 313 923 quibus
334 839 435 904 homo
456 860 534 903 sane
555 842 649 917 levis,
680 840 893 903 Heracleotes
914 842 1120 922 Dionysius,
1149 864 1266 929 quum
1285 848 1369 910 szc-

194 943 282 987 nono
309 925 408 987 fortis
444 944 514 986 esso
542 923 728 1002 didicisset,
768 943 788 985 o
818 923 935 986 dolore
966 923 1143 988 dedoctus
1183 939 1251 993 est.
1296 932 1368 994 Nan

200 1048 559 1059 ---—--—---—-—-—-·.
566 1052 595 1057 ...
604 1053 607 1056 .

266 1110 291 1145 c.
311 1096 355 1149 25.
382 1092 455 1149 Ouid
472 1091 585 1159 demit]
621 1093 702 1146 Unus
721 1091 770 1148 Ox.
791 1090 861 1163 quid
878 1090 995 1145 domat
1033 1092 1203 1150 Omittunt
1222 1106 1366 1168 utramque

195 1181 294 1217 vocem
313 1164 384 1216 Edd.
405 1163 438 1216 Α.
457 1165 488 1215 Β.
508 1164 579 1217 Ven.
599 1173 687 1217 nostr.
713 1164 794 1216 Unus
813 1164 863 1217 Ox.
887 1163 973 1215 habet
995 1162 1027 1213 A
1041 1162 1262 1237 philosoplis.
1299 1171 1365 1223 Unus

196 1235 245 1289 01.
276 1234 306 1287 ἐκ
333 1234 414 1288 acie
439 1235 542 1288 omisso
566 1251 629 1288 aon.
668 1234 779 1286 Habent
803 1235 891 1288 etiem
918 1233 980 1291 scie
1002 1234 1079 1287 Edd.
1113 1239 1196 1291 Ven.
1227 1248 1321 1294 nostr.
1343 1249 1367 1291 et

195 1307 276 1360 lunt.
314 1307 421 1359 Eadem
446 1306 633 1359 translatione
657 1305 691 1358 de
717 1305 909 1376 disputatione
935 1305 1033 1358 utitor
1059 1305 1179 1363 Cicero
1207 1311 1243 1364 in
1267 1313 1314 1366 Or.
1332 1314 1366 1373 tt

195 1379 247 1435 tte
283 1394 332 1431 noe
359 1385 450 1431 uates
476 1379 535 1431 lem
558 1378 589 1430 iu
613 1375 702 1431 aciem
724 1377 931 1431 descendemus.
957 1375 1024 1429 (lod.
1053 1378 1158 1433 uena
1180 1381 1275 1437 habet
1297 1383 1365 1436 rel·

196 1456 268 1503 east
305 1450 366 1506 Me.

266 1521 445 1574 Heracleotes
463 1518 631 1590 Dionysias]
667 1520 748 1572 Unus
767 1521 816 1574 Ox.
842 1520 914 1573 Gud.
935 1521 960 1574 2.
989 1519 1189 1588 eracleontes,
1216 1523 1278 1578 duo
1304 1523 1364 1579 0¹¹.

195 1591 408 1656 llerocleoates,
438 1592 521 1643 Vind.
542 1595 568 1647 2.
594 1592 803 1645 llerccleuatec.
841 1590 1024 1643 Heracleotes
1050 1591 1186 1660 dicitnr,
1263 1596 1270 1609 “
1314 1596 1364 1648 eius
1402 1604 1404 1673 t

196 1661 323 1716 civitatis
342 1663 400 1714 fnit
418 1663 533 1715 munice
555 1680 580 1714 s:
607 1662 631 1714 is
655 1680 744 1732 quum
763 1664 841 1714 inter
865 1662 1018 1714 nobiliores
1043 1663 1185 1716 zenonis
1216 1613 1364 1737 ῗυΐὶμίω
1402 1688 1404 1745 p

194 1733 354 1787 celebratus
381 1743 463 1799 esset,
491 1752 505 1787 a
545 1735 628 1786 toicis
654 1742 751 1786 temen
768 1733 803 1786 ad
830 1732 1003 1803 Cyrenaicos
1027 1732 1173 1787 descivit.
1205 1737 1286 1791 Gnd.
1307 1742 1363 1793 l.a

194 1822 239 1877 pr.
258 1824 296 1858 m.
315 1805 400 1859 habet
418 1804 530 1869 Zeno,
550 1822 635 1874 supra
654 1805 706 1856 lin.
732 1820 773 1857 ae.
812 1805 871 1857 Mr.

267 1878 400 1932 cdolore
418 1878 587 1931 deductus
607 1876 659 1942 est]
695 1874 893 1941 „Siclsebent
911 1872 1126 1940 ornnesmss„
1157 1893 1236 1947 qnos
1255 1879 1363 1950 quiden

192 1949 328 2004 viderim.
365 1949 546 2001 Deductus
565 1953 604 2000 est
622 1956 727 2011 autem,
752 1946 937 2030 subintellige
963 1947 998 1998 de
1016 1947 1170 2000 sententia
1198 1967 1255 2004 sen
1279 1952 1361 2015 dete,

196 2022 269 2090 quod
288 2019 436 2073 didicerat.
476 2019 647 2071 Devictus
669 2025 720 2081 cet,
747 2016 822 2086 quod
841 2026 882 2070 est
902 2035 933 2069 sn
970 2017 1101 2086 les-isque
1134 2020 1286 2096 vulgatis,
1307 2040 1363 2091 sup»

195 2093 332 2160 positum,
351 2090 472 2158 ideoque
491 2088 716 2141 reiiciendum.“
734 2086 898 2142 Lambinus.
936 2035 1137 2142 deductus
1157 2098 1213 2156 eet,
1240 2103 1276 2147 ut
1300 2093 1363 2165 legir

196 2170 246 2214 tur
263 2161 294 2212 in
313 2160 441 2232 Gryphii
459 2160 534 2214 libro
553 2160 631 2213 etin
649 2159 725 2212 Vict.
745 2160 798 2211 Ed.
819 2168 898 2212 certa
917 2160 1028 2211 ratione
1055 2159 1186 2213 adducti
1216 2164 1361 2216 edidimus

195 2233 238 2287 lta
266 2232 343 2285 enim
369 2240 397 2285 et
421 2232 519 2302 paullo
542 2239 618 2301 post:
650 2247 737 2298 wear,
765 2231 871 2300 inquit,
897 2227 1132 2284 cameleontes
1152 2234 1363 2304 condiscipulas

195 2310 324 2372 rogaret,
353 2319 488 2375 psoeaam
507 2304 583 2356 sotio
611 2316 672 2354 eam
690 2304 725 2355 de
743 2302 880 2355 sententio
898 2300 1108 2356 deduxisset
1131 2312 1193 2356 etc.
1236 2307 1362 2360 Devictus

195 2376 247 2430 alii
273 2376 389 2441 habent,
420 2393 505 2445 quam
531 2374 686 2427 lectionem
713 2391 771 2425 non
805 2372 965 2443 improbo.“
988 2371 1106 2424 Brutus.
1162 2377 1312 2432 Lasnbino
1338 2385 1361 2430 et

193 2442 284 2501 Bruto
303 2448 420 2501 assentit
440 2448 528 2501 etism
546 2445 684 2509 wolfius,
703 2445 753 2515 qui
772 2451 868 2496 tamen
888 2452 917 2497 et
936 2444 996 2512 ipsc
1015 2459 1107 2565 prope
1129 2445 1232 2501 abfuit
1252 2468 1270 2502 a
1286 2451 1361 2502 Bent-

195 2519 248 2573 leii
267 2519 475 2582 emendatione,
495 2517 526 2568 in
546 2516 753 2569 commentario
772 2514 812 2567 ita
830 2515 969 2567 scribens:
998 2514 1065 2578 „Dc'
1085 2525 1186 2569 senat
1207 2520 1266 2574 ille
1284 2520 1361 2575 verb·

196 2591 288 2643 instar
305 2589 433 2659 psittaci,
452 2606 514 2641 rem
534 2587 623 2658 ipsam
641 2604 699 2639 non
718 2595 866 2656 expertus:
893 2586 974 2638 cuius
993 2584 1109 2638 scilicet
1138 2590 1281 2646 doctrina
1305 2610 1362 2666 grs-

195 2661 262 2715 vior
278 2662 345 2726 luit,
373 2677 460 2728 quarn
478 2660 612 2720 Zenonis,
631 2677 646 2710 a
665 2674 721 2726 quo
741 2658 936 2731 degeneraret.
958 2684 990 2693 -
1011 2655 1160 2710 Candidus
1180 2680 1258 2734 ergo
1278 2673 1308 2716 et
1325 2663 1363 2713 in·

195 2749 305 2809 genuus
323 2731 424 2803 tnagis,
443 2747 529 2798 quam
548 2731 633 2783 levis.-
652 2728 713 2799 qui,
732 2728 809 2799 quod
826 2729 923 2794 sensit,
943 2727 1072 2779 elocutus
1091 2731 1176 2780 est.“
1216 2734 1281 2787 mr,

265 2806 293 2855 A
319 2801 417 2855 dolore
443 2800 577 2854 dedoctus
604 2799 655 2867 sot]
692 2799 742 2854 Sic
773 2799 882 2870 optime
909 2798 1177 2870 praesumissimus
1206 2805 1361 2859 Bentleius

195 2873 289 2948 Vulgo
308 2873 448 2926 deductus.
484 2872 520 2925 D.

267 2960 286 2998 o
304 2944 402 2997 dolore
421 2944 599 2997 dedoctus
617 2941 670 3007 est]
707 2943 840 2996 Probavit
858 2941 984 2995 Bentleii
1009 2940 1253 3000 emendationem
1282 2966 1300 3001 a
1316 2947 1362 3000 lte

194 3016 270 3072 vitio
289 3025 434 3087 receptam
453 3017 564 3087 primus
582 3014 762 3077 Bouhierius,
790 3022 853 3066 tum
870 3014 1082 3078 Lallmnonnns,
1111 3015 1169 3082 qui
1196 3035 1264 3071 eam
1289 3037 1362 3072 reee-

218 3089 250 3141 it.
287 3087 421 3141 Probavit
439 3087 520 3151 item,
541 3103 711 3156 quamquam
731 3102 788 3137 non
807 3085 927 3156 recepit,
946 3085 1102 3135 Ernestus:
1130 3086 1257 3154 placuit
1281 3093 1361 3143 etiam

221 3159 387 3212 alckenario
406 3158 442 3210 al
458 3157 635 3211 Herodotum
653 3157 731 3209 vul.
750 3158 794 3211 63.
822 3176 849 3227 p.
872 3158 931 3211 1³4.
960 3154 1002 3208 ed.
1029 3153 1175 3229 Sohwgh.
1204 3159 1240 3212 Τ.
1263 3161 1313 3215 vl.
1339 3163 1360 3215 2

196 3232 378 3302 lleoeperunt
396 3230 556 3299 Bipontini‚
581 3228 738 3292 sewun,
767 3227 818 3296 qni
842 3244 905 3280 eam
920 3226 1046 3279 Bentleii
1073 3229 1318 3285 emendationem
1336 3233 1362 3282 in

197 3303 315 3427 ‘'Ptipnssis
332 3301 418 3425 lippe
436 3301 495 3353 viri
514 3298 742 3424 ostorppptionilrus
757 3299 866 3421 posuit,
887 3306 916 3351 et
934 3315 1012 3424 Ἢ.
1033 3299 1252 3420 εἷοςρῒίεΕάἀ.
1276 3304 1360 3386 Nobis.

298 3391 323 3424 n.
451 3389 466 3423 a
542 3388 558 3422 c
581 3388 677 3423 usius
701 3388 732 3421 sn
800 3386 876 3422 usco.
922 3407 928 3420 .
1011 3387 1017 3420 ε
1076 3386 1192 3423 russum

195 3383 374 3500 {innatatem
393 3389 497 3505 heliel?
529 3458 580 3494 uae
600 3451 641 3494 est
660 3442 739 3494 inter
757 3388 956 3494 diittcissed'ac
976 3440 1103 3492 dedoctus
1122 3448 1167 3493 eet
1177 3460 1188 3506 ;
1209 3383 1361 3500 ducimini

196 3516 296 3589 phrasi
315 3531 333 3567 o
352 3514 450 3567 dolore
469 3461 602 3565 deductus
620 3518 660 3566 est
677 3510 751 3564 amb‘
796 3512 847 3564 ‘tas
873 3520 915 3563 est
933 3510 1079 3580 quaedem,
1106 3511 1179 3581 quia
1205 3532 1277 3569 cnm
1301 3534 1360 3586 sup-

197 3585 336 3657 plendum
356 3585 394 3637 sit
413 3584 447 3637 de
464 3586 598 3636 sententia
624 3583 673 3635 vel
692 3529 884 3653 simiiglquid
909 3581 1122 3651 aliquantulum
1145 3581 1280 3641 haerere
1304 3596 1361 3660 pot-

198 3665 241 3711 est
259 3655 382 3719 auditor,
402 3654 470 3707 dum
489 3653 607 3718 dubitat,
628 3672 664 3706 an
682 3669 700 3705 a
719 3653 817 3707 dolore
836 3652 968 3707 deductus
994 3654 1034 3704 ita
1056 3652 1172 3705 dictum
1193 3658 1242 3724 sit,
1272 3668 1308 3712 ut
1324 3658 1361 3709 di·

197 3729 276 3784 citur
299 3727 405 3796 aliquis
430 3742 448 3778 c
472 3732 561 3779 mente
586 3732 611 3778 et
635 3723 755 3778 coneilio
782 3724 890 3778 deduci.
928 3723 1058 3806 Denique
1086 3741 1181 3794 quum
1202 3731 1307 3783 statim
1324 3747 1361 3782 se·

198 3809 303 3872 quatur
329 3815 462 3869 quaenam
493 3797 570 3851 ratio
597 3813 657 3850 eum
687 3796 722 3850 de
746 3796 881 3849 sententia
911 3794 1085 3859 deduxssset,
1117 3794 1285 3868 Cicerone,
1314 3800 1360 3870 qui

196 3873 309 3926 variare
328 3871 415 3923 verba
432 3867 636 3923 studiosissime
655 3867 736 3932 solet,
759 3867 853 3920 multo
872 3866 985 3941 dignius
1010 3875 1061 3931 est,
1085 3866 1174 3936 paulo
1196 3881 1266 3925 ante
1287 3869 1361 3924 aliud

196 3942 318 3997 verbnm
336 3943 437 4014 poni.“
472 3942 535 4015 Ego
552 3956 622 3992 vero
641 3940 734 3991 fateor
751 3955 796 3991 me
815 3939 944 3990 intanto
963 3937 1105 3990 libiorum
1131 3954 1279 3995 consensu
1306 3959 1360 3995 ser·

197 4023 333 4067 naturum
356 4015 443 4068 fuisse
468 4014 609 4076 deductus,
636 4010 692 4062 nisi
717 4009 919 4074 existimarem,
944 4008 1091 4080 antiquam
1119 4026 1185 4063 eam
1215 4031 1277 4068 essa
1303 4031 1360 4066 eoru

198 4085 356 4140 rectionem
375 4085 512 4150 hominis,
532 4085 583 4152 qui
602 4090 733 4134 nostrum
751 4080 847 4134 locum
865 4080 998 4150 sequenti
1023 4079 1172 4147 (quaenam
1192 4085 1277 4139 sotio
1304 4100 1359 4138 esse

198 4178 232 4201 -’-
261 4154 434 4222 deduxisset)
466 4152 736 4208 accommodandum
766 4169 855 4222 eoque
880 4149 1015 4204 Ciceroni
1040 4149 1277 4210 subveniendum
1305 4173 1360 4210 esse

198 4229 375 4300 opinaretur.
414 4228 550 4281 Ceterum
573 4240 626 4310 pro
653 4225 786 4278 deductus
808 4224 863 4276 duo
888 4222 957 4275 Oxx.
984 4222 1090 4274 habent
1119 4222 1232 4280 dectus.
1261 4227 1360 4292 usna,

197 4301 349 4355 manifesta
367 4298 439 4350 item
458 4306 648 4362 correctione,
669 4296 771 4349 eoldus
789 4301 842 4359 est;
861 4294 944 4346 Vind.
964 4295 989 4350 2.
1010 4292 1149 4347 diductus.
1189 4299 1258 4355 Mr,

268 4371 342 4425 Nom
360 4386 442 4441 quum
464 4386 498 4422 ex
524 4368 636 4423 recidua
654 4365 820 4434 toleraret]
857 4364 982 4430 „Sermo
1008 4372 1051 4417 est
1077 4363 1111 4418 de
1123 4364 1281 4443 ,Dionysio
1300 4371 1360 4434 illo,

198 4458 286 4511 quem
317 4442 422 4498 Graeci
448 4441 633 4512 spelierunt
659 4436 875 4511 peceatum
900 4434 933 4507 [1.
948 4434 1183 4510 -ptcettassoeJ,
1223 4451 1361 4529 unquam

198 4513 387 4584 mamasac»,
405 4460 483 4587 qnod
499 4509 609 4568 Stoicos
626 4509 797 4566 deseruisset
814 4515 844 4563 et
860 4507 896 4562 sd
913 4504 1087 4579 Cyrenaicos
1103 4524 1134 4564 ee
1153 4514 1360 4570 transtulisset.
