2828 5070
565 264 715 373 'niem
736 305 781 384 11,
801 308 852 375 ee.
1001 346 1004 351 -
1239 309 1301 379 eei

147 491 339 536 conoessum
369 483 431 554 eet,
457 474 557 559 idque
591 494 690 538 rero:
731 475 873 538 eiulatus
913 492 956 538 ne
977 474 1126 548 ⁴mulieri
1157 473 1301 558 quidem.

146 557 189 618 Iit
208 557 263 618 hic
282 559 442 620 nimirum
471 568 522 621 eet
540 560 650 637 fletus,
677 578 775 642 quem
802 556 978 663 duodecim
997 558 1131 622 tebulee
1150 560 1186 620 iu
1207 561 1302 626 fune·

147 683 257 691 un—,m
278 686 283 692 .
293 687 407 693 .--—-.-
416 687 471 692 -.ψ
480 686 486 692 -
518 688 523 691 -
538 686 752 694 -——-.-.--.—--....-.
761 688 768 693 .
778 688 801 693 ---
857 684 1029 693 ..-m—-n-
1053 686 1302 696 .......m-—u---n-

145 744 298 814 respondet
315 744 371 799 hoc
389 745 568 798 servendum.
604 745 648 799 Ac
666 763 702 800 ne
722 748 787 818 quis
804 755 888 817 putet
906 747 1047 800 adiectum
1065 761 1134 799 raro
1158 745 1188 799 b.
1208 746 1229 799 l.
1248 746 1303 800 iri·

142 816 538 943 ii‘isi'iiiiii‘ffii‘ssi
553 817 1302 944 ”tttltt“tttb:tt;.ttss.m.itettt“tt⁹.¹3.⁰t

143 974 211 1010 cum
229 958 415 1027 ingemiscere
433 960 621 1035 iungendum.
651 906 799 1013 Nirlrirum
817 978 1022 1031 nonnunquam
1040 925 1209 1013 conceditui
1225 961 1301 1027 viro,

143 1037 177 1079 ut
195 1029 375 1104 ingemiscat,
395 1031 478 1083 modo
517 1032 621 1084 emitue
640 1048 697 1084 non
717 1033 839 1099 crebros,
859 1033 908 1086 sed
926 1048 1004 1084 renos
1023 1030 1120 1084 edet.“
1143 1033 1197 1084 Pro
1216 1029 1301 1102 idque

143 1117 218 1151 unus
236 1101 286 1153 Ox.
306 1101 339 1154 id
357 1102 461 1171 quod,
481 1049 553 1154 elius
571 1102 729 1173 idemque.
758 1103 834 1155 Tum
852 1103 976 1156 eiulatus
994 1104 1025 1155 in
1043 1101 1191 1155 solisEdd.
1202 1103 1299 1154 humb.

144 1178 174 1222 et
192 1171 240 1222 Fr.
262 1168 344 1224 Febr.
373 1182 516 1225 mutatum
543 1182 585 1226 est
613 1175 644 1225 in
670 1173 788 1238 eiulore,
818 1175 932 1226 seilicet
958 1181 991 1225 ut
1015 1174 1186 1244 respondeat
1211 1173 1300 1226 rerbo

143 1241 343 1307 ingemiscere.-
369 1245 470 1314 putide
496 1262 562 1297 sene
580 1254 610 1297 et
632 1262 840 1314 supervacanee
863 1245 1023 1318 diligentie.
1060 1244 1160 1320 Pergit
1179 1244 1252 1300 Gud.
1272 1246 1298 1299 2.

142 1327 203 1365 nee
220 1314 347 1378 mulieri,
367 1316 454 1366 Merb.
474 1332 509 1369 ne
526 1315 707 1368 muliebri.
746 1316 806 1369 Mr.

215 1385 258 1437 Et
276 1383 323 1437 laic
340 1386 485 1452 nimirum]
505 1386 590 1440 Codd.
611 1387 645 1439 ed
662 1403 753 1438 unum
771 1402 869 1439 omnes
888 1385 956 1453 (nisi
974 1386 1050 1439 forte
1067 1385 1164 1452 Rern„
1189 1387 1224 1440 de
1243 1402 1301 1457 quo

142 1462 239 1508 temen
258 1456 365 1520 dubito,
385 1459 496 1512 Wolfio
509 1456 638 1522 assentit)
655 1466 777 1510 tuentur
790 1464 826 1521 et,
846 1457 922 1528 quod
939 1465 1036 1509 temen
1046 1457 1191 1512 FAWoli.
1211 1459 1301 1511 tacite

142 1525 261 1579 delevit.
300 1530 353 1580 Pro
373 1527 509 1582 nimirum
528 1537 569 1582 est
588 1528 706 1582 nimium
723 1528 755 1580 in
774 1528 841 1581 Cod.
862 1528 948 1580 Marb.
986 1528 1148 1598 Perperam.
1186 1531 1248 1584 Mr.

213 1621 254 1668 eet
272 1616 418 1684 fletum]
453 1620 540 1683 „Non
565 1618 647 1681 {letus
666 1616 697 1668 in
714 1617 835 1670 vetustis
861 1616 955 1681 libris,
983 1617 1032 1671 sed
1050 1619 1139 1670 lesnes
1156 1615 1300 1691 legiturf‘

141 1686 282 1739 Muretus.
312 1690 393 1740 Verr.
421 1691 513 1742 Leett.
538 1691 587 1742 lx.
610 1691 651 1744 19.
700 1691 787 1742 ml.
815 1687 931 1741 Ruhnk.
952 1714 985 1725 -
1024 1687 1124 1752 „Quod
1149 1688 1241 1740 sicubi
1268 1686 1300 1739 in

141 1756 208 1809 Cod.
228 1766 340 1811 vetusto
359 1759 479 1834 legitur,
499 1760 576 1813 docti
596 1768 638 1812 est
656 1706 831 1834 glbeeetoris‚
850 1759 901 1829 qui
920 1758 1084 1834 significare
1102 1758 1205 1822 vellet,
1230 1757 1301 1826 quid

141 1827 244 1881 Cicero
264 1828 455 1883 intellexerit.
499 1834 561 1884 Nee
579 1847 649 1882 vero
669 1831 770 1883 Cicero
788 1829 862 1905 legis
879 1830 944 1883 ΧΠ.
963 1828 1036 1882 tebb.
1056 1828 1152 1894 verbe,
1171 1828 1221 1881 sed
1237 1845 1301 1881 sen·

140 1900 272 1964 tentiam,
293 1917 435 1972 exponere
452 1900 579 1954 voluit.“
615 1898 747 1953 Boultier.

210 1971 268 2023 Hie
285 1971 423 2024 nimirum
437 1979 478 2026 est
498 1972 598 2038 lessus]
636 1972 729 2047 Vulgo
739 1972 840 2034 fietus.
880 1970 935 2025 Sed
961 1987 1011 2023 nos
1041 1972 1077 2023 Μ.
1097 1969 1131 2022 Α.
1155 1973 1299 2025 Mur-etum

140 2042 296 2108 sequimur.
335 2043 366 2097 si
387 2043 464 2095 enim
484 2044 530 2096 illi
549 2046 614 2095 Ver.
635 2044 713 2094 beot.
734 2043 784 2095 lib.
805 2044 855 2096 tx.
875 2059 936 2114 cap.
958 2046 999 2099 19.
1021 2042 1174 2109 credimus,
1201 2044 1233 2095 in
1247 2060 1300 2095 en·

140 2112 230 2181 tiquis
249 2113 334 2166 Codd.
355 2115 383 2166 le
405 2116 466 2167 itur
484 2117 588 2180 lesens;
622 2131 711 2184 eaque
739 2131 795 2166 vox
820 2122 863 2168 est
885 2115 949 2167 xtl.
973 2113 1156 2167 Tabularum.
1193 2115 1301 2167 Noster

140 2182 175 2235 de
194 2186 282 2260 Legg.
303 2185 353 2237 lib.
408 2225 414 2238 .
435 2203 496 2256 cap.
523 2189 567 2242 23.
605 2186 741 2238 Mulieres
765 2203 850 2260 genas
877 2203 914 2238 ne
937 2185 1069 2247 minuto,
1097 2201 1170 2237 neve
1195 2185 1300 2238 lessam

140 2255 252 2307 funeris
277 2275 346 2332 ergo
365 2257 495 2311 hebento.
533 2259 595 2310 Hoc
617 2263 725 2309 veteres
750 2256 920 2324 interpreter
946 2255 976 2311 S.
995 2255 1106 2320 Aelius,
1133 2254 1165 2307 Ι..
1185 2255 1300 2309 Acilius

139 2340 194 2378 nen
214 2327 287 2380 sotis
305 2344 335 2380 ee
352 2328 521 2396 intellegere
539 2329 678 2392 dixerunt,
702 2329 753 2380 sed
770 2327 915 2394 suspicari
932 2326 1093 2381 vestimenti
1114 2326 1230 2396 aliquod
1247 2343 1301 2394 ge·

139 2411 194 2447 nus
212 2397 354 2459 funebris:
375 2399 408 2451 L.
428 2400 540 2463 Aelius,
564 2401 680 2463 leesum,
707 2399 791 2466 quasi
813 2398 958 2466 lugnbrem
976 2397 1169 2464 eiulationem,
1196 2403 1228 2450 ut
1247 2413 1300 2450 uox

139 2465 377 2596 {peeungss'ficaltj
412 2470 460 2524 Sio
479 2471 582 2524 lessum
600 2472 694 2536 facere
710 2472 768 2535 fitis
788 2470 863 2523 dixit
889 2470 1004 2522 Plautus
1022 2469 1143 2522 Trucul.
1163 2469 1228 2521 Act.
1248 2469 1297 2521 w.
1363 2521 1365 2525 ,

161 2555 185 2589 c.
236 2576 244 2604 ‚
305 2580 311 2592 .
379 2581 385 2592 .

210 2616 252 2662 est
281 2611 424 2679 fletum]
461 2615 605 2666 Muretum
628 2615 721 2668 secuti
739 2622 815 2678 eunt,
842 2620 958 2685 praeter
974 2612 1054 2678 Dav„
1083 2612 1204 2666 Lallem.
1224 2614 1296 2666 Em.

138 2678 200 2751 Bip.
222 2682 311 2734 Nobb.
349 2682 509 2738 Admodum
525 2685 589 2738 veri
608 2693 651 2739 eet
668 2685 774 2752 simile,
799 2686 830 2737 in
848 2684 931 2737 nullo
950 2684 1018 2738 cod.
1039 2683 1095 2737 MS.
1117 2685 1208 2738 lessus
1226 2685 1297 2759 legi,

117 2767 119 2770 ⁴
139 2758 169 2802 et
188 2754 332 2806 Muretum
350 2755 410 2808 sive
428 2755 546 2808 finxisse
564 2754 733 2810 lectionem·
748 2756 837 2828 (quod
860 2772 943 2839 saepe
970 2754 1111 2808 iaciebant
1135 2756 1195 2808 viri
1220 2755 1298 2809 docti

139 2821 221 2874 illius
248 2824 349 2888 seculi)
372 2826 432 2880 sire
456 2835 582 2880 vetustos
607 2826 696 2881 libros
721 2828 812 2882 editos
838 2826 963 2879 voluisse
989 2826 1011 2876 s'
1035 2826 1168 2880 nificare:
1198 2844 1298 2896 quem-

160 2911 225 2945 uem
249 2913 286 2949 ne
312 2897 368 2950 boe
393 2898 510 2967 quidem
528 2916 633 2952 rerum
651 2899 775 2963 ridetur,
803 2915 870 2951 eum
888 2915 925 2951 ex
944 2843 1082 2962 omilim,
1111 2914 1180 2968 quae
1199 2896 1295 2951 Reisk.
1332 2914 1341 2924 ·

139 2910 185 3017 gr.
206 2985 331 3038 quasque
350 2985 400 3021 nos
419 2968 594 3022 contulimus
617 2968 689 3022 Edi.
708 2978 780 3023 vett.
804 2987 840 3022 ne
864 2986 920 3021 une
940 2968 1057 3038 quidem
1081 2969 1142 3020 eius
1160 2967 1297 3022 lectionis

121 3038 295 3114 *vestigium
325 3040 469 3093 exhibeat.
506 3040 630 3094 Restitui
657 3040 751 3116 igitur
775 3041 854 3104 fietne
879 3056 946 3092 cum
973 3038 1135 3092 FAWotuo
1161 3047 1191 3092 st
1215 3056 1294 3124 seqq.

137 3107 270 3178 (excepto
289 3110 400 3177 Nobb.).
437 3112 540 3166 Probet
566 3111 683 3181 quidem
702 3112 801 3177 leteris,
835 3109 943 3164 Mureti
966 3109 1148 3179 potissimum
1171 3118 1297 3163 anctori-

138 3186 196 3231 tete
224 3181 311 3246 nisus,
338 3182 520 3249 Dirksenius,
539 3183 587 3234 vir
604 3182 684 3236 nobis
702 3182 900 3247 amicissimus,
926 3180 959 3232 in
977 3178 1053 3232 libre
1071 3180 1107 3232 de
1124 3180 1188 3233 xn.
1207 3180 1294 3233 Tebb.

138 3248 371 3316 (Uebersiebt
390 3253 416 3304 d.
435 3252 644 3328 bisberigen
661 3253 841 3306 Versuchs
861 3271 886 3305 e.
907 3250 997 3305 Krit.
1019 3282 1052 3294 -
1072 3250 1135 3304 der
1150 3251 1214 3304 111.
1229 3250 1296 3304 Te·

137 3320 281 3374 fel-Fre
310 3322 447 3388 mente)
472 3343 502 3394 p.
527 3326 594 3391 6693
630 3324 732 3395 probet
760 3324 831 3378 item
857 3322 1011 3377 Kiibuerus
1038 3329 1069 3374 et
1094 3324 1206 3375 Mureto
1236 3336 1296 3375 non

137 3392 205 3444 setis
224 3342 357 3447 diflidens
381 3402 410 3447 et
432 3411 585 3479 perperam
603 3396 769 3447 existimem
787 3394 983 3448 Goereneium
1000 3392 1051 3460 (ed
1069 3392 1129 3446 Cic.
1150 3392 1184 3446 de
1202 3393 1294 3477 legg.

159 3501 164 3513 .
188 3463 259 3529 190.)
282 3465 323 3518 ite
349 3482 489 3535 reperisse
513 3466 545 3531 in
570 3466 628 3518 suis
653 3466 750 3531 Coeli„
778 3483 845 3518 eum
867 3473 965 3518 temen
990 3463 1168 3517 eontrarium
1185 3462 1300 3532 dixerit,

136 3479 172 3587 ξ.
200 3535 271 3601 Ques
294 3553 363 3591 vero
386 3536 455 3589 alies
482 3537 592 3590 eddidit
614 3537 739 3590 rationes
763 3538 808 3602 Κ,
837 3551 896 3589 non
920 3553 969 3588 ese
993 3543 1059 3588 eunt
1083 3533 1232 3600 eiusmodi,
1260 3541 1294 3587 ut
1362 3577 1367 3584 .

137 3607 268 3658 omnium
290 3608 434 3661 librorum
459 3610 660 3662 auctoritatem
686 3607 871 3661 lebeieetere'
887 3606 1006 3678 possint.
1049 3607 1124 3658 Nem
1191 3604 1228 3658 od
1252 3605 1294 3659 eit

135 3675 202 3761 lege
225 3678 301 3731 dicte
323 3695 381 3733 non
405 3680 508 3745 tletum,
535 3679 584 3732 sed
606 3680 830 3733 lamentationem
853 3679 888 3746 (i.
915 3695 939 3731 e.
966 3676 1084 3740 lessmn)
1112 3692 1166 3748 pro
1190 3675 1295 3727 ’bitum

136 3748 240 3799 fuisse:
271 3766 329 3802 non
352 3752 505 3804 attendisse
527 3750 643 3803 ridetur
665 3752 713 3802 vir
735 3751 925 3815 doctissimus,
955 3766 1014 3802 non
1031 3748 1091 3800 dici
1113 3755 1212 3800 nestro
1228 3746 1294 3800 1000

136 3818 270 3871 universe
293 3821 387 3884 {letum
408 3823 532 3875 vetuisse
554 3820 682 3874 adhiberi
704 3823 759 3874 ΧΠ
783 3821 900 3886 tabulis,
930 3819 979 3873 sed
1001 3817 1086 3871 benc
1109 3818 1204 3881 fletum
1225 3815 1246 3868 i.
1266 3832 1292 3870 e.

136 3886 187 3942 boe
204 3889 285 3952 tetus
303 3907 402 3957 genus,
422 3893 525 3960 quibus
548 3892 616 3963 ipsis
639 3892 734 3944 verbis
751 3891 855 3945 cicero
877 3890 1043 3968 significare
1063 3888 1161 3959 potius
1179 3887 1293 3955 hornen,

134 3962 371 4086 lllmGscriliril
389 3979 426 4086 ees
435 3963 568 4087 νοίιιιίιῙῖιιιἲ
584 3961 889 4090 ιιιοιιὲιιιὲιοΡιῶᾱῑζιῖι.
902 3958 1123 4084 ‹toffemmuld
1144 3960 1291 4086 teserem

134 4050 322 4163 Kirchnliiin.
348 4052 387 4158 dg
406 4051 542 4158 beeerib.
566 4051 676 4157 llolnm.
701 4105 738 4157 11.
758 4107 785 4160 6.
804 4049 834 4154 e.
854 4051 898 4159 ei.
921 4048 982 4154 ime
1003 4099 1106 4155 erlein.
1129 4047 1207 4155 besl
1224 4100 1244 4154 S
1275 4129 1289 4145 ·

133 4189 209 4226 non.
228 4194 257 4227 u.
277 4176 393 4246 Etym.
413 4176 467 4228 111.
486 4193 515 4246 p.
537 4177 595 4230 151.
616 4183 646 4229 et
663 4177 714 4231 eit
734 4192 775 4244 sq.
817 4175 871 4228 .N.
885 4173 1046 4227 Funccium
1063 4171 1099 4225 sd
1116 4173 1207 4248 leges
1221 4119 1288 4224 ὦ.

133 4243 219 4296 ''l'abb
239 4264 268 4315 p.
287 4249 349 4302 tet.
370 4246 496 4299 Turneb.
516 4246 551 4299 ed
568 4245 628 4299 cic.
652 4246 687 4300 de
705 4248 794 4322 Legg.
815 4246 852 4300 11.
877 4247 924 4301 23:
944 4262 974 4313 p.
992 4246 1054 4300 683.
1078 4243 1122 4297 ed.
1146 4250 1237 4295 nostr.
1258 4248 1289 4294 et

134 4313 181 4367 Cr.
202 4322 241 4378 et,
261 4334 348 4384 quem
372 4317 467 4371 laudet
489 4317 556 4372 ibid
603 4320 690 4374 .846.
716 4317 885 4381 Creueerue,
914 4314 1091 4386 Penqneuille
1113 4313 1228 4383 voyage
1253 4311 1288 4365 de

134 4384 238 4438 Merra
256 4381 275 4438 b
294 4387 525 4458 cnmtentineple
542 4335 606 4441 Vol.
626 4389 650 4442 1.
670 4405 697 4443 o.
715 4391 759 4445 30.
778 4406 807 4457 p.
827 4389 880 4444 2³³
898 4404 959 4458 sqq.
980 4387 1023 4440 ed.
1043 4387 1141 4441 Germ.
1162 4413 1196 4426 -
1218 4381 1286 4437 (lod.

134 4455 209 4509 Gud.
233 4456 344 4510 omittit
366 4464 416 4512 est.
452 4462 487 4514 ln
510 4475 590 4530 seqq.
614 4476 687 4514 unus
705 4456 759 4515 0¹.
778 4475 832 4530 pro
854 4462 997 4516 uetuerunt
1014 4456 1101 4512 hebet
1118 4459 1285 4510 memet.
