2828 5070
565 289 822 369 ursanum
1214 288 1279 355 ιιι

109 458 224 530 vonit,
255 455 316 537 qui
335 473 438 537 quum
467 454 594 517 acriter
614 455 720 516 oculis
743 452 953 519 deficientem
979 452 1082 515 solem
1104 454 1278 515 intueren-

112 550 186 615 tur,
225 545 266 599 ut
284 535 480 619 adspectum
502 538 639 599 omnino
666 537 881 598 amitterent:
912 536 962 597 sic
991 536 1111 597 meotis
1131 536 1221 597 acies
1243 555 1278 597 se

113 724 191 777 locis
211 725 375 777 contendit:
395 739 446 775 usu
465 731 561 776 sutem
581 724 677 776 venire
693 731 791 777 ortum
808 739 870 776 esse
882 739 917 776 ex
935 720 1001 773 usui
1019 720 1123 785 tenire,
1143 738 1209 773 cum
1220 720 1278 774 Da-

112 796 194 849 tirus
214 802 332 865 quartae
344 794 551 847 declinationis
567 796 730 877 antiquitus
747 803 776 847 et
789 794 847 845 scri
869 800 916 843 tus
934 800 963 844 et
977 793 1143 845 enuntiatus
1158 792 1240 844 sitin
1260 808 1278 842 ιι

116 864 268 919 alamans.
284 864 419 919 Ceterum
431 862 817 940 Ablativisigniflcationem
857 860 976 915 durch
994 861 1065 917 (len
1085 861 1280 915 Gebrsucls

114 954 141 1001 v,
171 934 236 993 bei
259 934 336 989 (lem
356 932 463 986 Gebr.
485 933 671 999 kommen)
696 934 747 998 ita,
772 940 807 985 ut
823 933 865 984 ati
883 932 983 1001 aliqua
1000 949 1032 985 re
1050 932 1278 1008 intelligendum

115 1006 166 1069 sit,
196 1006 228 1060 in
253 1006 315 1058 illis
341 1004 414 1056 locis
439 1019 497 1056 non
525 1005 630 1069 inesse,
661 1004 709 1057 sed
733 1004 900 1080 significare
926 1002 1010 1057 illam
1029 1004 1206 1057 formulam:
1245 1020 1279 1057 es

115 1076 255 1129 kommt
281 1075 429 1130 turten
449 1074 565 1138 Gabr,
591 1091 669 1127 zum
690 1074 808 1139 Gebr,
832 1074 899 1129 usui
918 1091 948 1127 so
967 1074 1064 1140 offert,
1096 1092 1132 1128 es
1158 1074 1280 1128 bietet

113 1145 203 1201 sicis
228 1146 305 1198 dem
334 1143 438 1197 Gebr.
468 1143 549 1210 dar,
578 1147 661 1198 venit
683 1145 728 1198 rei
747 1162 825 1210 usus,
853 1144 969 1199 accidit.
1005 1144 1069 1222 Ego
1087 1162 1158 1199 voro
1175 1162 1279 1199 verum

115 1215 227 1289 uidisse
253 1224 411 1285 utrumque
435 1216 534 1269 virum
560 1223 663 1269 contra
681 1216 912 1271 Lindemannum
937 1232 1050 1283 censeo,
1079 1215 1128 1269 sed
1147 1216 1195 1268 ubi
1214 1235 1230 1270 a
1249 1233 1279 1269 se

115 1288 247 1340 invicem
258 1284 421 1348 discedunt,
434 1285 468 1337 ab
482 1284 596 1338 Ottonis
615 1287 711 1359 potius
725 1286 856 1355 partibus
876 1288 1016 1340 steterim.
1049 1285 1181 1341 Eandem
1200 1304 1280 1340 nunc

114 1374 176 1411 esse
195 1358 372 1410 sententiam
392 1355 477 1408 video
494 1359 634 1422 censoris,
654 1358 857 1426 nesciocuius,
875 1357 908 1409 Li
931 1357 1186 1422 sieusis1832,'16.
1216 1358 1278 1410 Mr.

189 1428 241 1499 qui
258 1428 369 1481 acribus
388 1426 494 1494 oculis]
531 1428 606 1493 „Sic
627 1426 770 1483 edendum
789 1427 891 1481 curari
909 1373 994 1481 fibris
1014 1428 1147 1483 omnibus
1167 1429 1278 1494 inritis,

114 1497 207 1553 (luces
226 1506 343 1553 secutus
362 1497 543 1564 lucretium,
567 1498 738 1575 Virgilium,
763 1499 860 1568 ipsum
878 1496 1060 1552 Ciceronem.
1091 1500 1205 1553 Lucret.
1226 1498 1276 1551 lib.

113 1572 142 1625 3.
163 1566 252 1635 [Μ]
271 1569 340 1621 Cam
356 1568 486 1632 feruiscit
506 1576 532 1621 et
552 1585 587 1621 er
605 1570 694 1623 oculis
711 1570 795 1623 nsioat
813 1568 927 1621 acribus
945 1572 1041 1624 ordor.
1061 1571 1116 1625 Vir
1141 1611 1144 1617 .
1166 1568 1216 1624 lib.
1234 1572 1276 1626 tt.

115 1638 209 1707 [1⁰2]
232 1638 385 1693 Scintillae
410 1640 560 1706 absistunt,
586 1640 677 1693 oculis
703 1640 791 1693 micat
810 1640 924 1695 amitus
942 1643 1037 1697 ordor.
1065 1642 1101 1693 Μ.
1117 1588 1201 1693 lull.
1222 1656 1277 1711 pro

114 1708 234 1765 Plancio
254 1708 394 1777 [tt,6o.]:
415 1708 549 1778 Populum
561 1710 717 1763 Romanum
736 1711 834 1763 aureis
853 1709 1015 1775 hebetiores,
1034 1713 1129 1765 oeulos
1146 1711 1278 1764 acriores

117 1788 146 1837 et
163 1781 308 1835 acutiores
327 1778 421 1847 [acres
439 1787 524 1851 atque
542 1786 636 1835 unetos
655 1782 768 1857 legitur
786 1783 817 1834 in
835 1781 919 1847 Edu,
946 1789 980 1834 nt
1001 1783 1098 1841 lamb,
1124 1781 1222 1835 locum
1242 1800 1278 1835 ex

115 1854 258 1907 memoria
278 1852 408 1907 laudasse
426 1851 576 1918 videatur]
605 1850 712 1906 tabere.
749 1850 913 1905 sinautem
932 1869 994 1906 esse
1013 1852 1277 1921 apudliucretium

114 1924 285 2061 {furlum
304 1940 363 1976 non
380 1924 467 1975 micat
486 1923 582 1976 acrius
600 1924 699 1988 ardor,
724 1922 803 1977 vidit
830 1930 858 1976 et
876 1920 1086 1978 Passeratius.“
1115 1920 1275 1973 Lumoinus.

151 2012 174 2047 n
193 1994 328 2047 omuibus
346 1995 432 2048 libris
445 2010 507 2046 cum
524 1994 575 2047 vel
594 2010 673 2064 quern
691 2000 822 2065 apparet,
841 1995 872 2045 in
885 1995 1059 2047 Martiniano
1079 1992 1275 2058 deficientibus.

114 2062 201 2121 Unsle
213 2064 407 2118 Gulielmius:
427 2082 487 2118 cum
506 2064 556 2149 qui
573 2066 683 2117 acriter
701 2066 791 2117 oculis
810 2064 1037 2130 deficientibusf‘
1055 2062 1193 2117 Gebhard.
1222 2063 1278 2115 Da·

113 2135 208 2191 sistus
227 2135 259 2187 in
277 2135 333 2187 Ed.
352 2138 379 2192 2.
407 2137 519 2211 corrigi
542 2136 674 2190 volebat:
705 2136 755 2205 oui
777 2141 848 2188 tom
873 2137 979 2190 acriter
1002 2136 1091 2189 ocutis
1110 2142 1164 2187 stc.
1191 2134 1277 2219 olau-

112 2206 203 2263 dente
221 2204 389 2259 Bouhierio.
426 2206 552 2272 Deficere
570 2206 605 2260 de
624 2209 683 2260 sole
699 2214 730 2260 et
747 2207 814 2258 tuna
834 2206 910 2259 dixit
929 2205 990 2259 (lic.
1011 2207 1098 2260 etiam
1117 2204 1153 2258 <le
1170 2204 1235 2257 Dav.
1253 2205 1276 2257 1.

112 2276 159 2335 68.
178 2277 280 2331 Somu.
306 2272 383 2347 Scip.
404 2278 430 2331 ’1.
466 2278 528 2330 Mr.

187 2344 246 2402 Qut
264 2362 330 2399 cum
349 2348 459 2400 acriter
477 2347 567 2400 oeulis
584 2347 769 2402 deliciantem
788 2348 873 2398 sotem
892 2343 966 2409 eto]
999 2344 1156 2397 hamhinns
1176 2352 1278 2396 contra

113 2416 263 2473 librorum
281 2417 369 2471 fidem
389 2416 478 2484 dedit,
499 2417 547 2487 qui
564 2418 679 2471 acribus
697 2416 796 2469 oeulis.
834 2417 916 2468 ltlssti
933 2430 1005 2467 vero
1024 2416 1138 2467 Martia.
1164 2413 1276 2466 Elisus.

111 2496 183 2543 tert.
198 2496 235 2541 'et
253 2486 382 2544 Petrens.
400 2487 507 2543 habent
526 2489 615 2541 oculis
634 2486 836 2553 deficientibus,
856 2492 886 2538 et
904 2486 945 2537 ita
964 2485 1039 2561 legit
1057 2483 1148 2536 lanus
1163 2483 1277 2537 Guliel-

114 2558 204 2613 mius·
241 2558 294 2613 Ast
322 2558 421 2613 oculos
445 2559 494 2613 vel
518 2560 681 2613 sanissimos
706 2557 877 2611 diuturnior
901 2556 971 2609 solis
997 2564 1130 2626 aspectus
1148 2563 1274 2610 erueret.

113 2630 194 2685 lliuc
218 2629 404 2685 Democritus

286 2702 420 2773 clypeum
438 2701 585 2756 constituit
608 2709 705 2755 contra
729 2707 858 2755 exortum
876 2698 1051 2769 Hyperionis

286 2774 390 2827 Oculos
409 2775 531 2840 effodere
549 2779 580 2825 ut
596 2779 690 2842 posset
707 2774 854 2841 splendore
873 2787 966 2825 aereo.

285 2845 331 2897 ltu
350 2846 445 2898 radiis
463 2844 541 2898 Solis
559 2844 649 2896 aciem
668 2844 766 2909 effodit
783 2843 915 2906 luminis,

115 2922 151 2971 ut
177 2916 219 2971 sit
240 2915 375 2970 Laberius
404 2916 479 2985 apud
503 2914 653 2967 Arellium
681 2915 717 2967 N.
744 2913 777 2970 A.
802 2915 836 2980 X,
864 2918 906 2971 1⁷.
953 2914 1061 2967 Noster
1087 2911 1123 2966 ad
1149 2914 1277 2966 Platonis

115 2986 260 3041 Phaedon.
292 2986 314 3052 5,
334 2986 456 3037 mlv.
487 2964 658 3038 ot⁰cantab.
684 2986 831 3056 respexit:
862 2982 907 3051 Μὴ
936 2989 1061 3050 πάθοιμι,
1089 2986 1158 3054 ὅπερ
1180 2987 1207 3037 ol
1228 2987 1278 3037 τόν

108 3060 212 3113 Ἥλιον
228 3050 485 3108 ἘΚΛΕΪΠΟΝΤΑ
501 3060 670 3140 θεωροῦντες
688 3061 735 3109 καὶ
752 3056 941 3122 σκοπούμενοι
967 3051 1120 3124 πάσχουσι·
1144 3056 1276 3122 διαφθεί-

115 3145 216 3203 ρονται
242 3132 294 3203 γάρ
319 3147 375 3181 που
400 3127 467 3180 ἔνιοι
491 3129 525 3180 τὰ
550 3145 671 3198 appara,
702 3126 751 3179 tur
773 3128 812 3192 μὴ
841 3126 871 3177 ἐν
895 3123 975 3179 cidare
999 3127 1015 3191 ἢ
1040 3126 1071 3176 ir
1093 3146 1145 3178 τινι
1163 3120 1277 3178 τοιούτω

113 3199 280 3255 σκοπῶνται
298 3200 345 3267 τήν
363 3193 457 3252 εἰκόνα
476 3196 571 3250 nitori.
608 3197 720 3252 Pariter
737 3194 917 3250 lamblichus
935 3197 988 3248 vit.
1004 3193 1088 3266 Pyth.
1108 3194 1130 3258 ἕ.
1147 3197 1191 3249 ot.
1213 3200 1278 3254 Τοῖς

114 3268 176 3341 οὔχ
196 3272 266 3330 olore
283 3287 309 3325 τι
318 3270 452 3323 ἈΤΕΝΚ
456 3273 481 3320 Σ
491 3266 591 3338 ἰνορᾷν
609 3266 639 3321 lu
656 3275 695 3334 roi
713 3264 778 3337 ἡλίῳ
797 3267 845 3319 διὰ
863 3263 914 3333 τὴν
932 3271 988 3320 τῶν
1005 3266 1122 3318 ἀκτίνων
1139 3266 1278 3336 tutumly-

114 3360 207 3415 yutn‘,
236 3337 266 3393 tn
281 3346 383 3411 βαθείᾳ
403 3343 531 3396 συστάσει
549 3338 658 3403 ὕδατος,
683 3339 699 3406 ἡ
720 3344 764 3393 καὶ
787 3338 834 3392 διὰ
852 3345 989 3403 τετηκυίας
1012 3339 1121 3401 πίσσης,
1140 3337 1157 3402 ἢ
1178 3338 1279 3389 κατότι-

115 3437 133 3470 τ
153 3432 188 3467 ov
211 3414 283 3475 τινὸς
305 3416 505 3482 μεὶαναύγους,
539 3410 672 3464 δεικνύειν
697 3409 864 3477 tetrasemo
898 3410 945 3470 τὰς
972 3408 1190 3460 amalraus·
1222 3415 1277 3460 eto.

144 3484 193 3538 lde
219 3493 248 3538 et
265 3482 463 3539 Themistium
489 3483 565 3535 Orat.
587 3481 634 3533 lv,
659 3498 725 3558 pag.
744 3485 788 3537 51.
824 3479 1010 3534 Retineamus
1034 3481 1044 3532 i
1068 3480 1129 3532 itur
1152 3480 1280 3546 deficien-

117 3563 172 3610 tem
191 3555 286 3607 solem.
323 3556 399 3609 Nam
419 3554 505 3608 facile
524 3553 591 3604 lieri
610 3560 715 3623 potest,
740 3560 774 3604 nt
792 3551 884 3605 oculis
902 3552 1029 3604 nimium
1046 3498 1168 3604 fidentes
1188 3552 1280 3604 solem

119 3624 302 3682 laborantem
321 3626 431 3681 diutius
451 3621 605 3695 aspiciant,
626 3639 783 3695 eorumque
802 3624 944 3675 iacturam
961 3623 1078 3675 faciant.
1116 3623 1153 3676 D.

193 3715 244 3799 qui
264 3733 348 3785 quum
365 3714 473 3799 acriter
492 3713 581 3766 ocselis
598 3712 771 3777 deficientem
788 3712 875 3767 solem
894 3711 1076 3779 intuerentur]
1098 3710 1163 3777 „Ad
1180 3711 1281 3764 locum

117 3786 256 3983 ἓύύῗῗι
268 3782 762 3912 'sltt‘'ltlltttillttlt·
783 3780 1281 3907 {tlilliftttnllttlltl

130 3988 134 3993 ,
156 3937 281 4002 tortum,
321 3926 378 3985 uod
402 3925 479 3981 abest
504 3928 537 3979 ab
565 3926 605 3978 ali
629 3933 679 3977 uot
702 3924 771 3978 Οτι.
797 3923 871 3979 Edd.
899 3924 963 3977 Car.
993 3923 1092 3993 steph.
1112 3923 1176 3975 Atd.
1197 3922 1279 3979 Boul.

120 3998 240 4072 Gryph.
261 3948 342 4070 syio.
362 3995 446 4051 lieod.
459 3996 582 4054 Hwolt.
604 3944 652 4049 ἓν.
670 3994 752 4049 Fabr.
774 3995 837 4066 (qui
856 3995 945 4047 etiam
963 3992 1185 4047 Lambinianum
1204 3996 1280 4046 acri-

119 4072 172 4127 ύιιε
189 4070 315 4141 recepit)
334 4070 400 4138 Bip.
422 4069 494 4121 Lall.
509 4068 584 4122 Oliv.
605 4068 748 4120 Ernestus
767 4082 881 4137 quoque
899 4063 985 4121 obiici
1006 4064 1120 4119 volebat
1138 4082 1208 4131 οιιικ,
1228 4082 1281 4119 nec

119 4159 192 4226 voro
224 4142 288 4210 ipse
311 4140 427 4202 abiecit,
454 4141 502 4195 sed
529 4140 700 4224 abiecerunt
733 4138 760 4191 ei
784 4136 913 4221 obsecuti
932 4135 1010 4221 ‘Scin
1041 4136 1109 4192 Bill.
1137 4147 1164 4190 et
1190 4136 1282 4221 Nobln

120 4214 237 4347 itti·
257 4212 373 4347 itii?
388 4207 1205 4353 3321:tt'titltrtt‘lttttltliltltssltgttt
1218 4226 1284 4341 ²:1¹,

121 4354 188 4409 loco
217 4356 335 4427 integra
361 4353 431 4406 haec
451 4360 494 4406 est
514 4351 671 4407 sententia:
706 4351 764 4420 qui,
791 4366 903 4401 cuns-
928 4352 1013 4402 solem
1038 4348 1221 4411 intuerentur,
1252 4346 1284 4400 ia

120 4424 320 4499 patiebantur,
344 4432 374 4479 ut
394 4425 556 4493 adspectum
573 4421 745 4479 amitterent.
783 4420 907 4475 Omnino
934 4428 1027 4475 autom
1047 4418 1151 4474 Cicero
1169 4416 1218 4472 liic
1239 4418 1284 4469 lc.
