2828 5070
195 299 258 367 dit
405 291 633 361 CICERONIS
654 291 904 361 TUSCULAN.
926 292 1158 359 DISPU'I'A'I'.

196 465 368 548 liquamus
396 459 587 523 Socraticos
616 469 651 524 st
677 459 836 543 deinceps
864 478 932 538 sos,
967 463 1025 542 qui
1059 460 1101 521 ah
1128 459 1181 521 his
1212 460 1360 542 protecti

197 555 288 624 suut,
319 546 352 607 te
378 539 437 605 'nt
465 563 592 622 omnes,
622 545 726 606 etism
749 546 807 625 qui
835 544 893 605 ills
914 552 1061 605 autnon
1088 544 1280 625 approbant
1301 554 1361 606 aut

197 650 265 692 non
287 636 341 690 stu
365 629 530 691 iosissims
552 636 807 699 consectentur3
837 627 1017 709 Epicurum
1039 633 1206 688 autemst
1228 624 1360 689 Metro·

197 713 320 776 dorum
341 731 408 778 nou
427 714 498 773 iero
519 719 655 793 praeter
674 731 753 772 suos
777 713 948 791 quisquam
969 713 1004 772 in
1026 731 1141 772 menne
1163 711 1288 772 sumit:
1311 712 1361 773 sic

197 796 259 874 hos
280 795 419 857 Latinos
439 795 465 854 ii
487 795 549 856 soli
571 795 698 879 legunt,
721 794 779 874 qui
800 793 857 854 ille
878 802 970 854 recte
992 793 1059 855 dici
1080 801 1209 875 putant.
1250 787 1361 855 Nobis

198 887 312 943 autem
341 877 489 956 videtur,
520 875 677 960 quicquid
706 876 816 939 litoris
849 876 1037 956 mandetur,
1065 877 1101 939 id
1131 875 1362 940 commendari

1275 1003 1360 1012 ----

199 1065 268 1121 dere
287 1066 373 1119 iussit
389 1066 533 1150 vulgatas.
552 1062 625 1119 Ern.
645 1062 726 1116 dedit
743 1061 839 1130 ipsis
857 1062 933 1116 inter
951 1078 990 1128 se,
1007 1062 1084 1131 quod
1103 1080 1119 1115 a
1137 1081 1224 1117 sensu
1243 1070 1275 1117 et
1294 1063 1363 1119 lati·

199 1139 291 1192 nitate
310 1153 471 1191 necessario
488 1135 632 1206 postulari
651 1134 817 1188 contendit:
837 1135 972 1204 idemque
990 1151 1044 1204 pro
1056 1135 1181 1188 sentiunt
1200 1134 1363 1211 legendum

200 1225 262 1266 osse
280 1208 323 1261 ait
341 1208 475 1274 sentiant.
511 1204 552 1259 Et
568 1204 619 1259 hic
638 1204 755 1277 quidem
774 1204 984 1258 Coniunctivus
1005 1213 1048 1258 est
1067 1224 1102 1259 ex
1120 1223 1244 1260 numero
1264 1207 1363 1281 pluri-

199 1296 326 1345 morum,
345 1278 449 1350 quibus
468 1277 539 1331 Ern.
562 1295 597 1332 ex
616 1277 729 1354 regula,
748 1293 834 1345 quam
854 1293 925 1330 exeo
948 1277 1042 1340 iuvit,
1063 1277 1226 1352 augendum
1247 1287 1278 1330 et
1298 1294 1363 1332 con·

200 1348 790 1491 istit.⁹3³⁸ttttt.?i⁰.t⁰¹;tt.
810 1295 1002 1473 {diditi
1025 1357 1158 1488 ῗὶἕῖῗξι
1176 1349 1361 1474 §3332sz

200 1493 280 1547 inter
298 1508 329 1544 se
348 1440 398 1545 esd
414 1492 433 1543 i.
455 1509 481 1560 q.
503 1491 533 1542 in
553 1491 658 1556 vicem,
678 1496 780 1542 mutuo
795 1507 811 1540 a
831 1508 861 1543 se
878 1492 966 1561 ipsis3
985 1499 1018 1543 ut
1037 1499 1083 1544 est
1101 1509 1147 1545 sse
1169 1492 1269 1545 issime
1289 1491 1365 1566 apud

202 1564 384 1644 Ciceponem.
418 1561 486 1615 Cod.
515 1561 606 1618 Rshd.
634 1560 722 1615 hebet
747 1560 806 1629 ipsi
833 1561 944 1632 quidem
968 1563 1044 1614 inter
1069 1579 1108 1615 se.
1175 1581 1228 1616 nus
1254 1562 1308 1619 Ox.
1334 1570 1364 1617 et

200 1633 290 1688 bierb.
319 1632 378 1702 ipsi
401 1633 477 1686 inter
504 1648 534 1687 se
559 1633 677 1701 quidem.
713 1630 839 1686 Ernesto
866 1634 947 1686 favet
967 1633 1035 1686 God.
1062 1631 1145 1688 Vind.
1166 1639 1190 1688 1.
1221 1633 1363 1689 exhibens

201 1704 330 1760 sentiant.
365 1702 448 1759 Unus
467 1703 518 1760 Ox.
539 1705 651 1757 omittit
668 1703 736 1770 ipsi.
764 1701 833 1756 God.
857 1704 902 1757 Au
924 1743 930 1755 .
957 1703 1043 1758 habet
1068 1705 1127 1773 ipsi
1155 1704 1269 1774 quidem
1287 1706 1363 1760 ister

156 1797 165 1818 a
200 1777 382 1833 assentiunt.
420 1774 567 1829 scribitur
592 1791 656 1842 ego
681 1787 732 1827 non
755 1773 886 1843 intelligo
913 1794 944 1828 sn
968 1773 1043 1829 Edd.
1063 1777 1144 1829 Junt.
1172 1778 1201 1832 P.
1221 1777 1254 1832 A.
1275 1778 1309 1836 B.
1330 1778 1361 1832 C.

200 1849 273 1905 Ven.
293 1853 384 1902 nostr.
403 1847 468 1903 Asc.
490 1852 514 1900 l.
534 1850 559 1902 2.
598 1846 658 1901 Mr.

271 1918 354 1983 Nam,
377 1924 411 1988 st
428 1916 574 1971 Platonem
598 1917 772 1987 reliquosque
795 1915 970 1982 Socraticos]
1015 1916 1102 1971 Codd.
1123 1919 1197 1996 Aug.
1228 1919 1317 1973 Vind.
1338 1925 1362 1975 l.

201 1997 410 2058 ceterosque.
429 1989 503 2042 Gud.
523 1991 548 2044 2.
571 1987 684 2042 omittit
696 1992 735 2039 ut.
756 1991 829 2042 Mon.
843 1992 869 2043 l.
890 1991 1001 2042 omittit
1019 2007 1084 2042 eos:
1104 1992 1186 2044 cuius
1205 1992 1270 2044 loco
1288 2009 1363 2045 unus

201 2060 251 2115 ox.
271 2059 358 2116 habet
376 2076 480 2113 eorum.
501 2062 576 2113 Mon.
596 2062 621 2116 2.
640 2056 731 2111 hebd.
752 2059 801 2131 qui
818 2060 852 2111 ab
871 2059 933 2112 it's.
954 2048 1137 2117 Guntiuisb.
1158 2064 1205 2130 qui
1223 2062 1258 2114 od
1278 2060 1363 2119 tiis.

201 2132 275 2209 Aug.
304 2131 351 2201 qui
373 2131 408 2183 ab
433 2128 579 2184 hisdem
616 2128 719 2184 Intelli
741 2129 799 2182 ih.
819 2130 840 2181 l.
860 2129 1052 2186 Aristotelem
1077 2141 1106 2188 et
1124 2131 1362 2204 Theophrastum

201 2203 245 2258 ait
263 2199 349 2256 heod.
369 2219 384 2254 s
404 2200 526 2268 Quercu.
544 2199 632 2258 Vind.
648 2205 672 2256 1.
692 2198 730 2253 he
750 2208 780 2255 et
798 2209 824 2254 et
841 2218 896 2272 pro
916 2204 1009 2258 etiam.
1030 2205 1105 2257 Gud.
1127 2205 1174 2276 qui
1190 2205 1281 2257 etiem.
1303 2204 1362 2256 Itla

203 2274 331 2349 explicet
346 2270 525 2329 thwetum
553 2272 585 2325 in
611 2270 737 2326 scholis:
775 2288 848 2344 pase
875 2274 909 2326 ob
937 2274 975 2326 tis
994 2275 1071 2329 diets
1090 2283 1170 2329 sunt.-
1198 2273 1315 2329 laudato
1337 2279 1363 2331 1.

202 2345 226 2416 d.
246 2349 273 2405 t.
298 2345 495 2415 disceduntque
518 2345 554 2398 id
581 2359 683 2408 omnes,
703 2352 733 2397 et
750 2346 885 2418 proxime
903 2341 965 2400 his:
992 2364 1026 2400 ex
1050 2347 1148 2418 quibes
1180 2348 1263 2401 etiam
1291 2348 1304 2399 i
1312 2348 1364 2399 tta

202 2417 362 2472 moerebant.
398 2418 465 2470 Mox
487 2434 561 2469 unus
580 2416 630 2472 Ox.
657 2413 745 2469 hebet
767 2421 816 2467 out
844 2416 1065 2484 studiosissime,
1096 2420 1202 2472 omisso
1221 2436 1282 2472 non.
1321 2417 1366 2472 De

203 2489 370 2546 Metrodoro
389 2488 446 2541 vid.
508 2503 539 2542 os
560 2486 660 2540 laudat
679 2485 842 2542 Creuzerus
866 2488 902 2542 ad
920 2487 981 2545 cie.
1002 2490 1037 2544 de
1055 2490 1091 2544 N.
1111 2491 1145 2547 D.
1167 2491 1189 2548 Ι.
1209 2495 1253 2547 31.
1272 2510 1301 2562 p-
1315 2493 1365 2551 lto

204 2579 247 2634 sq.
285 2559 357 2616 Add.
377 2560 448 2611 Ern.
494 2559 514 2615 l.
536 2557 596 2612 Cic.
616 2577 637 2612 s
659 2576 686 2613 v.
725 2558 786 2612 Mr.
1074 2615 1079 2623 ,
1330 2612 1334 2628 ⁸

275 2647 330 2685 non
347 2633 408 2698 tere
424 2637 539 2698 praeter
561 2645 628 2683 suos
651 2627 796 2701 quisquam
817 2627 850 2682 s‘n
867 2645 967 2684 monus
993 2631 1087 2700 sumit]
1124 2632 1276 2699 „Nullum
1303 2630 1366 2686 vidi

203 2700 323 2767 librum,
342 2719 436 2773 neque
455 2699 511 2757 MS.
532 2717 626 2770 neque
644 2701 726 2770 typis
745 2701 786 2753 im
810 2718 935 2757 sessum:
961 2703 1069 2758 multos
1088 2713 1186 2758 autem
1206 2705 1284 2758 vidi:
1315 2703 1365 2774 qui

204 2772 246 2828 ita
262 2790 322 2826 non
340 2772 457 2826 babeat:
477 2773 509 2825 in
527 2787 626 2825 monus
644 2773 737 2825 sumit.
801 2780 814 2825 t
838 2780 936 2829 temen
960 2773 1029 2827 Adr.
1048 2773 1201 2828 Turnebus
1229 2774 1367 2829 admonet

162 2894 168 2899 .
204 2844 340 2899 mendose
358 2843 420 2920 legi
440 2844 471 2896 in
490 2843 575 2896 libris
593 2843 676 2920 vulg.
697 2844 728 2898 δη
746 2857 845 2897 manu
868 2843 971 2898 sumt.
1008 2845 1081 2899 Tale
1105 2845 1182 2898 illud
1208 2854 1260 2910 cst,
1288 2845 1367 2916 quod

204 2917 293 2988 etiam
311 2931 327 2966 a
345 2933 375 2969 se
392 2913 529 2985 principe
547 2915 717 2968 restitutum
736 2921 765 2968 et
783 2915 967 2969 emendatum
984 2924 1085 2986 putat:
1112 2917 1208 2968 nessi
1233 2917 1293 2982 ipsi
1312 2917 1368 2968 mi·

204 3003 258 3042 nus
277 2985 406 3055 consequi
420 3000 579 3053 possumus,
600 3003 666 3038 cum
684 2985 762 3038 dicet
778 2987 870 3063 vulgo
889 2987 966 3109 lepti:
994 3002 1043 3038 uec
1060 2988 1088 3038 si
1104 2987 1163 3054 ipsi
1185 2985 1279 3039 enisus
1298 3005 1369 3041 con-

921 3079 930 3110 Ι

205 3057 301 3144 sequi&
314 3075 403 3159 quam
422 3058 599 3142 scripturam
619 3057 660 3140 in·
670 3055 753 3109 nullo
769 3073 889 3142 prorsus
907 3057 931 3142 1·
1163 3127 1169 3138 .
1245 3128 1251 3139 ι

204 3145 342 3256 tite.
354 3127 506 3253 idid?
509 3124 796 3269 ·...‘³⁰tb1.¹¹²..¹.32{t;
815 3128 891 3255 2¹:3⁸.
905 3124 1073 3255 ttdt'tt
1095 3142 1182 3252 tte
1201 3145 1368 3276 iiiii&

204 3271 278 3328 Edd.
299 3274 329 3328 P.
350 3271 384 3326 A.
402 3271 434 3324 B.
456 3271 484 3326 S.
505 3269 536 3323 G.
557 3269 592 3323 V.
610 3271 682 3324 Ven.
701 3277 792 3325 nostr.
812 3270 880 3323 Asc.
943 3272 970 3331 Ἃ.
990 3267 1059 3324 nob.
1080 3267 1180 3343 steph.
1197 3271 1279 3326 Junt.
1301 3279 1366 3327 orto

205 3346 269 3398 stne
306 3341 393 3397 dubio
431 3357 532 3398 errore
571 3358 608 3393 ex
644 3342 739 3393 veteri
777 3340 910 3394 codicum
945 3341 1105 3428 scriptione
1138 3342 1365 3398 lunanub'uurr.

205 3414 287 3484 Quod
312 3416 337 3469 si
368 3413 463 3492 igitur
481 3411 634 3466 Turnebus
666 3410 743 3465 dixit
769 3429 800 3465 ss
828 3413 972 3483 reperisse
1001 3433 1034 3468 ru
1062 3411 1147 3468 tibris
1178 3413 1306 3499 vulgatis
1337 3415 1368 3466 s'n

204 3502 307 3540 mons
325 3484 432 3550 sumi,
459 3481 489 3536 id
507 3481 555 3537 vel
573 3480 677 3536 sahmi
697 3499 799 3539 errore
816 3481 866 3536 vel
885 3483 1056 3555 typothetae
1073 3485 1254 3562 negligentis
1278 3487 1310 3538 in
1329 3485 1368 3538 li-

204 3557 271 3610 hros
299 3554 543 3609 Adversariorum
575 3553 708 3624 irrepsit,
732 3571 799 3606 cum
830 3553 962 3608 voluerit
990 3557 1116 3614 scribere
1144 3557 1252 3633 legisse
1283 3574 1315 3610 ss
1337 3557 1367 3611 is

205 3641 304 3690 manu
323 3625 419 3692 sunsit,
439 3626 515 3696 quod
533 3641 636 3678 verum
656 3641 715 3680 esse
733 3625 871 3678 vidimus.
893 3623 966 3680 Gud.
987 3629 1013 3684 2.
1033 3626 1121 3684 habet
1143 3631 1176 3683 st
1194 3644 1279 3700 quos
1297 3627 1367 3680 teti.

950 3071 992 3120 ro,
1010 3057 1197 3126 quantumvis
1212 3057 1367 3123 mendoso,

122 3701 127 3712 “
205 3715 270 3754 nos:
290 3712 391 3752 errore
410 3713 446 3750 ex
463 3712 554 3766 prava
570 3695 811 3769 pronuntiatione
829 3703 905 3750 orto.
941 3698 1001 3753 Mr.

276 3787 375 3844 desti
393 3785 536 3856 tegunt]
574 3785 666 3853 „sen
686 3787 794 3854 tegant.
821 3783 870 3839 Sic
889 3786 946 3843 MS.
967 3785 1088 3844 Guelt.“
1104 3790 1176 3844 Ere.
1196 3790 1314 3846 Nissen.
1333 3787 1368 3844 ad

205 3879 286 3932 seqq.
307 3861 343 3916 ld
366 3857 554 3914 commendari
572 3885 606 3898 -
625 3860 723 3913 decere
749 3857 849 3913 addite
876 3874 967 3923 „non
995 3875 1096 3914 eorum
1124 3862 1230 3926 solum,
1256 3862 1308 3931 qui
1334 3878 1368 3917 es

204 3933 338 4004 probent.
377 3931 473 3998 Quare
509 3929 588 3986 nullo
607 3937 674 3985 ante
693 3929 846 4029 vulgatam
864 3930 961 3998 legem
978 3930 1049 3985 bene
1067 3929 1163 3998 habet,
1187 3950 1242 3988 nec
1270 3935 1301 3986 in
1327 3934 1368 3985 ts·

205 4010 279 4072 gast
296 4005 406 4058 mutari
423 4003 457 4056 ab
519 4010 603 4058 nesto
621 4000 743 4059 debuit‘
773 4001 900 4056 &nesto
926 4003 1090 4059 assentiunt
1115 4002 1204 4060 Codd.
1233 4004 1318 4059 vind.
1339 4007 1365 4061 l.

206 4074 297 4150 Auge
326 4076 402 4128 ratio
429 4089 488 4126 non
514 4075 594 4130 item.
632 4073 687 4126 Pro
710 4077 786 4125 recte
810 4080 854 4127 est
877 4080 955 4126 recto
974 4074 1006 4126 in
1026 4072 1100 4127 Gud.
1120 4078 1146 4132 2.
1173 4084 1202 4131 st
1220 4092 1279 4132 uno
1296 4077 1367 4141 one

205 4151 303 4216 petent
323 4162 377 4215 pro
392 4149 494 4213 potant
513 4147 545 4199 in
562 4145 647 4198 Vind.
667 4149 692 4201 1.
712 4146 738 4201 2.
758 4151 788 4198 st
805 4161 865 4200 uno
884 4144 934 4199 On
973 4147 1033 4203 Mr.

278 4235 311 4289 td
329 4236 567 4289 commendari
590 4233 713 4288 omnium
737 4234 912 4288 eruditorem
929 4234 1084 4290 lectioni
1110 4234 1257 4302 decere]
1296 4233 1367 4288 Gud.

207 4308 281 4387 Aug.
309 4314 338 4361 et
363 4323 417 4378 pro
442 4305 482 4360 id.
526 4307 626 4383 Pergit
650 4305 738 4359 Marb·
764 4322 907 4361 commune
931 4308 1008 4377 dart,
1043 4325 1115 4384 egre
1138 4310 1165 4360 ia
1190 4307 1369 4361 correctoris

207 4379 425 4435 mendationsz
445 4380 493 4432 cui
511 4396 570 4434 non
588 4378 715 4432 multum
733 4386 872 4449 praestat,
892 4379 970 4449 quod
988 4383 1100 4453 recepit
1117 4327 1188 4435 Ber.
1215 4380 1247 4432 in
1265 4377 1320 4431 Ed·
1340 4381 1368 4434 2

208 4450 395 4520 coms,
422 4451 456 4507 iu
477 4448 650 4508 tuncnihil
678 4446 799 4517 addens,
833 4467 937 4523 quesne
968 4449 1370 4529 ,‚vslgo:'conessndss·t.·“
