2828 5070
517 316 647 380 LIBER
668 316 712 390 11,
732 316 764 382 9.

230 483 334 553 Nunc,
355 477 439 542 nine
459 481 602 545 dolorem
624 479 769 561 auxiferi
792 491 943 563 torqueat
964 480 1118 546 vertices:

225 566 328 627 *Nunc
347 563 451 644 se‘rpit
472 564 580 629 ardor.
626 563 752 629 O'siate
772 564 925 630 victricia
945 585 1065 645 manas,

232 647 260 710 0
279 645 427 727 pe'ctora,
449 668 468 709 a
490 656 597 730 terga,
619 642 638 713 ό
661 646 849 710 lacertorum
872 650 954 711 tori!
1221 653 1265 709 22.

237 724 392 793 Vestrane
410 751 525 811 pressa
547 729 700 814 quanam
723 730 895 794 Nemeaeus
915 731 965 794 ieo

227 813 393 876 Frende'as
415 815 544 897 efflauit
565 813 715 897 graviter
735 825 902 876 extremam
925 813 1084 879 halitum!

229 896 323 958 Haec
344 896 462 958 dextra
483 895 630 977 Lernam,
654 897 741 960 tetra
762 909 901 960 mactata
920 897 1062 976 excetra,

65 1023 1054 1034 ..m-nomm.-
1063 1028 1090 1035 ...
1097 1028 1213 1036 ...οη-.-

136 1083 160 1136 0
180 1083 346 1136 lacertosum
364 1082 458 1151 tarsi]
479 1083 547 1137 eod.
559 1087 632 1161 Aug.
654 1086 860 1139 laceratorum:
881 1088 999 1163 egregia
1018 1085 1226 1140 emendatione.

64 1156 119 1206 Pro
140 1155 199 1205 tari
218 1174 291 1206 unus
311 1155 360 1206 Ox.
390 1156 469 1219 torti,
497 1154 571 1209 alius
591 1156 672 1209 corti.
711 1156 754 1209 Aa
783 1156 818 1227 h„
832 1150 865 1209 ι’
880 1158 1054 1212 Beroaldus:
1093 1156 1228 1222 „Senem

66 1228 98 1277 in
117 1225 242 1279 Hercule
261 1225 363 1279 Oetaeo
383 1224 485 1292 [751.]:
504 1228 634 1281 Membra
654 1233 680 1281 et
699 1229 851 1281 Herculeas
872 1236 948 1282 toros
967 1229 1027 1281 urit
1053 1230 1114 1280 laea
1132 1226 1227 1282 nescio

66 1312 145 1365 qaae.
183 1294 273 1350 Toros
302 1294 483 1366 appellamus
507 1298 627 1369 pulpam
655 1301 751 1353 caruis
779 1301 983 1366 musculosam,
1012 1299 1043 1352 iu
1088 1317 1124 1351 ua
1152 1301 1229 1353 inest

66 1368 156 1419 robur
175 1376 204 1420 et
221 1366 359 1431 valentis,
378 1369 452 1421 uude
472 1375 583 1423 toronae
602 1370 729 1425 ducitur.
764 1369 874 1424 Scribit
894 1369 1056 1425 Columella
1068 1317 1122 1436 (ide
1141 1369 1173 1426 R.
1193 1368 1227 1422 ll.

64 1437 113 1489 Vl.
135 1438 190 1504 ib]
212 1439 353 1509 parandos
374 1456 434 1494 esse
453 1440 538 1493 boves
558 1440 689 1495 novellos
709 1444 824 1511 cervice
848 1442 936 1517 longa
963 1450 993 1496 at
1011 1449 1117 1495 torosa.
1155 1439 1229 1494 'Pori

67 1525 182 1578 quoque
201 1511 231 1561 in
250 1506 351 1563 herbis
372 1527 433 1563 esse
452 1511 593 1564 dicuntur
611 1530 664 1582 per
687 1512 820 1567 decoram
839 1512 1076 1567 translationem.
1096 1530 1112 1564 a
1131 1511 1228 1564 Plinio

67 1579 114 1643 [H.
134 1581 169 1633 N.
192 1580 265 1633 xlx.
287 1579 343 1645 iii]
369 1580 447 1634 inula
473 1585 600 1636 torosior
618 1582 704 1648 dicta,
734 1585 785 1653 qui
810 1593 890 1637 toros
909 1584 1072 1638 identidem
1097 1584 1230 1637 nominat

66 1652 97 1702 in
116 1651 257 1721 plantis.“
277 1651 360 1704 Cous.
382 1653 469 1705 etiam
489 1655 557 1710 Lex.
577 1653 730 1708 Rusticum
750 1655 781 1707 in
800 1653 864 1709 Vol.
875 1655 924 1707 IV.
944 1655 999 1708 Ed.
1013 1656 1076 1726 Bip.
1098 1652 1230 1724 Scripto-

66 1741 132 1774 rum
158 1723 211 1775 Rei
234 1723 377 1777 Rusticae.
401 1752 433 1760 -
466 1723 605 1794 Sequitur
630 1725 661 1776 in
690 1724 797 1779 duobus
817 1726 887 1779 Oxx.
909 1729 984 1779 Mon.
1004 1724 1124 1785 med.
1144 1726 1172 1777 P.
1194 1725 1227 1778 Α.

66 1792 99 1846 Β.
120 1791 148 1846 S.
168 1793 202 1846 E.
224 1794 254 1848 C.
276 1812 312 1847 ex
328 1793 447 1847 Reiskk.
467 1797 538 1848 Vou.
564 1803 584 1848 1.
606 1799 632 1852 2.
653 1794 725 1850 Mad.
748 1800 771 1851 1.
792 1800 818 1853 2.
839 1796 947 1851 nostris
970 1796 1051 1853 Junt.
1070 1798 1142 1851 Van.
1163 1795 1228 1849 Aac.

68 1869 93 1919 l.
112 1868 138 1921 Ἰ.
164 1872 295 1918 nostrone
320 1881 374 1935 pro
398 1874 535 1928 vestrone,
580 1866 638 1921 uod
660 1876 759 1920 ortum
787 1877 829 1922 eat
860 1885 895 1921 ex
923 1869 1041 1937 antiqua
1072 1869 1231 1938 scriptione

68 1941 209 2001 vastrane,
239 1953 325 2006 quam
348 1934 434 1990 babet
459 1886 582 1993 Hwold.
630 1955 739 2007 uaeque
766 1947 842 1992 esset
860 1937 1048 2005 restituenda,
1078 1947 1112 1990 ut
1130 1937 1230 2009 paullo

69 2009 202 2076 superius
221 2006 352 2071 vortices,
373 2007 398 2060 si
416 2009 466 2061 vel
483 2009 598 2061 Attium
640 2025 723 2061 orum
742 2027 881 2063 versuum
900 2014 961 2064 esse
974 2010 1158 2080 scriptorem,
1181 2006 1231 2064 rol

69 2077 240 2132 Ciceronem
261 2079 393 2132 consulto
413 2080 593 2149 antiquiores
611 2082 719 2133 formas
739 2089 868 2151 captasse
885 2089 1036 2135 statueres.
1074 2081 1230 2151 Perparam

68 2147 157 2202 scribi
183 2149 303 2202 Nemee
332 2158 361 2202 et
384 2149 523 2204 Nemaeaa
551 2151 584 2203 in
607 2148 709 2203 multis
737 2150 833 2217 libris,
860 2149 940 2205 ultro
967 2152 1153 2222 exspectabis.
1190 2149 1232 2205 tlt

67 2219 176 2274 habent
199 2223 240 2274 ita
264 2221 321 2273 duo
340 2220 411 2278 Oxx.
438 2220 523 2277 Vind.
546 2226 570 2276 l.
591 2226 616 2276 Ἰ.
639 2222 713 2275 Mon.
735 2226 759 2276 l.
779 2227 806 2278 2
824 2222 912 2276 Msrb.
939 2221 1038 2276 Duisb.
1064 2222 1138 2278 Gud.
1159 2227 1182 2278 Ι.
1203 2223 1230 2279 2·

66 2292 140 2367 Aug.
160 2291 235 2345 Edd.
255 2292 319 2345 Asc.
341 2297 366 2348 l.
386 2295 411 2346 2.
442 2292 528 2346 Junt,
551 2293 660 2346 Sturm.
691 2289 756 2344 Ald.
776 2293 858 2348 Brut.
879 2290 959 2361 sylb.
985 2293 1049 2347 Duo
1069 2293 1155 2347 Godd.
1177 2291 1230 2345 Ox.

66 2362 153 2415 habet
172 2379 277 2426 aeacus,
297 2380 371 2416 uuus
389 2379 512 2429 gemens.
549 2363 590 2415 Et
608 2361 682 2428 haec
700 2363 817 2432 quidem
835 2361 923 2417 lectio
942 2364 984 2416 ita
1002 2371 1066 2416 orta
1085 2381 1146 2418 asse
1165 2379 1232 2433 pos-

69 2433 108 2485 sit
126 2433 232 2498 videri,
252 2440 284 2483 ut
304 2432 336 2484 iu
354 2448 442 2486 versu
462 2442 598 2502 sequente
616 2434 682 2486 voci
700 2434 835 2502 graviter
855 2434 1100 2504 superscripserit
1122 2432 1231 2503 aliquia

68 2501 213 2577 glossator
230 2519 355 2569 gemens,
376 2503 451 2574 quod
470 2503 502 2556 in
521 2505 704 2575 superiorem
721 2518 839 2558 versum
859 2504 1015 2575 irrepserit
1040 2513 1160 2574 eutruso
1179 2519 1232 2561 no·

67 2576 147 2627 mine
166 2573 296 2644 proprio.
336 2574 395 2627 Mr.

140 2663 283 2748 prendens
302 2663 408 2728 efflauit
425 2665 555 2729 grauiter
575 2669 728 2718 extremum
744 2664 890 2734 iaticum]
909 2634 1042 2721 Graviter
1061 2666 1080 2718 i.
1095 2682 1121 2748 ο.
1139 2665 1233 2720 δεινὸν

70 2735 157 2809 iunge
185 2733 265 2786 rubet
286 2751 356 2816 ¹cusa
383 2735 518 2798 frendens
545 2734 688 2790 rawols.
718 2737 749 2790 iu
774 2736 892 2793 scholis.
938 2739 993 2821 Pro
1016 2737 1132 2802 ¹effluant
1162 2737 1231 2793 oon

67 2805 466 2949 trs-tatemer
485 2806 1233 2949 terrariis·abaiamontem}

68 2964 145 3013 caro,
165 2949 241 3018 quad
266 2951 323 3001 iam
342 2948 506 3002 observavit
524 2950 660 3004 Garaton.
686 2951 721 3002 ad
747 2950 807 3003 Cic.
837 2968 891 3020 pro
910 2952 972 3003 Mil:
991 2955 1036 3007 28.
1056 2968 1084 3020 p.
1105 2954 1166 3007 lid.
1187 2949 1230 3004 ad.

68 3021 156 3076 Orell.
182 3019 328 3074 Ultimum
354 3037 456 3074 versus
481 3021 602 3074 verbum
628 3022 659 3073 iu
680 3021 747 3075 coa
768 3023 843 3096 Aug.
872 3023 1014 3075 scribitur
1037 3019 1174 3087 habitum,
1199 3023 1231 3076 io

67 3091 158 3215 illem.
179 3090 336 3215 Mpflitum
355 3091 374 3142 i.
395 3109 418 3146 a.
440 3090 598 3145 anhelitum.
631 3093 721 3146 Versu
748 3111 806 3163 seq.
827 3091 883 3146 duo
903 3093 974 3145 01¹.
994 3091 1128 3159 barnam,
1156 3110 1232 3147 unus

94 3179 170 3216 erna.
245 3179 270 3213 r.

140 3250 269 3312 Lernam,
290 3254 364 3301 tetra
383 3255 506 3303 mactata
527 3257 649 3314 excetra,
669 3248 809 3318 Placavit]
829 3249 878 3304 Sic
895 3251 937 3306 Ra
959 3295 966 3308 .
986 3250 1058 3306 Med.
1081 3251 1231 3305 etEliens.

68 3340 114 3392 pr.
145 3321 240 3394 Vulgo
259 3319 382 3372 Lernam
400 3327 513 3373 tetram.
534 3322 607 3375 Male
626 3330 659 3374 ut
679 3321 754 3375 vidit
769 3324 812 3377 ol.
831 3323 989 3377 Bentlerus.
1019 3322 1129 3376 Forsan
1145 3323 1232 3376 etiam

69 3393 225 3469 legendum
243 3391 385 3459 pecorini,
405 3400 437 3443 ut
455 3392 530 3463 apud
548 3394 602 3444 Vir
624 3392 707 3445 ilium
727 3393 795 3447 Aen.
816 3395 864 3461 vl,
884 3397 944 3450 8⁰3.
983 3395 1049 3448 Pari
1074 3393 1158 3446 modo
1179 3409 1233 3460 pa·

70 3471 165 3592 ὅιέιιυέι
183 3479 262 3588 aegre
280 3463 315 3517 de
334 3462 444 3518 Ocoauo
462 3412 655 3535 praedonibus
674 3480 732 3517 uon
752 3466 858 3519 infesto
876 3464 952 3518 dixit
962 3462 1101 3520 Horatius
1121 3463 1171 3517 lib.
1183 3458 1230 3516 lv,

141 3612 239 3661 tetra
256 3612 379 3659 mactata
398 3613 519 3672 excetra,
537 3605 661 3675 pacavit]
699 3603 855 3676 „Hydram
880 3607 978 3660 Latini
1006 3615 1153 3660 enoetram
1182 3623 1231 3661 vo·

69 3688 144 3744 cant,
172 3679 247 3748 quod
265 3691 323 3730 uno
349 3694 430 3730 caeso
456 3674 550 3748 capita
570 3679 628 3731 tria
654 3678 864 3734 excrescebant.
885 3706 917 3720 -
954 3679 1066 3733 Graeco
1092 3677 1231 3732 vocabulo

70 3751 182 3802 dicitur
210 3747 337 3814 echidna,
371 3748 449 3820 quod
475 3757 504 3803 at
529 3749 606 3819 apud
632 3750 750 3802 Latinos
775 3751 913 3802 usitatum
940 3758 992 3805 est.
1037 3742 1117 3801 illud
1144 3747 1233 3802 habet
1297 3769 1300 3776 ·

70 3821 186 3872 Plautus
213 3822 243 3871 in
269 3822 370 3874 Persa:
404 3836 463 3872 cum
491 3827 605 3873 excetra
625 3850 656 3862 -
676 3820 819 3872 delectare
838 3821 921 3885 mala,
941 3833 1022 3890 qaum
1039 3831 1100 3872 enm
1120 3832 1232 3874 amaras

68 3892 126 3944 hoc
152 3890 284 3943 Ovidius:
320 3891 392 3943 Pars
411 3897 496 3961 quota
514 3890 637 3945 Lerneae
655 3905 772 3960 serpena
797 3892 857 3944 eris
881 3906 953 3944 asnaa
970 3889 1123 3945 Echidnae.
1145 3916 1177 3933 ι-
1197 3920 1230 3936 -·

69 3962 160 4027 Plato,
194 3961 271 4030 qtrod
298 3971 435 4015 annotatu
463 3963 584 4038 dignum
610 3972 664 4028 est,
693 3962 797 4016 asserit
824 3964 856 4015 in
874 3961 1071 4033 Euthydemo,
1098 3961 1231 4033 Hydram

68 4036 158 4088 fuisse
170 4032 388 4085 callidissimam
401 4033 601 4104 sophistriam,
612 4036 660 4086 cui
670 4042 791 4104 propter
801 4034 970 4103 sapientiam
983 4047 1038 4105 pro
1048 4050 1108 4088 uno
1122 4045 1233 4089 sermo-v

69 4108 115 4159 uis
129 4123 161 4158 ca
184 4105 224 4157 ite
233 4111 380 4172 amputato
390 4105 481 4157 multa
488 4104 717 4176 repullulabant.
736 4105 907 4158 Beroaldus.
925 4103 1077 4172 „Lernam
1096 4112 1233 4160 terram

70 4176 122 4241 [ita
174 4174 217 4231 od.
247 4173 337 4229 Rehd.
361 4174 435 4229 Edd.
461 4177 489 4228 P.
517 4178 546 4232 Α.
565 4177 597 4232 Β.
626 4175 656 4229 O.
686 4178 721 4229 M.
746 4177 816 4230 Van.
844 4185 937 4232 nostr.
962 4178 1046 4230 Junt.
1074 4170 1139 4235 Aac.
1161 4182 1184 4232 l.
1204 4171 1231 4231 i.

67 4247 163 4302 Wolf.
189 4248 254 4301 Ald.
279 4248 359 4303 Brut.
388 4245 474 4300 head.
502 4246 595 4318 sylb]
620 4246 698 4312 „vel
723 4260 779 4317 pro
797 4246 952 4301 Lernaeae
980 4255 1088 4301 terrant
1106 4248 1231 4318 possuit,

51 4316 117 4371 ‚vel
135 4319 318 4372 scribendum
338 4326 381 4372 est
400 4318 508 4373 Lernae
527 4325 635 4371 terram
641 4336 650 4383 ς
668 4319 751 4418 prius
769 4320 861 4372 fuerit
879 4320 947 4381 tale,
967 4320 1053 4390 quala
1072 4327 1115 4372 est
1134 4319 1232 4370 urbem

70 4389 200 4439 Romam:
217 4392 374 4458 posterius,
392 4399 427 4443 ut
443 4392 538 4443 ardeas
556 4386 664 4444 Pataui.
680 4391 688 4418 ⁴
707 4386 853 4443 cameras.
890 4389 977 4446 Vides
1002 4398 1067 4444 tum
1093 4388 1230 4442 meliores

70 4457 159 4512 Godd.
183 4459 312 4513 nondum
339 4461 431 4516 tuisse
458 4462 590 4517 collatos.
635 4461 752 4517 Tetnm
781 4458 891 4518 babent
918 4460 1007 4517 mod.
1039 4460 1126 4517 Bern.
1153 4452 1228 4536 Aug.
