2828 5070
513 308 642 373 mesu
659 308 706 390 11,
732 309 767 375 6.
1164 311 1229 381 411

67 471 255 555 disciplinis
276 472 555 555 pbilosophorum
575 476 709 557 loquare
751 493 875 538 uorum
888 475 1045 558 princeps
1062 485 1226 541 maneto·

66 558 170 618 ritate
201 563 236 616 et
270 557 471 637 antiquitate
507 557 699 621 Socraticus
730 496 926 641 iristippus
957 578 1026 620 non
1059 557 1227 623 dubitarit

66 656 232 698 summum
260 640 383 700 maium
413 639 565 701 dolorem
592 639 717 704 dicere.
760 641 891 702 Deinde
911 638 955 702 ad
979 641 1066 704 banc
1085 661 1226 705 enervas

65 729 134 780 tam
169 721 431 803 muliebremque
466 724 663 784 sententiam
699 725 778 786 satis
814 721 957 785 docilem
994 743 1028 786 se
1060 725 1226 806 Epicurus

65 803 230 884 praebuit.
275 803 377 865 Hunc
405 814 479 886 post
508 804 660 868 Rhodius
680 806 923 886 Hieronymus,
956 825 1076 868 vacare
1108 807 1226 871 dolore

66 905 233 947 summum
254 887 378 949 bonum
400 887 499 951 dixit:
523 895 653 949 tantum
673 890 710 949 in
732 888 846 950 dolore
868 886 964 950 duxit
986 890 1076 954 maii.
1099 886 1225 970 ceteri,

66 979 203 1048 praeter
225 968 407 1047 Zenonem,
430 970 631 1050 Aristonem,
653 971 875 1052 Pyrrhonem,
906 969 995 1033 idem
1016 975 1100 1049 fere,
1137 971 1227 1054 quoti

66 1169 123 1223 quc
146 1168 231 1206 nemo
253 1154 378 1207 tortasse
402 1152 525 1208 offensus
551 1156 652 1209 fuisset
696 1156 753 1209 nisi
779 1156 829 1227 qui
856 1154 1074 1232 ambiguitatem
1101 1155 1226 1228 duplicis

66 1221 227 1293 particulae
246 1224 280 1277 tie
298 1243 364 1277 usus
382 1242 440 1279 non
459 1227 560 1292 ferret,
581 1193 721 1280 faciiiime
740 1227 889 1283 ferendam
906 1236 948 1293 ut,
967 1227 1097 1297 inquam,
1121 1226 1225 1283 omisso

66 1300 93 1346 et
114 1294 207 1345 minus
225 1295 314 1347 latina
334 1313 391 1349 esse
418 1296 573 1351 videretur.
611 1299 683 1351 Cum
702 1316 758 1381 qua
776 1314 828 1374 ego
856 1298 997 1351 sententia
1017 1299 1057 1350 ita
1076 1298 1161 1364 facio,
1191 1306 1226 1353 ut

66 1364 245 1420 Wolfianam
262 1374 359 1418 tamen
383 1366 598 1421 distinctionem
626 1368 823 1440 recipiendam
840 1387 898 1422 nou
917 1369 1090 1423 censuerim.
1128 1368 1226 1445 Disci7

63 1436 159 1503 plinus
184 1435 214 1487 h.
234 1436 254 1488 l.
284 1446 351 1488 sunt
378 1439 570 1506 quas'Graeci
595 1438 694 1492 dicunt
713 1441 839 1509 αἱρέσεις.
876 1441 917 1492 De
943 1439 1045 1510 quibus
1063 1440 1225 1495 accuratim

67 1508 194 1576 disputat
213 1507 248 1560 ad
264 1507 294 1559 b.
310 1508 330 1558 l.
351 1508 539 1574 Camerarius,
560 1510 641 1565 cuius
659 1511 875 1565 annotationem
892 1510 1037 1582 paullulo
1080 1511 1173 1565 iorem
1193 1510 1226 1565 in

65 1576 228 1630 Excursurn
247 1577 329 1631 adh.
348 1579 369 1629 1.
389 1580 553 1644 reiecirnus,
582 1581 629 1634 cui
649 1582 804 1658 adiungere
823 1581 918 1634 visum
936 1590 988 1647 est,
1009 1529 1085 1665 quisi
1103 1582 1138 1636 de
1176 1581 1226 1637 hi·

65 1648 203 1720 Iosophis,
231 1650 283 1718 qui
301 1649 433 1718 proxime
451 1651 647 1717 nominantur,
674 1669 792 1706 monere
809 1652 933 1705 lectores
951 1652 1104 1713 voluimus.
1166 1662 1225 1707 ete·

65 1738 132 1772 rum
151 1720 291 1773 scribitur
310 1720 342 1771 in
359 1721 426 1773 Cod.
446 1720 542 1774 Duisb.
559 1719 787 1792 pbilosophorum
805 1722 977 1792 disciplinis,
997 1722 1080 1778 vind.
1093 1728 1117 1778 1.
1137 1722 1225 1790 habet
1264 1784 1267 1791 ,

67 1790 169 1860 loquar
184 1789 426 1861 pbilosopborum:
445 1792 597 1862 utriusque
616 1794 685 1846 libri
705 1803 853 1850 corrector
871 1793 1025 1848 verborum
1043 1793 1176 1847 ordinem
1195 1794 1224 1851 ci

66 1864 226 1915 sententiae
245 1863 459 1916 accommodare
478 1862 597 1927 studuit,
618 1882 703 1934 quam
720 1865 785 1918 ioco
804 1865 895 1919 inesse
914 1862 1103 1919 existimabat.
1124 1866 1187 1921 Mr.

95 1990 105 2008 .
138 1958 165 2003 et
184 1953 354 2005 auctoritate
373 1959 400 2005 et
419 1951 597 2019 antiquitate]
619 1952 811 2011 Godd.1)uisb.
831 1954 875 2020 (in
893 1970 950 2023 quo
969 1962 1012 2006 est
1030 1952 1117 2007 etiam
1126 1952 1222 2009 Arist.

67 2021 159 2086 Socr.)
180 2024 252 2075 Gud.
272 2024 360 2077 Rebd.
381 2029 407 2076 et
425 2025 593 2093 antiquitate
611 2029 637 2076 et
654 2024 835 2078 auctoritate.
860 2025 933 2079 Gud.
954 2027 980 2079 2.
1006 2040 1124 2094 quorum
1139 2024 1224 2092 pris·

66 2110 130 2161 ceps
156 2095 324 2162 Aristippus
343 2095 503 2148 Socraticae
528 2103 554 2148 et
581 2096 712 2149 auctorit.
737 2101 764 2147 et
789 2096 881 2164 antiq.
906 2111 960 2149 non
977 2095 1125 2150 dubitavit.
1155 2096 1222 2151 eoa

66 2165 140 2240 Aug.
166 2166 323 2218 socraticae
346 2172 373 2218 et
400 2167 575 2234 Aristippus.
603 2167 677 2221 Gud.
696 2172 722 2223 1.
749 2165 923 2234 aristiphus.
962 2169 1027 2220 bion
1054 2166 1126 2219 Edd.
1149 2176 1221 2221 vett.

65 2237 209 2306 plurimae
234 2238 358 2290 dolorem
375 2254 510 2291 summum
532 2240 644 2290 malunt.
682 2237 738 2291 Sed
764 2236 850 2289 Codd.
875 2245 1005 2289 nostrum
1022 2237 1128 2290 habent
1146 2239 1224 2290 ordi·

66 2325 143 2371 nern,
163 2309 292 2377 itemque
311 2311 383 2360 blan.
412 2309 508 2362 larnb.
535 2311 583 2362 Fr.
603 2308 687 2360 i'abr.
716 2305 779 2359 Ala.
801 2308 880 2377 sylb.
908 2308 993 2360 Lecti.
1014 2306 1223 2365 Sturm.;Boul.

64 2380 146 2432 Brut.
167 2379 230 2431 Car.
251 2379 350 2448 Stepb.
372 2380 463 2431 Gebb.
483 2397 545 2448 sqq.
574 2381 628 2431 Pro
648 2376 749 2432 deinde
767 2378 878 2451 iegitur
896 2376 998 2431 debinc
1015 2377 1047 2428 in
1064 2387 1135 2431 vett.
1152 2378 1224 2433 Edd.

66 2451 130 2501 fere
150 2448 296 2500 erunibus:
331 2449 379 2501 sed
406 2450 482 2504 iliud
507 2450 613 2501 babent
630 2449 722 2505 ,eada
752 2448 881 2519 exceptis
897 2448 981 2500 Vind:
1000 2450 1027 2504 2.
1047 2464 1103 2500 uno
1124 2448 1174 2503 Ox.
1195 2458 1232 2505 ot¹

66 2534 125 2571 uno
143 2520 213 2583 Pal,
231 2515 301 2571 Edd.
322 2520 395 2570 bien.
416 2519 513 2572 lamb.
533 2518 583 2571 Fr.
604 2518 686 2570 Fabr.
708 2518 799 2571 Geth.
814 2536 893 2588 seqq.
921 2521 1049 2594 Pergtmt
1067 2526 1226 2574 cmuciatu

68 2590 107 2641 ad
125 2587 196 2641 banc
213 2589 284 2642 Edd.
304 2590 333 2640 P.
353 2587 388 2640 Α.
406 2590 439 2641 Β.
459 2588 487 2643 S.
507 2591 542 2641 E.
561 2591 633 2641 Ven.
652 2598 742 2642 nostr.
761 2589 826 2643 sse.
847 2595 872 2645 i.
892 2592 918 2645 1.
942 2591 1024 2643 Jant.
1044 2608 1080 2644 ex
1095 2591 1226 2649 iieiskia·

68 2661 114 2711 nis
133 2662 202 2712 Ven.
225 2665 247 2714 l.
268 2662 293 2715 2.
313 2659 385 2711 bled.
408 2665 433 2715 l.
452 2663 478 2714 2
502 2668 620 2730 praeter
636 2659 770 2713 laudatas.
806 2662 869 2715 Mr.

139 2731 255 2783 dacibus
278 2746 308 2782 se
330 2729 472 2796 Epicurus
492 2730 641 2799 proebmt]
678 2730 745 2788 cad.
771 2732 857 2784 Marb.
883 2729 1177 2799 epicuraeorum.
1199 2736 1224 2789 i.

67 2799 233 2868 Epicureus.
269 2803 325 2853 Pro
343 2801 423 2855 Hunc
438 2809 504 2869 post
521 2802 618 2855 lamb.
635 2807 700 2870 post
719 2799 798 2855 bunc.
829 2801 980 2856 SedGodri
1000 2811 1121 2866 tuentur
1138 2804 1226 2863 illuns

69 2873 210 2937 ordinem,
239 2873 367 2942 itemque
393 2873 466 2927 Edd.
487 2882 563 2927 'vett
588 2873 646 2925 uisi
671 2873 747 2942 quod
772 2873 821 2926 Fr.
841 2873 924 2927 Fabr.
949 2889 1004 2944 pro
1022 2890 1072 2927 sao
1090 2875 1225 2929 instituto

68 2943 239 2995 Larnbinmn
272 2953 384 2996 secutus
413 2953 463 2995 est.
506 2943 643 2996 Defendit
677 2953 809 2999 nostrum
836 2944 968 2998 ordinem
999 2944 1118 3015 eiusque
1141 2947 1226 3015 plura

67 3015 535 3139 bttpiiht⁰¹¹ttti⁰ittttl
552 3014 780 3160 iiiii&
797 3015 928 3143 inti
950 3015 1112 3155 qupoaqq.
1131 3018 1228 3139 1»qu

68 3155 115 3205 dat
153 3166 282 3207 raeterea
302 3157 427 3208 Orellius
446 3157 571 3209 Gronov.
593 3156 668 3208 obss.
715 3158 738 3208 1.
760 3159 802 3210 19.
822 3174 850 3226 p.
867 3159 929 3212 458.
950 3155 1027 3225 Lips.
1047 3156 1087 3226 [p·
1106 3160 1168 3227 605.
1181 3157 1225 3215 ed

66 3174 157 3297 Lagi.
178 3227 237 3276 nat.
260 3227 349 3290 1662]
369 3227 486 3279 Ruunt.
505 3227 540 3279 ad
557 3225 660 3290 Vellei.
688 3245 716 3296 lt·
735 3229 797 3283 att.
835 3227 971 3281 Ceterum
992 3243 1051 3279 non
1075 3227 1227 3281 admodum

65 3294 195 3365 placebat
214 3296 284 3347 baec
303 3297 523 3366 praepositionis
550 3297 735 3366 transpositio
753 3296 916 3352 FAWoiiio
937 3297 969 3350 in
997 3296 1113 3357 scholis.
1150 3298 1227 3354 iliud

67 3375 182 3418 certum
200 3375 252 3428 cst,
280 3383 421 3427 ramesse
438 3368 671 3436 frequentiorem
688 3376 752 3437 post
765 3383 931 3438 ‚pronomen
949 3367 1116 3435 relati-vum,
1142 3370 1227 3429 itern-

66 3455 122 3507 que
142 3438 218 3506 apud
236 3438 347 3506 poetas:
378 3437 427 3490 sed
445 3438 513 3489 satis
530 3439 614 3491 finna
632 3446 675 3492 ost
692 3447 790 3492 nostro
808 3439 873 3492 loco
892 3438 1036 3493 librorum
1052 3441 1226 3497 auctoritate

66 3519 97 3563 et
115 3509 254 3577 exemplis
274 3509 404 3562 laudatis.
442 3509 503 3562 Mr.
700 3520 704 3528 ·

136 3595 238 3632 cacare
257 3579 363 3645 dotare]
401 3581 444 3635 lta
462 3580 568 3649 scripsi
586 3597 654 3633 cum
670 3579 739 3633 Dav.
761 3588 790 3632 et
808 3580 855 3634 0r.
876 3597 913 3634 aa
931 3580 997 3634 God.
1017 3582 1057 3637 iic
1080 3582 1226 3707 ..Reliqui

64 3650 171 3703 habent
189 3650 286 3704 dolore
304 3665 416 3715 vacare,
435 3650 493 3702 nisi
511 3651 587 3720 quod
610 3669 684 3702 nnus
703 3652 753 3704 01.
773 3650 884 3703 omittit
906 3651 1003 3706 dolore
1020 3661 1060 3706 et·
1096 3652 1155 3707 arb.
1197 3670 1226 3709 a·

65 3721 114 3773 bet
139 3723 279 3776 doto-retu
305 3737 425 3777 vocare.
470 3724 534 3774 Post
561 3723 658 3776 damam
684 3723 737 3775 Ed.
757 3722 839 3775 Junt.
863 3722 958 3777 duaitt
992 3723 1049 3778 duo
1073 3724 1142 3779 Oxx.
1170 3740 1226 3795 pro

65 3793 167 3845 danum·
181 3792 287 3844 babent
304 3794 418 3857 malunt,
446 3809 519 3845 unus
538 3793 609 3847 dicit
626 3809 680 3864 pro
698 3793 783 3847 dicit.
804 3795 878 3846 bion.
899 3797 923 3853 1.
943 3803 1007 3865 post
1027 3799 1134 3847 tantum
1152 3794 1227 3849 inse-

65 3864 107 3914 rit
126 3862 208 3915 enim.
228 3863 318 3916 Rehd.
338 3864 423 3919 habet
441 3864 471 3916 in
489 3865 634 3917 dolorem.
663 3866 717 3918 Pro
737 3863 817 3917 duait
835 3881 909 3917 unus
929 3866 979 3916 Ox.
1003 3863 1125 3929 induxit,
1152 3866 1226 3921 alius

66 3933 197 3995 durerits
217 3933 272 3986 duo
290 3937 464 4018 maiumpro
483 3936 564 4002 mati,
583 3936 659 4006 quod
678 3944 720 3989 est
738 3936 924 3989 correctoris.
961 3935 1006 3988 Ad
1030 3935 1112 3988 razu
1139 3937 1227 3992 intei-

64 4006 126 4079 lige
147 4007 248 4057 inesse.
287 4007 341 4062 Pro
361 4007 524 4059 Aristonem
543 4026 616 4060 unus
635 4007 685 4060 01.
704 4007 896 4071 Hortatorem,
920 4006 994 4060 Gud.
1015 4009 1040 4062 1.
1065 4007 1226 4064 Aristote-

66 4092 137 4130 nem.
168 4076 318 4152 cogitabat
345 4078 499 4130 inonachus
526 4079 560 4131 de
588 4079 755 4144 Aristotele,
782 4078 840 4143 sed,
865 4078 900 4131 ad
926 4078 1063 4133 ultimam
1083 4081 1225 4151 syllabam

64 4148 140 4201 libro
160 4149 300 4219 inspecto,
320 4149 457 4223 religiose
476 4150 610 4218 procudit
634 4166 739 4202 nornen
758 4148 856 4201 nihili.
894 4150 956 4204 Mr.

136 4218 286 4286 Zenonem,
316 4221 491 4283 Aristonem,
517 4219 699 4291 Pyrrhonem]
736 4223 815 4275 Zeno
843 4238 910 4273 cum
928 4220 1034 4275 Stoicis
1060 4224 1122 4276 eius
1139 4224 1225 4276 disci-

64 4289 143 4356 pulis
160 4292 238 4343 nibil
255 4294 361 4346 bonum
380 4293 437 4344 nisi
456 4292 610 4347 honestum
627 4293 750 4363 putarit,
777 4291 903 4363 adeoque
922 4292 1000 4346 nibil
1017 4303 1136 4365 praeter
1151 4293 1225 4346 vitia

64 4358 184 4484 tuniuqso·
225 4363 267 4485 Ιέο
293 4363 453 4433 Pyrrhonis
475 4373 515 4425 ,et
543 4365 688 4420 Aristonis
719 4365 861 4421 sententia
891 4364 1020 4421 &cemus
1049 4365 1085 4419 ad
1109 4365 1159 4418 lib.
1188 4365 1221 4416 t.

65 4446 129 4498 cap.
185 4468 192 4481 .
260 4473 267 4488 .
