2828 5070
511 285 635 348 LIBER
658 286 683 362 1,
706 285 757 351 l8.
1161 288 1221 354 391

66 469 153 518 esee3
178 451 352 528 prozimum
365 458 478 522 actem,
501 469 592 531 ρυοπ
612 452 747 529 primam
764 453 853 512 mori.
896 450 965 513 (lua
986 459 1035 512 est
1058 455 1219 513 sententia
1238 461 1296 514 115.

67 535 102 592 in
127 530 331 617 Cresphqnte
353 554 432 595 usus
454 531 647 614 Euripides:

62 657 619 668 -..--------›·-—--.-----—-
795 655 1213 667 n-m—-v--w--—————

65 738 136 770 num
157 717 336 792 negligentia
364 719 462 786 periit,
490 736 548 770 non
577 717 768 771 iniucnndum
794 720 858 770 iore
886 717 1024 780 arbitror,
1052 719 1076 770 si
1095 712 1222 774 Graecos

66 792 130 843 eius
149 807 259 852 versus,
288 789 390 857 quihus
408 789 482 842 hanc
502 791 675 842 sententiam
695 790 848 859 expressit,
874 803 1034 858 apposuero
1054 790 1188 845 inventos
1207 807 1223 840 a
1312 833 1315 838 ,

65 878 113 913 me
131 860 206 929 apud
224 859 343 913 Sextum
360 859 546 929 Empiricuan
574 860 623 912 lib.
642 864 668 916 3.
689 877 750 930 cap.
778 869 814 919 τίς
844 856 916 912 ἔστιν
941 857 956 924 ἦ
980 860 1116 928 λίχομίιιυ
1142 861 1223 928 sim

65 936 128 998 περί
145 937 215 996 βίον.
253 930 302 983 Sic
322 932 399 983 enim
420 931 530 999 inquit:
562 933 630 983 ἔνιοι
654 930 686 982 di
709 933 756 985 ιιιλ
780 931 886 998 βέλτιον
913 928 983 985 ιλναι
1010 932 1041 983 τὸ
1070 928 1224 984 duodenis
1291 996 1294 1001 Ι

65 1009 116 1055 τοῦ
135 1003 182 1067 ζῆν
200 999 272 1067 ἡμᾶς
291 1002 552 1069 ὑπολαμβάνουσιν·
570 1004 586 1054 ό
605 998 676 1068 χοόν
690 1000 840 1070 Εὐριπίδης
859 1011 952 1073 φησίν.
1060 1032 1063 1037 ·

233 1070 286 1124 ἀλλ’
306 1071 392 1140 λχρῆν
411 1070 483 1138 ἡμᾶς
501 1075 634 1137 σύλλογον
652 1077 835 1138 ποιουμένους
854 1091 877 1127 ιι.
899 1093 921 1128 τ,
942 1075 965 1129 λ.
1215 1095 1218 1103 ·

67 1144 194 1212 [reliqua
212 1144 270 1195 vid.
291 1145 321 1194 iu
341 1151 437 1196 annot.
458 1142 541 1208 Dara]
569 1145 707 1196 Fabulam
728 1152 823 1198 autem
842 1142 877 1198 de
894 1142 993 1198 Sileno
1011 1151 1095 1213 capto
1114 1161 1129 1197 a
1150 1145 1223 1199 Mida

66 1231 138 1288 rege
155 1214 326 1267 Aristoteles
345 1213 447 1266 inultis
464 1215 560 1268 verbis
580 1217 715 1284 exposuit
734 1217 765 1269 in
784 1214 868 1278 libro,
889 1216 936 1267 oui
955 1215 1060 1269 titulus
1080 1222 1142 1269 erat
1161 1214 1224 1269 Eu·

66 1287 177 1347 demus,
197 1287 245 1338 vei
265 1285 299 1338 de
318 1286 426 1349 suisne,
446 1302 532 1354 quem
551 1293 645 1338 totum
665 1287 761 1339 locum
782 1282 952 1339 Plutarchus
971 1285 1083 1354 aceepit
1101 1287 1133 1339 in
1150 1285 1224 1339 Coo-

66 1355 208 1408 solatioue
231 1356 267 1410 ad
293 1356 500 1425 Apollonium:
528 1363 704 1426 postremam
733 1365 847 1411 tentum
871 1354 921 1409 hic
946 1357 1007 1411 eios
1026 1363 1142 1426 partem
1159 1354 1225 1409 attt-
1316 1414 1320 1423 ,

65 1444 149 1500 gam:
168 1445 236 1480 nam
256 1435 284 1480 et
303 1425 389 1479 valde
407 1424 457 1479 hic
475 1434 550 1496 apta,
569 1436 598 1481 et
617 1427 736 1503 egregie
754 1428 788 1480 ab
807 1442 839 1481 eo
858 1435 974 1480 narrata
993 1435 1055 1480 ests
1073 1428 1153 1478 τοῦτο
1173 1424 1225 1492 μὲν

65 1502 161 1564 ἐκείνῳ
183 1500 219 1562 τῷ
244 1497 321 1565 Μίόᾳ
345 1499 454 1563 λέγουσι
477 1498 567 1564 dunno
591 1502 659 1564 μιτίι
686 1503 735 1566 τὴν
757 1493 840 1562 ἧτταν
863 1495 900 1558 ὡς
923 1500 1003 1565 ἕλοιμι
1026 1499 1075 1550 τόν
1093 1499 1224 1563 tartaros

65 1569 239 1636 διερωτῶντι,
264 1574 308 1620 καί
333 1571 550 1634 πυνθανομένῳ,
578 1577 604 1622 τί
629 1573 692 1621 ποτ’
719 1567 776 1621 ἐστὶ
801 1568 832 1622 ad
849 1569 955 1635 βέλτιον
979 1572 1036 1630 τοῖς
1054 1571 1223 1638 ἀνθρώποις,

64 1643 111 1694 καλ
127 1646 154 1693 τί
170 1642 200 1692 τό
219 1641 329 1692 πάντων
346 1640 377 1691 αι*
410 1646 537 1700 τώταιον,
562 1643 594 1694 τὸ
612 1641 665 1705 μὲν
683 1642 795 1708 πρῶτον
811 1637 894 1693 sidtu
910 1637 1013 1693 tettan
1030 1641 1131 1702 atsstv,
1157 1638 1224 1695 ἀλλὰ

65 1716 177 1778 σιωπᾷν
203 1708 342 1780 ἀρρήτοις·
376 1656 474 1777 iisset)
503 1709 535 1763 da‘
560 1729 629 1766 nora
655 1714 732 1778 μόλις
757 1712 851 1773 πᾶσαν
867 1715 999 1778 μηχανὴν
1023 1717 1224 1778 μηχανώμενος

66 1784 251 1849 προςηγοὲγετο
270 1781 448 1851 φθέγξασθαί
466 1802 491 1833 τι
509 1784 577 1851 πρὸς
596 1781 680 1834 αὐτὸν
697 1782 783 1842 οὕτως
800 1779 1026 1850 ἀναγκαζόμενον
1044 1784 1141 1836 εἰπεῖν’
1162 1781 1222 1839 δαί·

64 1870 151 1919 μονος
171 1852 305 1905 ἐπιπόνου
323 1853 468 1920 καλτύχρς
485 1854 606 1919 χαλιπῆς
625 1853 765 1921 λφόιιερον
782 1853 902 1922 σπέρμα,
929 1857 957 1905 τί
979 1870 1016 1917 μι
1038 1856 1164 1920 βιάζεσθε
1180 1851 1222 1905 λέ-

66 1937 136 1991 γειν,
164 1918 184 1973 d
202 1923 268 1990 ὑμῖν
294 1923 388 1990 ἄρειον
404 1928 443 1990 μὴ
467 1928 590 1990 rauseis
626 1926 683 1988 μα’
707 1922 822 1991 ἀγνοίας
847 1929 902 1994 χὰρ
921 1932 980 1977 τοῖν
998 1920 1110 1978 οίιιτίων
1129 1929 1223 1976 κακοῖν

65 1992 235 2053 ἀλυπότατος
254 1998 269 2044 ό
287 1998 361 2061 siloe·
386 1992 546 2064 ἀνθρώποις
565 1976 596 2046 di
615 1998 733 2062 πάμπαν
758 1992 808 2048 οὐκ
835 1994 892 2048 ἔστι
909 1995 1040 2061 γενέσθαι
1060 1997 1093 2047 τό
1112 1998 1224 2049 πάντων

65 2066 189 2132 ἄριστον,
208 2062 273 2119 etet
291 2071 448 2135 μετασχεῖν
459 2071 505 2130 τῆς
522 2073 572 2119 τοι]
589 2071 725 2132 {Meletos
744 2073 864 2136 φύσιας·
885 2068 998 2134 ἄριστον
1017 2068 1070 2136 γὰρ
1085 2071 1160 2118 πᾶσι
1178 2071 1223 2120 καί

65 2139 165 2196 πάσαις
183 2138 212 2188 τὸ
230 2140 270 2204 μὴ
287 2137 432 2202 γενέσθαιι
463 2138 495 2189 τὸ
512 2138 609 2205 μέντοι
625 2140 694 2205 μετὰ
711 2140 794 2192 τοῦτο
811 2141 857 2190 καὶ
874 2140 905 2191 τὸ
923 2142 1036 2211 πρῶτον
1059 2144 1116 2192 rota
1132 2132 1223 2191 ἄλλων

65 2204 200 2260 ἀνυστόν’
232 2209 360 2275 δεύτερον
393 2208 434 2268 di,
457 2210 488 2262 τὸ
511 2208 680 2276 γινομένους
705 2208 860 2273 §saumata
888 2206 925 2267 ὡς
949 2213 1073 2274 τάχιστα.
1111 2208 1168 2262 Sed
1194 2217 1223 2262 et

64 2281 287 2349 consequentem
311 2279 440 2331 fabulam
465 2279 501 2331 de
525 2280 631 2347 Elysio
654 2278 798 2333 Terinaoo
826 2280 851 2342 (a
871 2281 965 2347 petria
992 2286 1090 2332 autem
1109 2280 1150 2331 ita
1169 2278 1223 2332 itta

64 2349 227 2418 appellatus
246 2357 304 2402 est:
325 2368 392 2402 nam
415 2350 520 2402 Terina
538 2351 607 2400 urhe
625 2351 685 2403 tuit
703 2350 766 2402 ina
790 2365 823 2401 ro
844 2348 1042 2412 Crotoniensi)
1065 2351 1096 2402 in
1121 2347 1221 2403 eodem

64 2422 273 2474 commentario
294 2419 463 2473 Plutarchus
482 2420 597 2490 prolixe
617 2429 725 2472 narrat.
769 2368 863 2485 {uere
882 2437 919 2473 ne
937 2419 967 2472 lo
1010 2420 1056 2472 ior
1072 2420 1140 2484 aiut,
1158 2432 1222 2474 enm

64 2493 205 2543 omittam.
244 2492 350 2555 Potest,
376 2492 427 2560 qui
455 2490 628 2566 diligentins
655 2486 940 2561 ipsam”explioatnm
959 2492 990 2543 vi
1010 2507 1058 2544 ere
1081 2491 1155 2555 vult,
1182 2489 1221 2542 ibi

67 2580 128 2615 eam
148 2562 254 2637 legere.
293 2560 364 2614 Tres
391 2569 505 2614 tantum
530 2561 701 2625 versiculos,
727 2579 798 2632 quos
823 2562 926 2616 Cicero
954 2570 982 2614 et
1005 2562 1067 2631 ipse
1091 2561 1222 2614 versibus

43 2633 208 2694 'reddidit,
242 2631 391 2701 adponam,
429 2633 483 2684 etsi
511 2630 708 2687 mendosiores
736 2641 813 2698 sunt,
841 2633 899 2687 nisi
921 2632 1021 2697 fallor,
1050 2633 1081 2685 in
1109 2633 1222 2685 exousia

66 2703 217 2757 Plutarchi
236 2703 399 2756 Codicibus.
435 2701 509 2754 Sunt
526 2711 623 2756 autem
641 2702 688 2756 hi:

231 2777 298 2842 ἤρου
317 2772 502 2840 spendidius
521 2773 623 2842 φρίνας
642 2764 755 2843 ἀνδρῶν
773 2774 844 2840 (sio)
862 2790 887 2825 ιι.
908 2776 963 2827 τ.λ
1116 2818 1119 2824 .
1214 2822 1218 2827 .

67 2845 191 2915 [reliqua
218 2846 275 2897 vid.
304 2846 335 2896 in
358 2853 455 2896 annot.
474 2843 558 2911 Dav]
594 2844 739 2898 Existimo
758 2852 855 2899 autem
873 2845 928 2898 leto
956 2847 1018 2898 aine
1037 2840 1221 2921 diphthongo

65 2917 97 2967 in
122 2917 250 2985 ipsorum
275 2917 518 2984 interpretatione
543 2915 631 2968 scribi
655 2915 769 2980 dehere,
804 2924 837 2968 ut
859 2917 971 2983 potitos·
993 2917 1048 2968 leto
1073 2916 1222 2990 significet

64 2995 189 3039 anortuua
207 2995 257 3039 est.
295 2988 414 3039 Munere
432 2993 529 3040 antem
549 2988 683 3050 sotorum,
702 2989 770 3056 quia
789 3003 869 3039 mors
887 2987 939 3040 illa
957 2987 1057 3039 fatalis
1072 2987 1173 3048 luerit,
1192 2991 1222 3039 et

65 3075 122 3109 non
141 3067 259 3126 praeter
277 3067 409 3109 naturam
428 3067 601 3126 praeterque
626 3060 730 3122 fatum,
756 3057 998 3126 quemadmodum
1022 3056 1074 3109 ille
1094 3057 1221 3126 suspica·

65 3129 158 3179 hatur.
196 3129 270 3178 Nam
298 3131 340 3179 sic
367 3131 542 3197 expressisse
567 3128 738 3181 ciceronem
765 3128 941 3182 credendum
967 3136 1012 3181 est
1035 3127 1122 3180 verba
1149 3125 1221 3179 haee

66 3198 239 3266 posterioris
258 3211 360 3248 versus
379 3203 463 3249 κεῖται
480 3198 610 3267 μοιριδίῳ
628 3197 771 3263 θανάτφ.“
808 3200 869 3253 Me.
1001 3239 1005 3256 .
1216 3226 1219 3231 ·

136 3267 197 3318 Νοπ
223 3266 303 3317 nosci
327 3265 435 3318 homini
462 3269 544 3333 longe
569 3270 702 3336 optimum
724 3285 800 3321 ease:
836 3268 999 3336 prozimum
1023 3274 1114 3320 erstem
1138 3283 1222 3337 quant

63 3338 187 3408 primum
212 3337 297 3401 osori]
335 3338 501 3390 Lactantius
526 3337 592 3390 niv.
619 3340 688 3393 lnst.
713 3339 764 3391 tib.
791 3341 843 3393 111.
876 3357 938 3409 cap.
964 3343 1007 3396 1⁹.
1044 3340 1144 3405 inepta
1167 3338 1221 3394 ι’λλσ
1316 3388 1319 3394 .

65 3410 204 3462 scatentia
225 3408 407 3476 -primum
425 3408 531 3460 honum
558 3425 696 3464 essenon
719 3411 817 3476 nascia
841 3409 998 3464 ”cundum
1022 3411 1110 3464 eitius
1133 3410 1220 3463 mori.

64 3483 142 3536 Quae
160 3489 189 3532 ut
215 3479 335 3533 maioris
359 3479 398 3531 ait
421 3480 608 3546 auctoritatis,
633 3479 729 3534 Sileno
755 3481 932 3534 ottss‘tus'tar.
970 3481 1125 3536 Notissimi
1151 3487 1221 3535 sont

64 3552 97 3604 hi
117 3571 235 3606 versus:
1060 3558 1063 3563 '

229 3624 329 3691 Ἀρχὴν
347 3619 400 3687 μέν
416 3624 455 3690 μὴ
474 3624 560 3693 φῦναι
578 3624 783 3691 ἐπιχθονίοισιν
799 3625 921 3692 ἄριστον,

231 3698 322 3749 Φίντα
341 3693 366 3743 δ’
386 3693 463 3752 ὅπως
480 3695 580 3747 ὤκιστα
599 3697 683 3754 πύλας
700 3693 794 3747 uideo
811 3697 935 3766 περῆσαι.
1215 3726 1219 3733 ·

64 3764 122 3816 Eos
140 3766 267 3817 Homero
286 3765 391 3818 tribuit
415 3775 517 3818 auctor
535 3765 661 3818 certam.
682 3784 716 3835 pa
742 3769 810 3822 .2s.
848 3768 895 3830 Aa,
919 3767 1091 3836 interposito
1117 3773 1220 3836 penta-

64 3842 171 3899 metro,
190 3836 218 3888 le
240 3845 330 3887 nntur
347 3835 423 3904 apud
432 3834 512 3890 Theo
537 3836 634 3889 uidem
652 3840 720 3890 aad
758 3852 872 3906 .quem
886 3845 1040 3891 auctorato
1058 3844 1220 3911 agnoscunt

65 3906 201 3958 Clemens
220 3855 328 3959 duom.
350 3906 402 3958 ΙΙΙ.
424 3925 489 3983 pag.
509 3856 569 3962 egli.
608 3906 807 3960 Theodoretus
826 3908 952 3977 Theeap.
973 3911 1005 3958 V.
1033 3926 1098 3985 pag.
1119 3909 1161 3963 tt.
1191 3917 1220 3962 et

63 3977 200 4030 Stohaeus
227 3977 318 4029 Serm.
348 3978 442 4030 cxlx.
471 3978 514 4043 [Τ.
536 3978 588 4031 111.
614 3996 642 4049 p.
663 3981 723 4032 tot.
745 3977 849 4043 estet]
888 3979 923 4030 in
948 3978 1066 4032 eandem
1092 3988 1219 4034 mentam

63 4050 231 4102 coacervari
260 4050 374 4117 possint
397 4049 621 4119 quamplurima.
660 4048 731 4099 Vide
756 4050 794 4100 sis
819 4048 934 4103 Anthcl.
964 4050 1013 4103 tib.
1043 4051 1064 4104 1.
1092 4049 1150 4103 Tit.
1178 4053 1218 4106 tu

63 4122 220 4173 Ausonium
247 4120 283 4171 ‹le
307 4119 386 4174 amb.
412 4122 491 4172 ritae
516 4139 558 4172 vs.
584 4122 628 4175 49.
666 4118 793 4172 Plinium
812 4121 847 4172 H.
868 4122 902 4173 N.
931 4121 980 4175 lits.
1000 4122 1062 4177 Vll.
1089 4121 1218 4175 Prooem.

64 4192 277 4260 Hieronymum
303 4192 334 4243 in
359 4191 438 4260 Epit.
466 4192 570 4263 Nepet.
595 4207 657 4264 pag.
677 4192 721 4245 λδ.
759 4189 896 4246 Senecam
920 4192 1059 4247 Conanti
1080 4194 1219 4246 ¹Marciam

66 4279 128 4330 cap.
148 4263 235 4316 xxu.
255 4263 393 4331 aliosque.
430 4263 514 4326 Nam,
533 4261 610 4330 quod
628 4263 669 4313 ait
686 4259 799 4327 Alexis,

232 4367 264 4376 -
288 4331 327 4386 Τὸ
347 4329 454 4395 πολλοῖς
473 4335 528 4385 τῶν
546 4336 647 4401 σοφῶν
663 4332 820 4403 εἰρημένον,
885 4356 888 4361 ·

234 4400 272 4458 Τὸ
290 4400 329 4475 μὴ
347 4402 480 4474 γενέσθαι
497 4403 552 4474 μλν
569 4398 715 4475 κράτιστόν
731 4402 784 4458 ior’
810 4406 863 4471 ιίιί,
