2828 5070
27 364 31 371 -
125 319 187 385 420
332 311 562 378 CICERONIS
584 311 830 378 TUSCULAN.
854 309 1085 377 DISPU'I'AT.

125 503 225 567 quum
267 480 493 543 obruerentur
532 480 629 561 copia
670 481 912 548 sententiarum
948 489 1045 561 atque
1085 477 1286 555 verborum,

125 567 334 628 ieiunitatem
357 573 390 626 et
410 566 529 624 samem
552 582 587 623 se
608 564 718 640 malle,
750 583 847 644 quam
868 563 1056 623 ubertatem
1084 570 1117 624 et
1139 566 1286 645 copiam,

125 650 292 712 dicerent:
314 644 403 709 unde
425 654 499 707 erat
520 654 674 707 exortum
695 666 799 732 genus
820 646 1023 718 Atticorum,
1045 647 1088 706 iis
1109 647 1202 727 ipsis,
1226 649 1286 728 qui

123 731 161 794 id
181 733 274 813 sequi
298 750 334 792 se
361 729 618 811 profitebantur,
647 730 816 815 ignotum:
856 731 912 809 qni
938 729 1005 788 iam
1032 732 1285 807 conticuerunt,

124 925 260 989 quantam
280 916 337 986 ipsi
357 916 496 984 consequi
514 931 573 967 non
591 913 741 984 possent,“
777 915 859 967 Unus
879 915 930 968 Ox.
957 913 1046 968 habet
1061 922 1231 981 proponeret
1253 943 1285 952 -

123 991 294 1043 comeretur.
333 987 479 1040 obruendi
508 986 596 1039 verbo
623 987 763 1040 similiter
780 1004 847 1039 usus
873 993 916 1039 est
935 986 1037 1039 Cicero
1065 988 1143 1038 intra
1162 987 1217 1042 111.
1238 990 1283 1042 33.

123 1064 172 1117 80:
202 1061 244 1112 ita
265 1073 385 1127 pas-oum
409 1059 512 1109 matam
535 1064 567 1109 nt
589 1057 621 1109 id
645 1058 820 1109 obruatur
844 1057 986 1124 sapientia
1012 1057 1113 1126 uirque
1132 1065 1283 1125 apparent.

122 1133 155 1184 V.
176 1136 224 1187 19:
262 1129 380 1184 Mariua
399 1157 432 1165 -
451 1129 549 1182 Catuli
567 1161 600 1169 -
619 1127 736 1181 interita
764 1144 814 1180 sea
840 1145 904 1181 suos
931 1129 1051 1181 obruit
1082 1130 1283 1195 magistratus.

123 1204 191 1256 Post
210 1209 291 1272 atque
311 1202 444 1271 sequitur
463 1201 554 1251 cultu
573 1199 717 1252 uerborum
734 1199 766 1251 in
784 1216 843 1252 uno
864 1200 933 1253 cod.
943 1237 952 1265 ‚
979 1217 1067 1268 quem
1085 1200 1185 1251 laudat
1204 1201 1284 1252 Gru·

123 1282 205 1329 terus
225 1275 256 1326 in
276 1272 421 1341 Crepund.
441 1271 495 1326 111.
510 1275 541 1326 3.
560 1288 589 1340 p.
609 1274 671 1326 469.
699 1271 787 1340 idque
812 1274 923 1324 frustra
948 1271 1044 1340 recipi
1069 1271 1194 1336 volebat,
1220 1273 1283 1323 lan-

123 1345 197 1399 datis
223 1343 416 1412 Quinctiliani
443 1343 515 1395 locis
542 1342 593 1393 111.
618 1346 652 1397 8:
686 1342 831 1394 iss-verbis
857 1371 889 1380 -
914 1343 1048 1394 cultam
1070 1344 1282 1407 affectaverunt,

122 1417 202 1480 vill,
223 1423 256 1470 l:
275 1415 352 1467 cuttu
372 1429 506 1465 -ee-
527 1413 699 1466 commendat
720 1415 820 1480 -qui
844 1413 923 1465 dicit.
955 1414 1040 1465 Vind.
1062 1419 1087 1467 l.
1114 1413 1201 1466 habet
1220 1431 1284 1466 eer-

122 1488 218 1541 bcrum
242 1486 327 1539 cuitu.
361 1483 450 1537 Rehd.
478 1484 624 1536 verborum
649 1485 789 1539 cultum.
827 1485 928 1569 Pergit
951 1484 1026 1537 Gud.
1059 1485 1202 1537 lenitatem
1227 1501 1283 1555 pro

122 1558 309 1612 ieiunitatem.
348 1555 493 1608 Similiter
519 1573 552 1607 ac
577 1563 678 1608 nostro
701 1555 765 1608 loco
792 1556 911 1626 scripsit
937 1554 1039 1609 Cicero
1068 1556 1099 1607 in
1118 1556 1208 1608 Bruto
1236 1560 1282 1619 55,

123 1633 189 1685 lou:
216 1628 266 1681 aed
293 1629 416 1679 cavenda
443 1632 484 1678 en
506 1642 604 1693 presso
623 1626 671 1678 itti
689 1626 801 1680 oratori
824 1627 953 1694 inopia
976 1634 1003 1679 et
1022 1627 1206 1678 ieiunitas.
1246 1628 1282 1679 In

122 1698 192 1755 (iod.
212 1699 310 1751 Duisb.
337 1697 516 1750 ieiunitatem
542 1713 572 1749 ee
599 1699 684 1751 malie
706 1704 733 1750 et
759 1699 870 1764 samem.
908 1700 1016 1752 Vocem
1040 1698 1148 1766 copiam
1167 1697 1284 1751 omittit

122 1769 192 1825 cod.
214 1769 291 1823 Gud.
311 1771 337 1823 2
374 1770 435 1823 Mr.
477 1822 482 1829 ,

122 1877 129 1886 ·
191 1861 262 1914 rende
281 1867 344 1913 eret
361 1866 489 1913 exortum
506 1875 598 1927 genus
616 1858 797 1928 Atticorum]
834 1897 853 1924 ‚‚
862 1859 989 1931 Antiqua
1008 1867 1152 1914 oratorum
1171 1856 1282 1911 divisio

121 1932 182 1986 ruit
200 1934 279 1986 inter
288 1933 400 1985 Atticos
420 1940 449 1985 et
460 1931 621 1999 Asiaticos:
642 1945 679 1985 ex
695 1933 800 2002 quibus
819 1932 911 1985 Attici
929 1933 1034 2002 pressi,
1052 1931 1157 1992 limati,
1178 1947 1284 1983 eunun-

96 2016 100 2023 '
123 2005 164 2059 cti
187 2003 374 2067 habebantur,
403 2001 481 2053 nihil
508 2003 593 2055 inane
620 2011 669 2056 aot
695 2004 860 2057 redundans
885 2005 1030 2056 ferentes:
1056 2009 1156 2054 contra
1180 2002 1282 2055 Asiani

121 2076 227 2138 inflati,
247 2071 404 2139 turnidila'c
424 2069 584 2127 iactator-es.
606 2074 672 2127 Mox
689 2075 810 2127 tertium
829 2093 921 2149 genus
940 2075 1110 2126 adiecerunt
1125 2071 1282 2137 Rhodium,

122 2147 199 2217 quod
218 2143 302 2196 velut
320 2144 448 2197 inedium
467 2161 529 2197 esse
547 2152 632 2215 atque
651 2161 687 2198 ex
705 2152 831 2216 utroque
849 2145 972 2196 mistum
990 2144 1157 2199 voluerunt.
1181 2145 1282 2214 Neque

123 2218 202 2271 euim
222 2214 327 2268 Rhodii
347 2224 475 2268 oratores
494 2215 592 2268 Attice
610 2215 712 2284 pressi,
743 2233 839 2286 neque
865 2214 970 2268 Asiane
998 2224 1067 2267 snut
1095 2215 1280 2268 abundantes.

121 2287 145 2341 Ο
166 2290 272 2340 timum
291 2295 387 2340 autern
406 2304 498 2363 genus
517 2304 576 2340 esse
595 2286 762 2340 Atticorum
780 2301 866 2339 nenio
886 2284 1041 2348 infitiatur,
1061 2286 1097 2340 de
1118 2303 1174 2356 qno
1195 2287 1283 2352 Quin-

122 2304 253 2425 tiiianus,
281 2358 383 2412 Cicero
403 2366 433 2411 et
452 2359 541 2411 ceteri
566 2359 635 2410 satis
659 2357 763 2409 multa.
800 2357 887 2409 Nunc
910 2357 947 2407 Μ.
967 2354 1084 2409 Tullius
1109 2366 1188 2409 taxat
1211 2355 1282 2409 illu-

120 2432 224 2501 ditque
238 2449 296 2495 eos,
316 2431 377 2501 qni,
396 2430 465 2482 dum
481 2429 582 2482 volunt
594 2428 690 2487 videri
708 2429 802 2497 pressi
821 2435 851 2482 ot
870 2426 976 2492 limati,
996 2429 1090 2480 instar
1105 2429 1281 2492 Atticorum,

122 2502 199 2556 fiunt
218 2503 320 2567 ieiuni,
347 2501 422 2556 aridi
450 2508 479 2552 et
498 2517 666 2585 exsangues,
695 2508 733 2564 et,
761 2498 839 2569 quod
857 2515 1045 2567 consequens,
1074 2515 1129 2569 pro
1147 2499 1283 2551 ridiculis

122 2575 321 2643 repudiantur.
360 2572 527 2643 Subrepunt
554 2590 631 2624 ennn
656 2586 711 2640 pro
739 2571 899 2623 virtutibus
919 2571 993 2623 vitia
1015 2571 1206 2640 proximitate
1225 2568 1283 2622 sal·

122 2645 245 2698 lentia.“
273 2643 438 2695 Beroaldus.
476 2642 518 2694 Do
544 2641 640 2695 Attico
666 2640 781 2694 dicendi
806 2658 913 2717 genere
941 2659 969 2694 v.
992 2641 1052 2695 Cic.
1079 2641 1155 2694 Orat.
1175 2643 1210 2695 23
1238 2659 1280 2710 sq.

122 2713 261 2781 Quinctil.
282 2715 351 2766 Inst.
373 2713 419 2768 Or.
439 2713 501 2766 ΧΠ.
521 2717 562 2767 10.
585 2715 618 2768 so
636 2729 698 2783 sqq.
728 2710 820 2765 Tacit.
839 2711 916 2765 Dial.
937 2712 974 2766 de
993 2713 1085 2766 causis
1104 2728 1178 2765 corr.
1206 2711 1281 2781 eloq.

122 2802 147 2838 c.
169 2790 211 2840 18.
234 2819 265 2827 -
286 2784 354 2837 Cod.
375 2786 450 2836 Mon.
473 2790 496 2839 1.
516 2781 603 2838 habet
621 2784 688 2836 inde
727 2800 759 2835 ro
777 2785 858 2837 unde.
883 2783 969 2835 vina·
989 2786 1015 2840 2.
1042 2789 1168 2835 exortum
1190 2798 1283 2848 genus

123 2863 194 2909 erat.
214 2856 286 2910 Gud.
309 2861 333 2912 l.
354 2864 474 2908 exortus.
496 2855 576 2908 Unus
596 2856 646 2909 Ox.
666 2799 846 2910 adicerem.
885 2853 1057 2909 Gebbardna
1076 2870 1141 2905 cnm
1160 2853 1193 2904 in
1212 2853 1283 2905 ‹ino-

121 2927 173 2982 bus
202 2928 289 2980 Codd.
318 2926 475 2996 reperisset
499 2926 548 2995 qui
575 2942 605 2978 ae
627 2927 847 2994 profitebantur,
883 2925 1031 2979 immerito
1056 2941 1122 2975 eum
1147 2938 1281 2974 errorem

121 3000 266 3071 probabat.
304 2998 385 3050 Unus
405 2998 454 3049 Ox.
475 2996 565 3048 blarb.
586 2996 700 3050 omittit
719 3012 758 3062 se,
782 2997 866 3049 Vind.
889 3001 913 3052 l.
939 2995 1012 3049 Gud.
1040 2998 1180 3047 omittunt
1199 2993 1282 3058 sequi

122 3087 160 3124 se.
181 3070 270 3126 Rehd.
290 3069 376 3122 habet
396 3085 425 3120 se
445 3068 479 3121 id
496 3068 586 3137 aequi,
605 3070 661 3122 duo
681 3066 750 3120 Oxx.
771 3069 819 3138 qui
837 3068 870 3120 s'd
888 3064 1035 3135 assequi
1052 3063 1153 3118 idem.
1174 3061 1233 3114 MS.
1246 3064 1280 3114 in

122 3160 214 3218 marg.
235 3142 318 3196 Verb.
339 3139 389 3210 qui
408 3140 521 3209 assequi
539 3139 571 3190 id
588 3156 625 3193 ee.
651 3138 732 3192 Unus
752 3139 803 3193 Ox.
820 3137 1013 3208 profitebatur.
1050 3133 1109 3186 Mr.

194 3232 330 3283 Exortum.
347 3246 435 3296 genua
453 3229 624 3296 Atticorum]
649 3229 706 3282 Eos
726 3229 880 3304 intelligit,
900 3227 961 3312 qui,
986 3225 1054 3279 dum
1079 3221 1282 3278 characterem

123 3301 264 3354 simulant
283 3301 423 3361 Atticum,
448 3301 579 3353 ieiunum
604 3316 637 3353 ac
663 3316 770 3354 enerve
797 3298 915 3353 dicendi
940 3314 1033 3373 genus
1051 3295 1280 3366 amplectuntur.

122 3371 338 3438 Quinctilianns
359 3370 518 3425 lust-Orat.
538 3370 663 3423 liuxlt.
683 3387 746 3439 cap.
767 3373 808 3425 lo.
830 3369 955 3438 Antiqua
974 3367 1085 3436 quidem
1104 3366 1162 3439 ilia
1174 3366 1280 3419 divisio

121 3442 197 3494 inter
215 3443 340 3494 Asianos
359 3449 441 3509 atque
459 3439 570 3492 Atticos
588 3442 653 3505 tuit,
682 3458 743 3494 cum
760 3438 791 3492 tn·
806 3440 902 3508 presai
920 3445 947 3491 et
972 3437 1091 3509 integri,
1111 3435 1216 3491 'contra
1234 3436 1280 3488 in·

122 3512 186 3574 tiati
204 3512 249 3563 itti
267 3519 293 3563 et
312 3513 411 3564 inanes
430 3506 612 3574 baberentun·
646 3519 673 3565 et
695 3514 727 3566 in
745 3509 790 3565 bia
817 3509 890 3563 nibil
906 3506 1104 3578 superdueretj
1126 3508 1189 3562 iliis
1207 3507 1280 3560 iudi·

121 3581 197 3633 cium
215 3584 332 3634 sarazime
357 3598 390 3633 ac
417 3582 512 3632 nrodua
537 3583 652 3639 deesset.
674 3615 707 3625 -
745 3580 822 3637 Mibi
843 3581 910 3644 falli
934 3580 1054 3632 multum
1072 3580 1212 3646 uidentur,
1233 3578 1281 3648 qai

122 3652 197 3704 solos
216 3668 274 3704 ease
293 3653 405 3705 Atticos
424 3653 539 3704 credunt
558 3658 661 3715 tenues,
681 3660 706 3706 et
727 3653 842 3713 lucidos,
867 3657 894 3704 et
914 3650 1118 3718 significantes,
1145 3650 1195 3704 sed
1213 3667 1282 3720 qua-

122 3724 189 3778 tiam
208 3724 381 3789 eloquentiae
399 3723 572 3790 frugalitate
590 3721 790 3789 contentoa,'et
809 3738 917 3790 semper
928 3724 1053 3774 'manum'
1064 3721 1145 3774 intra
1162 3721 1281 3790 pallium

121 3794 302 3847 continentes.
341 3793 444 3856 Cicero
464 3795 496 3845 in
514 3793 605 3848 Bruto
623 3795 683 3865 capss
704 3796 748 3851 84.
770 3794 883 3847 'Attico
902 3790 1003 3860 genere
1030 3791 1144 3847 dicendi
1162 3792 1281 3859 segan-

122 3866 190 3919 dere
209 3867 315 3921 dicunt.
343 3865 497 3934 Sapienter
515 3866 547 3918 id
566 3866 686 3935 quium,
705 3874 788 3937 atque
806 3862 1128 3931 utinams'mitarentur,
1148 3881 1199 3919 nec
1216 3879 1281 3916 ossa

121 3935 222 4000 sotum,
243 3938 395 3990 sedetiam
414 3937 588 4003 sanguinem.
623 3938 694 3992 Vide
712 3946 741 3992 et
758 3954 818 4008 cap.
839 3939 883 3994 82·
921 3933 997 3987 Orat.
1018 3950 1079 4005 cap.
1100 3938 1126 3990 ’1.
1157 3944 1188 3989 et
1205 3931 1280 3989 Dial.

120 4005 157 4060 de
176 4009 371 4064 causiacum.
392 4002 558 4079 Eloq.'cap.
579 4010 622 4065 18.
658 4008 695 4062 D.

126 4149 129 4157 ,
193 4094 241 4162 qui
258 4095 327 4160 iam]
363 4085 801 4161 „Antament“'nm.,1uale;
828 4102 862 4146 nt
879 4094 986 4146 merito
1005 4094 1116 4156 indicat
1135 4094 1183 4148 Or.
1203 4092 1282 4148 Scri-

12 4203 23 4225 „
120 4164 202 4219 bitur
221 4166 381 4219 conticuere
400 4169 430 4218 in
471 4168 599 4239 lorisque
617 4168 711 4221 libris.
748 4165 803 4220 Sed
823 4165 1015 4218 Ciceroniana
1032 4166 1129 4227 forma
1153 4175 1199 4219 est
1216 4182 1282 4218 con-

121 4233 281 4300 simeram·
304 4253 390 4304 quarn
415 4254 429 4289 e
475 4238 553 4305 'bant
581 4239 668 4294 Codd.
692 4239 731 4292 tte
754 4277 759 4289 .
790 4237 864 4291 Gud.
886 4238 956 4293 1.2.
985 4235 1178 4313 Aug.·1tehd.
1206 4237 1281 4291 Gud.

120 4306 221 4364 Duisb.
245 4306 335 4361 Marb.
358 4307 430 4360 Edd.
456 4308 528 4365 Dav.
555 4310 602 4363 Or.
632 4309 703 4364 Tbn.
733 4257 824 4362 dinus
855 4307 912 4361 Pal.
942 4323 1029 4375 paene
1059 4309 1094 4360 ab
1127 4309 1191 4375 ipso
1217 4309 1283 4372 foro

121 4377 233 4448 trusi,
259 4377 336 4449 qnod
355 4377 395 4431 ita
434 4378 662 4447 robabatGebht,
698 4390 730 4432 ut
749 4397 867 4450 „paene
886 4397 915 4432 se
932 4379 1077 4447 recepisse
1093 4396 1157 4433 mm
1176 4379 1285 4433 lectio-

24 4498 28 4517 ,
120 4467 188 4506 nem
206 4451 240 4506 in
256 4447 395 4504 textum“
436 4451 505 4504 'cat:
524 4469 628 4520 parum
644 4451 785 4505 nimirum
804 4467 917 4515 cursus,
936 4449 1007 4520 quid
1024 4467 1093 4504 usus
1110 4448 1286 4507 Ciceronia-
