<?xml version="1.0" encoding="UTF-8"?>
<!DOCTYPE html PUBLIC "-//W3C//DTD XHTML 1.0 Transitional//EN"
    "http://www.w3.org/TR/xhtml1/DTD/xhtml1-transitional.dtd">
<html xmlns="http://www.w3.org/1999/xhtml" xml:lang="en" lang="en">
 <head>
  <title>
</title>
<meta http-equiv="Content-Type" content="text/html;charset=utf-8" />
  <meta name='ocr-system' content='tesseract 3.04.00' />
  <meta name='ocr-capabilities' content='ocr_page ocr_carea ocr_par ocr_line ocrx_word'/>
</head>
<body>
  <div class='ocr_page' id='page_1' title='image "./mtulliiciceroni01davigoog_0408.png"; bbox 0 0 2828 5070; ppageno 0'>
   <div class='ocr_carea' id='block_1_1' title="bbox 508 299 1208 393">
    <p class='ocr_par' dir='ltr' id='par_1_1' title="bbox 508 299 1208 393">
     <span class='ocr_line' id='line_1_1' title="bbox 508 299 1208 393; baseline 0.003 -19"><span class='ocrx_word' id='word_1_1' title='bbox 508 314 637 376; x_wconf 79' lang='lat' dir='ltr'><strong>monn</strong></span> <span class='ocrx_word' id='word_1_2' title='bbox 656 314 682 393; x_wconf 90' lang='lat'><strong>1,</strong></span> <span class='ocrx_word' id='word_1_3' title='bbox 703 316 753 379; x_wconf 80' lang='lat' dir='ltr'><strong>te.</strong></span> <span class='ocrx_word' id='word_1_4' title='bbox 819 299 825 308; x_wconf 73' lang='grc'><strong>“</strong></span> <span class='ocrx_word' id='word_1_5' title='bbox 903 311 905 317; x_wconf 62' lang='grc'><strong>“</strong></span> <span class='ocrx_word' id='word_1_6' title='bbox 1040 323 1042 325; x_wconf 63' lang='grc'><strong>’</strong></span> <span class='ocrx_word' id='word_1_7' title='bbox 1147 313 1208 379; x_wconf 80' lang='lat' dir='ltr'><strong>sn</strong></span> 
     </span>
    </p>
   </div>
   <div class='ocr_carea' id='block_1_2' title="bbox 58 477 1255 975">
    <p class='ocr_par' dir='ltr' id='par_1_2' title="bbox 58 477 1255 975">
     <span class='ocr_line' id='line_1_2' title="bbox 58 477 1208 562; baseline -0.002 -20"><span class='ocrx_word' id='word_1_8' title='bbox 58 479 222 542; x_wconf 91' lang='lat' dir='ltr'><strong>iudicium</strong></span> <span class='ocrx_word' id='word_1_9' title='bbox 252 477 293 539; x_wconf 90' lang='lat' dir='ltr'><strong>de</strong></span> <span class='ocrx_word' id='word_1_10' title='bbox 320 479 426 552; x_wconf 89' lang='lat' dir='ltr'><strong>bonis,</strong></span> <span class='ocrx_word' id='word_1_11' title='bbox 465 481 493 538; x_wconf 88' lang='lat' dir='ltr'><strong>si</strong></span> <span class='ocrx_word' id='word_1_12' title='bbox 528 477 657 558; x_wconf 86' lang='lat' dir='ltr'><strong>quaudo</strong></span> <span class='ocrx_word' id='word_1_13' title='bbox 686 487 747 556; x_wconf 86' lang='lat' dir='ltr'><strong>est,</strong></span> <span class='ocrx_word' id='word_1_14' title='bbox 785 480 889 562; x_wconf 77' lang='lat' dir='ltr'><strong>magis</strong></span> <span class='ocrx_word' id='word_1_15' title='bbox 917 478 1116 541; x_wconf 87' lang='lat' dir='ltr'><strong>laudandum</strong></span> <span class='ocrx_word' id='word_1_16' title='bbox 1146 487 1208 556; x_wconf 84' lang='lat' dir='ltr'><strong>est,</strong></span> 
     </span>
     <span class='ocr_line' id='line_1_3' title="bbox 59 561 1209 643; baseline -0.001 -20"><span class='ocrx_word' id='word_1_17' title='bbox 59 583 160 643; x_wconf 86' lang='lat' dir='ltr'><strong>quam</strong></span> <span class='ocrx_word' id='word_1_18' title='bbox 189 564 240 622; x_wconf 94' lang='lat' dir='ltr'><strong>illi</strong></span> <span class='ocrx_word' id='word_1_19' title='bbox 267 562 309 622; x_wconf 93' lang='lat' dir='ltr'><strong>ob</strong></span> <span class='ocrx_word' id='word_1_20' title='bbox 342 580 412 622; x_wconf 86' lang='lat' dir='ltr'><strong>eam</strong></span> <span class='ocrx_word' id='word_1_21' title='bbox 444 581 517 622; x_wconf 89' lang='lat' dir='ltr'><strong>rem</strong></span> <span class='ocrx_word' id='word_1_22' title='bbox 545 564 643 623; x_wconf 88' lang='lat' dir='ltr'><strong>besti.</strong></span> <span class='ocrx_word' id='word_1_23' title='bbox 687 562 765 623; x_wconf 93' lang='lat' dir='ltr'><strong>Non</strong></span> <span class='ocrx_word' id='word_1_24' title='bbox 793 581 925 641; x_wconf 87' lang='lat' dir='ltr'><strong>possum</strong></span> <span class='ocrx_word' id='word_1_25' title='bbox 954 571 1064 622; x_wconf 80' lang='lat' dir='ltr'><strong>antem</strong></span> <span class='ocrx_word' id='word_1_26' title='bbox 1085 561 1209 639; x_wconf 88' lang='lat' dir='ltr'><strong>dicere,</strong></span> 
     </span>
     <span class='ocr_line' id='line_1_4' title="bbox 59 644 1212 727; baseline -0.002 -21"><span class='ocrx_word' id='word_1_27' title='bbox 59 664 192 727; x_wconf 87' lang='lat' dir='ltr'><strong>quoquo</strong></span> <span class='ocrx_word' id='word_1_28' title='bbox 215 644 312 703; x_wconf 92' lang='lat' dir='ltr'><strong>modo</strong></span> <span class='ocrx_word' id='word_1_29' title='bbox 335 644 397 704; x_wconf 91' lang='lat' dir='ltr'><strong>hoc</strong></span> <span class='ocrx_word' id='word_1_30' title='bbox 419 646 615 724; x_wconf 72' lang='lat' dir='ltr'><strong>accipietur,</strong></span> <span class='ocrx_word' id='word_1_31' title='bbox 637 645 842 727; x_wconf 78' lang='lat' dir='ltr'>Lycurgum,</span> <span class='ocrx_word' id='word_1_32' title='bbox 870 645 1024 704; x_wconf 87' lang='lat' dir='ltr'><strong>Solonem</strong></span> <span class='ocrx_word' id='word_1_33' title='bbox 1046 647 1154 706; x_wconf 66' lang='lat' dir='ltr'><strong>terum</strong></span> <span class='ocrx_word' id='word_1_34' title='bbox 1176 653 1212 705; x_wconf 85' lang='lat' dir='ltr'><strong>et</strong></span> 
     </span>
     <span class='ocr_line' id='line_1_5' title="bbox 60 694 1211 812; baseline -0.002 -24"><span class='ocrx_word' id='word_1_35' title='bbox 60 729 214 810; x_wconf 86' lang='lat' dir='ltr'><strong>publicae</strong></span> <span class='ocrx_word' id='word_1_36' title='bbox 244 726 439 805; x_wconf 87' lang='lat' dir='ltr'><strong>discipliuae</strong></span> <span class='ocrx_word' id='word_1_37' title='bbox 466 745 583 787; x_wconf 87' lang='lat' dir='ltr'><strong>carere</strong></span> <span class='ocrx_word' id='word_1_38' title='bbox 611 728 735 812; x_wconf 76' lang='lat' dir='ltr'><strong>glorie:</strong></span> <span class='ocrx_word' id='word_1_39' title='bbox 776 726 1046 802; x_wconf 81' lang='lat' dir='ltr'>Themistoclem,</span> <span class='ocrx_word' id='word_1_40' title='bbox 1077 694 1211 807; x_wconf 60' lang='lat' dir='ltr'><strong>bpami-</strong></span> 
     </span>
     <span class='ocr_line' id='line_1_6' title="bbox 60 808 1255 892; baseline -0.001 -21"><span class='ocrx_word' id='word_1_41' title='bbox 60 810 217 885; x_wconf 84' lang='lat' dir='ltr'>nondam,</span> <span class='ocrx_word' id='word_1_42' title='bbox 263 810 401 870; x_wconf 81' lang='lat' dir='ltr'><strong>bellicae</strong></span> <span class='ocrx_word' id='word_1_43' title='bbox 437 811 586 871; x_wconf 87' lang='lat' dir='ltr'><strong>virtutis.</strong></span> <span class='ocrx_word' id='word_1_44' title='bbox 636 808 723 870; x_wconf 79' lang='lat' dir='ltr'><strong>Ante</strong></span> <span class='ocrx_word' id='word_1_45' title='bbox 756 811 844 868; x_wconf 89' lang='lat' dir='ltr'><strong>euim</strong></span> <span class='ocrx_word' id='word_1_46' title='bbox 872 808 1071 869; x_wconf 84' lang='lat' dir='ltr'><strong>Salaminem</strong></span> <span class='ocrx_word' id='word_1_47' title='bbox 1104 809 1255 892; x_wconf 82' lang='lat' dir='ltr'><strong>ipssmb-</strong></span> 
     </span>
     <span class='ocr_line' id='line_1_7' title="bbox 59 890 1211 975; baseline -0.002 -21"><span class='ocrx_word' id='word_1_48' title='bbox 59 893 239 975; x_wconf 82' lang='lat' dir='ltr'><strong>Neptunus</strong></span> <span class='ocrx_word' id='word_1_49' title='bbox 261 893 392 968; x_wconf 86' lang='lat' dir='ltr'><strong>obruet,</strong></span> <span class='ocrx_word' id='word_1_50' title='bbox 414 911 512 972; x_wconf 86' lang='lat' dir='ltr'><strong>quem</strong></span> <span class='ocrx_word' id='word_1_51' title='bbox 527 890 698 951; x_wconf 84' lang='lat' dir='ltr'><strong>Salaminii</strong></span> <span class='ocrx_word' id='word_1_52' title='bbox 720 893 851 973; x_wconf 82' lang='lat' dir='ltr'><strong>tropaei</strong></span> <span class='ocrx_word' id='word_1_53' title='bbox 872 894 1080 953; x_wconf 85' lang='lat' dir='ltr'><strong>memoriam:</strong></span> <span class='ocrx_word' id='word_1_54' title='bbox 1103 895 1211 974; x_wconf 65' lang='lat' dir='ltr'><strong>prius</strong></span> 
     </span>
    </p>
   </div>
   <div class='ocr_carea' id='block_1_3' title="bbox 58 1070 1220 3132">
    <p class='ocr_par' dir='ltr' id='par_1_3' title="bbox 58 1070 1215 1503">
     <span class='ocr_line' id='line_1_8' title="bbox 60 1070 1210 1150; baseline -0.003 -17"><span class='ocrx_word' id='word_1_55' title='bbox 60 1078 149 1133; x_wconf 80' lang='lat' dir='ltr'><strong>Codd.</strong></span> <span class='ocrx_word' id='word_1_56' title='bbox 175 1096 224 1130; x_wconf 81' lang='lat' dir='ltr'><strong>sex</strong></span> <span class='ocrx_word' id='word_1_57' title='bbox 247 1079 316 1130; x_wconf 78' lang='lat' dir='ltr'><strong>Oxx.</strong></span> <span class='ocrx_word' id='word_1_58' title='bbox 341 1077 415 1150; x_wconf 79' lang='lat' dir='ltr'><strong>Aug.</strong></span> <span class='ocrx_word' id='word_1_59' title='bbox 440 1080 515 1129; x_wconf 81' lang='lat' dir='ltr'><strong>Mon.</strong></span> <span class='ocrx_word' id='word_1_60' title='bbox 538 1081 561 1131; x_wconf 85' lang='grc' dir='ltr'><strong>Ι.</strong></span> <span class='ocrx_word' id='word_1_61' title='bbox 581 1080 606 1132; x_wconf 85' lang='grc'><strong>2.</strong></span> <span class='ocrx_word' id='word_1_62' title='bbox 635 1078 705 1130; x_wconf 82' lang='lat' dir='ltr'><strong>Edd.</strong></span> <span class='ocrx_word' id='word_1_63' title='bbox 730 1070 766 1130; x_wconf 81' lang='lat' dir='ltr'><strong>ll.</strong></span> <span class='ocrx_word' id='word_1_64' title='bbox 794 1080 822 1129; x_wconf 81' lang='grc' dir='ltr'><strong>Ρ.</strong></span> <span class='ocrx_word' id='word_1_65' title='bbox 849 1077 882 1128; x_wconf 89' lang='grc' dir='ltr'><strong>Α.</strong></span> <span class='ocrx_word' id='word_1_66' title='bbox 902 1077 933 1129; x_wconf 89' lang='grc' dir='ltr'><strong>Β.</strong></span> <span class='ocrx_word' id='word_1_67' title='bbox 959 1078 986 1132; x_wconf 89' lang='lat' dir='ltr'><strong>S.</strong></span> <span class='ocrx_word' id='word_1_68' title='bbox 1007 1080 1040 1131; x_wconf 83' lang='grc' dir='ltr'><strong>Ε.</strong></span> <span class='ocrx_word' id='word_1_69' title='bbox 1062 1079 1092 1132; x_wconf 84' lang='lat' dir='ltr'><strong>C.</strong></span> <span class='ocrx_word' id='word_1_70' title='bbox 1113 1079 1210 1133; x_wconf 79' lang='lat' dir='ltr'><strong>Herw.</strong></span> 
     </span>
     <span class='ocr_line' id='line_1_9' title="bbox 59 1147 1213 1218; baseline -0.001 -15"><span class='ocrx_word' id='word_1_71' title='bbox 59 1153 132 1203; x_wconf 88' lang='lat' dir='ltr'><strong>Ven.</strong></span> <span class='ocrx_word' id='word_1_72' title='bbox 152 1158 240 1201; x_wconf 89' lang='lat' dir='ltr'><strong>nostr.</strong></span> <span class='ocrx_word' id='word_1_73' title='bbox 260 1149 323 1202; x_wconf 90' lang='lat' dir='ltr'><strong>Asc.</strong></span> <span class='ocrx_word' id='word_1_74' title='bbox 346 1154 368 1202; x_wconf 93' lang='lat' dir='ltr'><strong>l.</strong></span> <span class='ocrx_word' id='word_1_75' title='bbox 389 1151 415 1203; x_wconf 87' lang='grc'><strong>2.</strong></span> <span class='ocrx_word' id='word_1_76' title='bbox 436 1149 514 1202; x_wconf 87' lang='lat' dir='ltr'><strong>Cam.</strong></span> <span class='ocrx_word' id='word_1_77' title='bbox 547 1151 653 1201; x_wconf 87' lang='lat' dir='ltr'>Vocem</span> <span class='ocrx_word' id='word_1_78' title='bbox 670 1147 721 1201; x_wconf 79' lang='lat' dir='ltr'><strong>hac</strong></span> <span class='ocrx_word' id='word_1_79' title='bbox 738 1149 882 1218; x_wconf 81' lang='lat' dir='ltr'><strong>interpres</strong></span> <span class='ocrx_word' id='word_1_80' title='bbox 901 1150 953 1202; x_wconf 89' lang='lat' dir='ltr'><strong>ille</strong></span> <span class='ocrx_word' id='word_1_81' title='bbox 972 1158 1001 1201; x_wconf 88' lang='lat' dir='ltr'><strong>et</strong></span> <span class='ocrx_word' id='word_1_82' title='bbox 1019 1150 1122 1212; x_wconf 83' lang='lat' dir='ltr'><strong>editor,</strong></span> <span class='ocrx_word' id='word_1_83' title='bbox 1142 1167 1213 1218; x_wconf 85' lang='lat' dir='ltr'><strong>quos</strong></span> 
     </span>
     <span class='ocr_line' id='line_1_10' title="bbox 60 1220 1214 1289; baseline 0.001 -16"><span class='ocrx_word' id='word_1_84' title='bbox 60 1222 134 1284; x_wconf 82' lang='lat' dir='ltr'><strong>dixi,</strong></span> <span class='ocrx_word' id='word_1_85' title='bbox 153 1221 326 1289; x_wconf 81' lang='lat' dir='ltr'><strong>adsequens</strong></span> <span class='ocrx_word' id='word_1_86' title='bbox 345 1236 442 1273; x_wconf 88' lang='lat' dir='ltr'><strong>cerere</strong></span> <span class='ocrx_word' id='word_1_87' title='bbox 461 1221 601 1284; x_wconf 88' lang='lat' dir='ltr'><strong>referunt,</strong></span> <span class='ocrx_word' id='word_1_88' title='bbox 620 1228 653 1272; x_wconf 91' lang='lat' dir='ltr'><strong>ut</strong></span> <span class='ocrx_word' id='word_1_89' title='bbox 672 1221 724 1271; x_wconf 83' lang='lat' dir='ltr'><strong>sit:</strong></span> <span class='ocrx_word' id='word_1_90' title='bbox 745 1220 1000 1289; x_wconf 66' lang='lat' dir='ltr'><strong>quomodocunque</strong></span> <span class='ocrx_word' id='word_1_91' title='bbox 1016 1220 1131 1274; x_wconf 79' lang='lat' dir='ltr'><strong>carendi</strong></span> <span class='ocrx_word' id='word_1_92' title='bbox 1147 1238 1214 1274; x_wconf 82' lang='lat' dir='ltr'><strong>ver·</strong></span> 
     </span>
     <span class='ocr_line' id='line_1_11' title="bbox 58 1289 1213 1375; baseline 0.001 -31"><span class='ocrx_word' id='word_1_93' title='bbox 58 1293 130 1344; x_wconf 86' lang='lat' dir='ltr'><strong>bum</strong></span> <span class='ocrx_word' id='word_1_94' title='bbox 150 1292 240 1353; x_wconf 88' lang='lat' dir='ltr'><strong>(cuius</strong></span> <span class='ocrx_word' id='word_1_95' title='bbox 259 1290 433 1364; x_wconf 78' lang='lat' dir='ltr'><strong>significatio</strong></span> <span class='ocrx_word' id='word_1_96' title='bbox 452 1289 473 1355; x_wconf 66' lang='grc'><strong>5.</strong></span> <span class='ocrx_word' id='word_1_97' title='bbox 485 1293 527 1345; x_wconf 86' lang='grc'><strong>88.</strong></span> <span class='ocrx_word' id='word_1_98' title='bbox 548 1292 674 1360; x_wconf 78' lang='lat' dir='ltr'><strong>exposita</strong></span> <span class='ocrx_word' id='word_1_99' title='bbox 693 1290 746 1355; x_wconf 85' lang='lat' dir='ltr'><strong>est)</strong></span> <span class='ocrx_word' id='word_1_100' title='bbox 765 1290 957 1375; x_wconf 74' lang='lat' dir='ltr'><strong>intelligetur.</strong></span> <span class='ocrx_word' id='word_1_101' title='bbox 978 1291 1140 1346; x_wconf 77' lang='lat' dir='ltr'><strong>Ftwotfio</strong></span> <span class='ocrx_word' id='word_1_102' title='bbox 1157 1291 1213 1345; x_wconf 83' lang='lat' dir='ltr'><strong>hoc</strong></span> 
     </span>
     <span class='ocr_line' id='line_1_12' title="bbox 61 1360 1215 1436; baseline 0.002 -21"><span class='ocrx_word' id='word_1_103' title='bbox 61 1364 168 1416; x_wconf 81' lang='lat' dir='ltr'><strong>durum</strong></span> <span class='ocrx_word' id='word_1_104' title='bbox 185 1362 278 1414; x_wconf 88' lang='lat' dir='ltr'><strong>visum</strong></span> <span class='ocrx_word' id='word_1_105' title='bbox 298 1371 347 1414; x_wconf 87' lang='lat' dir='ltr'><strong>est.</strong></span> <span class='ocrx_word' id='word_1_106' title='bbox 385 1364 447 1436; x_wconf 80' lang='lat' dir='ltr'><strong>Ego</strong></span> <span class='ocrx_word' id='word_1_107' title='bbox 465 1371 499 1413; x_wconf 91' lang='lat' dir='ltr'><strong>ut</strong></span> <span class='ocrx_word' id='word_1_108' title='bbox 516 1360 572 1414; x_wconf 92' lang='lat' dir='ltr'><strong>hoc</strong></span> <span class='ocrx_word' id='word_1_109' title='bbox 591 1377 648 1413; x_wconf 86' lang='lat' dir='ltr'><strong>non</strong></span> <span class='ocrx_word' id='word_1_110' title='bbox 666 1377 750 1436; x_wconf 78' lang='lat' dir='ltr'><strong>nego,</strong></span> <span class='ocrx_word' id='word_1_111' title='bbox 775 1361 817 1414; x_wconf 88' lang='lat' dir='ltr'><strong>ita</strong></span> <span class='ocrx_word' id='word_1_112' title='bbox 838 1362 926 1415; x_wconf 75' lang='lat' dir='ltr'><strong>aliam</strong></span> <span class='ocrx_word' id='word_1_113' title='bbox 943 1362 1107 1434; x_wconf 85' lang='lat' dir='ltr'><strong>explicandi</strong></span> <span class='ocrx_word' id='word_1_114' title='bbox 1126 1363 1215 1417; x_wconf 84' lang='lat' dir='ltr'><strong>ratio·</strong></span> 
     </span>
     <span class='ocr_line' id='line_1_13' title="bbox 60 1432 635 1503; baseline -0.009 -14"><span class='ocrx_word' id='word_1_115' title='bbox 60 1450 130 1489; x_wconf 85' lang='lat' dir='ltr'><strong>nem</strong></span> <span class='ocrx_word' id='word_1_116' title='bbox 146 1433 323 1503; x_wconf 87' lang='lat' dir='ltr'><strong>probabilem</strong></span> <span class='ocrx_word' id='word_1_117' title='bbox 341 1448 399 1485; x_wconf 88' lang='lat' dir='ltr'><strong>non</strong></span> <span class='ocrx_word' id='word_1_118' title='bbox 417 1432 541 1502; x_wconf 86' lang='lat' dir='ltr'><strong>reperio.</strong></span> <span class='ocrx_word' id='word_1_119' title='bbox 576 1433 635 1484; x_wconf 86' lang='lat' dir='ltr'><strong>Mr.</strong></span> 
     </span>
    </p>

    <p class='ocr_par' dir='ltr' id='par_1_4' title="bbox 60 1502 1219 2481">
     <span class='ocr_line' id='line_1_14' title="bbox 133 1502 964 1578; baseline 0 -21"><span class='ocrx_word' id='word_1_120' title='bbox 133 1502 308 1571; x_wconf 83' lang='lat' dir='ltr'><strong>Accipietnr]</strong></span> <span class='ocrx_word' id='word_1_121' title='bbox 346 1504 394 1556; x_wconf 91' lang='lat' dir='ltr'><strong>Sic</strong></span> <span class='ocrx_word' id='word_1_122' title='bbox 412 1505 480 1578; x_wconf 85' lang='lat' dir='ltr'><strong>Reg.</strong></span> <span class='ocrx_word' id='word_1_123' title='bbox 517 1505 543 1554; x_wconf 84' lang='lat' dir='ltr'><strong>V</strong></span> <span class='ocrx_word' id='word_1_124' title='bbox 597 1502 801 1572; x_wconf 84' lang='lat' dir='ltr'><strong>oeccipialur.</strong></span> <span class='ocrx_word' id='word_1_125' title='bbox 960 1556 964 1563; x_wconf 88' lang='grc'><strong><em>,</em></strong></span> 
     </span>
     <span class='ocr_line' id='line_1_15' title="bbox 60 1573 1215 1716; baseline -0.001 -17"><span class='ocrx_word' id='word_1_126' title='bbox 60 1573 554 1700; x_wconf 50' lang='lat' dir='ltr'><strong>nsii‘liiiil...Rioiitiir‘</strong></span> <span class='ocrx_word' id='word_1_127' title='bbox 572 1575 646 1698; x_wconf 73' lang='lat' dir='ltr'><strong>cli·</strong></span> <span class='ocrx_word' id='word_1_128' title='bbox 665 1576 824 1701; x_wconf 59' lang='grc' dir='ltr'><strong>’1ωὲὝὲ</strong></span> <span class='ocrx_word' id='word_1_129' title='bbox 848 1577 958 1699; x_wconf 56' lang='lat' dir='ltr'><strong>stifft</strong></span> <span class='ocrx_word' id='word_1_130' title='bbox 976 1574 1215 1716; x_wconf 56' lang='lat' dir='ltr'><strong>Kiililf&#39;ofi‘</strong></span> 
     </span>
     <span class='ocr_line' id='line_1_16' title="bbox 62 1664 1216 1785; baseline 0 -14"><span class='ocrx_word' id='word_1_131' title='bbox 62 1735 160 1771; x_wconf 88' lang='lat' dir='ltr'><strong>omnes</strong></span> <span class='ocrx_word' id='word_1_132' title='bbox 183 1716 320 1780; x_wconf 80' lang='lat' dir='ltr'><strong>Bentleii,</strong></span> <span class='ocrx_word' id='word_1_133' title='bbox 347 1716 418 1767; x_wconf 88' lang='lat' dir='ltr'><strong>Edd.</strong></span> <span class='ocrx_word' id='word_1_134' title='bbox 447 1664 535 1768; x_wconf 78' lang='lat' dir='ltr'><strong>Vict.g</strong></span> <span class='ocrx_word' id='word_1_135' title='bbox 549 1716 617 1768; x_wconf 88' lang='lat' dir='ltr'><strong>Rob.</strong></span> <span class='ocrx_word' id='word_1_136' title='bbox 643 1716 741 1785; x_wconf 83' lang='lat' dir='ltr'><strong>steph.</strong></span> <span class='ocrx_word' id='word_1_137' title='bbox 770 1664 878 1769; x_wconf 56' lang='lat' dir='ltr'><strong>Stuim.</strong></span> <span class='ocrx_word' id='word_1_138' title='bbox 902 1716 992 1769; x_wconf 75' lang='lat' dir='ltr'><strong>uest.</strong></span> <span class='ocrx_word' id='word_1_139' title='bbox 1015 1717 1137 1773; x_wconf 84' lang='lat' dir='ltr'><strong>HWolf.</strong></span> <span class='ocrx_word' id='word_1_140' title='bbox 1180 1717 1216 1771; x_wconf 77' lang='lat' dir='ltr'><strong>lu</strong></span> 
     </span>
     <span class='ocr_line' id='line_1_17' title="bbox 62 1787 1212 1852; baseline 0 -10"><span class='ocrx_word' id='word_1_141' title='bbox 62 1806 121 1842; x_wconf 90' lang='lat' dir='ltr'><strong>uno</strong></span> <span class='ocrx_word' id='word_1_142' title='bbox 147 1790 197 1842; x_wconf 86' lang='lat' dir='ltr'><strong>Ox.</strong></span> <span class='ocrx_word' id='word_1_143' title='bbox 227 1791 299 1840; x_wconf 85' lang='lat' dir='ltr'><strong>Mon.</strong></span> <span class='ocrx_word' id='word_1_144' title='bbox 322 1790 345 1842; x_wconf 94' lang='lat'><strong>1.</strong></span> <span class='ocrx_word' id='word_1_145' title='bbox 366 1789 392 1841; x_wconf 85' lang='grc'><strong>2.</strong></span> <span class='ocrx_word' id='word_1_146' title='bbox 420 1787 490 1840; x_wconf 85' lang='lat' dir='ltr'><strong>Edd.</strong></span> <span class='ocrx_word' id='word_1_147' title='bbox 517 1805 533 1838; x_wconf 88' lang='lat' dir='ltr'><strong>a</strong></span> <span class='ocrx_word' id='word_1_148' title='bbox 550 1787 667 1841; x_wconf 84' lang='lat' dir='ltr'><strong>Reiskio</strong></span> <span class='ocrx_word' id='word_1_149' title='bbox 692 1787 816 1852; x_wconf 85' lang='lat' dir='ltr'><strong>collatis,</strong></span> <span class='ocrx_word' id='word_1_150' title='bbox 843 1790 914 1840; x_wconf 85' lang='lat' dir='ltr'><strong>Ven.</strong></span> <span class='ocrx_word' id='word_1_151' title='bbox 940 1796 1028 1839; x_wconf 84' lang='lat' dir='ltr'><strong>nostr.</strong></span> <span class='ocrx_word' id='word_1_152' title='bbox 1057 1787 1120 1840; x_wconf 85' lang='lat' dir='ltr'><strong>Asc.</strong></span> <span class='ocrx_word' id='word_1_153' title='bbox 1142 1793 1166 1842; x_wconf 91' lang='lat'><strong>1.</strong></span> <span class='ocrx_word' id='word_1_154' title='bbox 1186 1790 1212 1842; x_wconf 88' lang='grc'><strong>2.</strong></span> 
     </span>
     <span class='ocr_line' id='line_1_18' title="bbox 61 1857 1214 1925; baseline -0.004 -10"><span class='ocrx_word' id='word_1_155' title='bbox 61 1863 145 1915; x_wconf 86' lang='lat' dir='ltr'><strong>Junt.</strong></span> <span class='ocrx_word' id='word_1_156' title='bbox 165 1861 241 1912; x_wconf 83' lang='lat' dir='ltr'><strong>Cam.</strong></span> <span class='ocrx_word' id='word_1_157' title='bbox 261 1861 290 1910; x_wconf 89' lang='lat' dir='ltr'><strong>P.</strong></span> <span class='ocrx_word' id='word_1_158' title='bbox 310 1857 343 1908; x_wconf 90' lang='lat' dir='ltr'><strong>A.</strong></span> <span class='ocrx_word' id='word_1_159' title='bbox 363 1859 393 1910; x_wconf 89' lang='lat' dir='ltr'><strong>B.</strong></span> <span class='ocrx_word' id='word_1_160' title='bbox 414 1858 441 1911; x_wconf 88' lang='lat' dir='ltr'><strong>S.</strong></span> <span class='ocrx_word' id='word_1_161' title='bbox 461 1858 496 1910; x_wconf 83' lang='lat' dir='ltr'><strong>E.</strong></span> <span class='ocrx_word' id='word_1_162' title='bbox 517 1858 547 1910; x_wconf 84' lang='lat' dir='ltr'><strong>C.</strong></span> <span class='ocrx_word' id='word_1_163' title='bbox 567 1859 665 1912; x_wconf 84' lang='lat' dir='ltr'><strong>Herw.</strong></span> <span class='ocrx_word' id='word_1_164' title='bbox 691 1857 830 1910; x_wconf 81' lang='lat' dir='ltr'><strong>scribitur</strong></span> <span class='ocrx_word' id='word_1_165' title='bbox 847 1858 1030 1925; x_wconf 81' lang='lat' dir='ltr'><strong>acciperetur,</strong></span> <span class='ocrx_word' id='word_1_166' title='bbox 1054 1858 1086 1910; x_wconf 91' lang='lat' dir='ltr'><strong>in</strong></span> <span class='ocrx_word' id='word_1_167' title='bbox 1104 1859 1157 1911; x_wconf 83' lang='lat' dir='ltr'><strong>Ed.</strong></span> <span class='ocrx_word' id='word_1_168' title='bbox 1177 1858 1214 1910; x_wconf 86' lang='lat' dir='ltr'><strong>ll.</strong></span> 
     </span>
     <span class='ocr_line' id='line_1_19' title="bbox 62 1926 1216 1998; baseline -0.002 -14"><span class='ocrx_word' id='word_1_169' title='bbox 62 1931 217 1998; x_wconf 81' lang='lat' dir='ltr'><strong>occiperet:</strong></span> <span class='ocrx_word' id='word_1_170' title='bbox 245 1927 424 1998; x_wconf 76' lang='lat' dir='ltr'><strong>in‘reliquis</strong></span> <span class='ocrx_word' id='word_1_171' title='bbox 448 1927 616 1995; x_wconf 79' lang='lat' dir='ltr'><strong>accipiatur.</strong></span> <span class='ocrx_word' id='word_1_172' title='bbox 660 1930 725 1980; x_wconf 88' lang='lat' dir='ltr'><strong>Post</strong></span> <span class='ocrx_word' id='word_1_173' title='bbox 743 1926 903 1996; x_wconf 75' lang='lat' dir='ltr'><strong>Lycurgum</strong></span> <span class='ocrx_word' id='word_1_174' title='bbox 921 1929 952 1979; x_wconf 90' lang='lat' dir='ltr'><strong>in</strong></span> <span class='ocrx_word' id='word_1_175' title='bbox 963 1929 1063 1981; x_wconf 78' lang='lat' dir='ltr'><strong>Etlll.</strong></span> <span class='ocrx_word' id='word_1_176' title='bbox 1085 1929 1216 1998; x_wconf 87' lang='lat' dir='ltr'><strong>sequitur</strong></span> 
     </span>
     <span class='ocr_line' id='line_1_20' title="bbox 63 1999 1218 2068; baseline 0.001 -14"><span class='ocrx_word' id='word_1_177' title='bbox 63 2008 97 2054; x_wconf 88' lang='lat' dir='ltr'><strong>et</strong></span> <span class='ocrx_word' id='word_1_178' title='bbox 121 2001 246 2054; x_wconf 85' lang='lat' dir='ltr'><strong>Solone:</strong></span> <span class='ocrx_word' id='word_1_179' title='bbox 276 1999 307 2050; x_wconf 89' lang='lat' dir='ltr'><strong>in</strong></span> <span class='ocrx_word' id='word_1_180' title='bbox 325 2000 408 2051; x_wconf 78' lang='lat' dir='ltr'><strong>vind.</strong></span> <span class='ocrx_word' id='word_1_181' title='bbox 430 2004 454 2056; x_wconf 91' lang='lat' dir='ltr'><strong>l.</strong></span> <span class='ocrx_word' id='word_1_182' title='bbox 479 2001 661 2066; x_wconf 75' lang='lat' dir='ltr'><strong>solertemque.</strong></span> <span class='ocrx_word' id='word_1_183' title='bbox 684 2024 716 2036; x_wconf 88' lang='lat'>-</span> <span class='ocrx_word' id='word_1_184' title='bbox 752 1999 942 2067; x_wconf 70' lang='lat' dir='ltr'><strong>Disciplinam</strong></span> <span class='ocrx_word' id='word_1_185' title='bbox 969 2001 1003 2053; x_wconf 89' lang='lat' dir='ltr'><strong>de</strong></span> <span class='ocrx_word' id='word_1_186' title='bbox 1022 2000 1065 2052; x_wconf 86' lang='lat' dir='ltr'><strong>rei</strong></span> <span class='ocrx_word' id='word_1_187' title='bbox 1084 1999 1218 2068; x_wconf 86' lang='lat' dir='ltr'><strong>publicae</strong></span> 
     </span>
     <span class='ocr_line' id='line_1_21' title="bbox 62 2069 1217 2139; baseline -0.002 -14"><span class='ocrx_word' id='word_1_188' title='bbox 62 2072 247 2126; x_wconf 88' lang='lat' dir='ltr'><strong>institutione</strong></span> <span class='ocrx_word' id='word_1_189' title='bbox 264 2071 361 2139; x_wconf 86' lang='lat' dir='ltr'><strong>posuit</strong></span> <span class='ocrx_word' id='word_1_190' title='bbox 379 2071 480 2123; x_wconf 84' lang='lat' dir='ltr'><strong>Cicero</strong></span> <span class='ocrx_word' id='word_1_191' title='bbox 500 2072 587 2123; x_wconf 87' lang='lat' dir='ltr'><strong>etism</strong></span> <span class='ocrx_word' id='word_1_192' title='bbox 605 2070 640 2122; x_wconf 86' lang='lat' dir='ltr'><strong>de</strong></span> <span class='ocrx_word' id='word_1_193' title='bbox 659 2071 695 2123; x_wconf 89' lang='lat' dir='ltr'><strong>N.</strong></span> <span class='ocrx_word' id='word_1_194' title='bbox 715 2070 749 2121; x_wconf 88' lang='lat' dir='ltr'><strong>D.</strong></span> <span class='ocrx_word' id='word_1_195' title='bbox 769 2071 821 2122; x_wconf 90' lang='lat' dir='ltr'><strong>Ill.</strong></span> <span class='ocrx_word' id='word_1_196' title='bbox 840 2073 884 2126; x_wconf 82' lang='lat'><strong>35.</strong></span> <span class='ocrx_word' id='word_1_197' title='bbox 905 2073 954 2131; x_wconf 82' lang='lat'><strong>85:</strong></span> <span class='ocrx_word' id='word_1_198' title='bbox 986 2069 1141 2138; x_wconf 81' lang='lat' dir='ltr'><strong>respublica</strong></span> <span class='ocrx_word' id='word_1_199' title='bbox 1168 2086 1217 2124; x_wconf 81' lang='lat' dir='ltr'><strong>re·</strong></span> 
     </span>
     <span class='ocr_line' id='line_1_22' title="bbox 63 2140 1217 2210; baseline -0.002 -12"><span class='ocrx_word' id='word_1_200' title='bbox 63 2144 142 2198; x_wconf 82' lang='lat' dir='ltr'><strong>tione</strong></span> <span class='ocrx_word' id='word_1_201' title='bbox 169 2142 288 2210; x_wconf 80' lang='lat' dir='ltr'><strong>quedem</strong></span> <span class='ocrx_word' id='word_1_202' title='bbox 312 2147 338 2194; x_wconf 91' lang='lat' dir='ltr'><strong>et</strong></span> <span class='ocrx_word' id='word_1_203' title='bbox 364 2140 518 2209; x_wconf 76' lang='lat' dir='ltr'><strong>disciplina</strong></span> <span class='ocrx_word' id='word_1_204' title='bbox 543 2140 701 2206; x_wconf 79' lang='lat' dir='ltr'><strong>designate.</strong></span> <span class='ocrx_word' id='word_1_205' title='bbox 727 2141 764 2192; x_wconf 89' lang='lat' dir='ltr'><strong>ib.</strong></span> <span class='ocrx_word' id='word_1_206' title='bbox 784 2143 828 2196; x_wconf 83' lang='grc'><strong>39.</strong></span> <span class='ocrx_word' id='word_1_207' title='bbox 848 2145 898 2197; x_wconf 82' lang='lat'><strong>91:</strong></span> <span class='ocrx_word' id='word_1_208' title='bbox 933 2141 1217 2197; x_wconf 75' lang='lat' dir='ltr'><strong>Lacedaemoniorum</strong></span> 
     </span>
     <span class='ocr_line' id='line_1_23' title="bbox 62 2211 1216 2285; baseline -0.002 -19"><span class='ocrx_word' id='word_1_209' title='bbox 62 2214 246 2281; x_wconf 67' lang='lat' dir='ltr'><strong>disciplinam</strong></span> <span class='ocrx_word' id='word_1_210' title='bbox 266 2245 298 2255; x_wconf 83' lang='lat'>-</span> <span class='ocrx_word' id='word_1_211' title='bbox 324 2211 490 2280; x_wconf 79' lang='lat' dir='ltr'><strong>eLycurgo</strong></span> <span class='ocrx_word' id='word_1_212' title='bbox 514 2213 619 2265; x_wconf 85' lang='lat' dir='ltr'><strong>datum.</strong></span> <span class='ocrx_word' id='word_1_213' title='bbox 654 2213 678 2264; x_wconf 85' lang='lat' dir='ltr'><strong>F</strong></span> <span class='ocrx_word' id='word_1_214' title='bbox 680 2228 769 2285; x_wconf 81' lang='lat' dir='ltr'><strong>regm.</strong></span> <span class='ocrx_word' id='word_1_215' title='bbox 796 2211 944 2265; x_wconf 84' lang='lat' dir='ltr'><strong>Hortensii</strong></span> <span class='ocrx_word' id='word_1_216' title='bbox 968 2232 997 2283; x_wconf 89' lang='lat' dir='ltr'><strong>p.</strong></span> <span class='ocrx_word' id='word_1_217' title='bbox 1017 2215 1078 2269; x_wconf 78' lang='lat'><strong>48⁰.</strong></span> <span class='ocrx_word' id='word_1_218' title='bbox 1103 2213 1147 2267; x_wconf 83' lang='lat' dir='ltr'><strong>ed.</strong></span> <span class='ocrx_word' id='word_1_219' title='bbox 1167 2213 1216 2267; x_wconf 86' lang='lat' dir='ltr'><strong>Or.</strong></span> 
     </span>
     <span class='ocr_line' id='line_1_24' title="bbox 62 2282 1218 2357; baseline -0.003 -17"><span class='ocrx_word' id='word_1_220' title='bbox 62 2287 155 2340; x_wconf 85' lang='lat' dir='ltr'><strong>omnis</strong></span> <span class='ocrx_word' id='word_1_221' title='bbox 173 2285 217 2337; x_wconf 86' lang='lat' dir='ltr'><strong>rei</strong></span> <span class='ocrx_word' id='word_1_222' title='bbox 231 2284 358 2352; x_wconf 84' lang='lat' dir='ltr'><strong>publicae</strong></span> <span class='ocrx_word' id='word_1_223' title='bbox 377 2282 537 2351; x_wconf 81' lang='lat' dir='ltr'><strong>discipline.</strong></span> <span class='ocrx_word' id='word_1_224' title='bbox 559 2310 592 2321; x_wconf 93' lang='lat'><em>-</em></span> <span class='ocrx_word' id='word_1_225' title='bbox 628 2285 693 2335; x_wconf 87' lang='lat' dir='ltr'><strong>Post</strong></span> <span class='ocrx_word' id='word_1_226' title='bbox 718 2298 817 2334; x_wconf 85' lang='lat' dir='ltr'><strong>cerere</strong></span> <span class='ocrx_word' id='word_1_227' title='bbox 840 2284 873 2334; x_wconf 90' lang='lat' dir='ltr'><strong>in</strong></span> <span class='ocrx_word' id='word_1_228' title='bbox 890 2282 957 2335; x_wconf 85' lang='lat' dir='ltr'><strong>God.</strong></span> <span class='ocrx_word' id='word_1_229' title='bbox 978 2285 1053 2336; x_wconf 86' lang='lat' dir='ltr'><strong>Mon.</strong></span> <span class='ocrx_word' id='word_1_230' title='bbox 1074 2288 1098 2337; x_wconf 95' lang='lat' dir='ltr'><strong>l.</strong></span> <span class='ocrx_word' id='word_1_231' title='bbox 1123 2283 1218 2357; x_wconf 65' lang='lat' dir='ltr'><strong>sotpt&#39;u¹</strong></span> 
     </span>
     <span class='ocr_line' id='line_1_25' title="bbox 62 2352 1219 2424; baseline -0.002 -14"><span class='ocrx_word' id='word_1_232' title='bbox 62 2367 114 2410; x_wconf 87' lang='lat' dir='ltr'><strong>tur</strong></span> <span class='ocrx_word' id='word_1_233' title='bbox 136 2357 239 2424; x_wconf 83' lang='lat' dir='ltr'><strong>glarie.</strong></span> <span class='ocrx_word' id='word_1_234' title='bbox 282 2357 336 2406; x_wconf 87' lang='lat' dir='ltr'><strong>Pro</strong></span> <span class='ocrx_word' id='word_1_235' title='bbox 361 2360 424 2406; x_wconf 89' lang='lat' dir='ltr'><strong>ente</strong></span> <span class='ocrx_word' id='word_1_236' title='bbox 451 2353 543 2408; x_wconf 80' lang='lat' dir='ltr'><strong>enim</strong></span> <span class='ocrx_word' id='word_1_237' title='bbox 566 2370 640 2405; x_wconf 89' lang='lat' dir='ltr'><strong>unus</strong></span> <span class='ocrx_word' id='word_1_238' title='bbox 666 2354 717 2406; x_wconf 87' lang='lat' dir='ltr'><strong>Ox.</strong></span> <span class='ocrx_word' id='word_1_239' title='bbox 741 2352 913 2407; x_wconf 71' lang='lat' dir='ltr'><strong>hebetante</strong></span> <span class='ocrx_word' id='word_1_240' title='bbox 937 2369 1021 2418; x_wconf 89' lang='lat' dir='ltr'><strong>cum,</strong></span> <span class='ocrx_word' id='word_1_241' title='bbox 1058 2354 1131 2406; x_wconf 86' lang='lat' dir='ltr'><strong>alius</strong></span> <span class='ocrx_word' id='word_1_242' title='bbox 1154 2359 1219 2408; x_wconf 75' lang='lat' dir='ltr'><strong>enle</strong></span> 
     </span>
     <span class='ocr_line' id='line_1_26' title="bbox 63 2427 1217 2481; baseline -0.003 0"><span class='ocrx_word' id='word_1_243' title='bbox 63 2442 144 2481; x_wconf 87' lang='lat' dir='ltr'><strong>eam.</strong></span> <span class='ocrx_word' id='word_1_244' title='bbox 183 2427 242 2480; x_wconf 87' lang='lat' dir='ltr'><strong>Mr.</strong></span> <span class='ocrx_word' id='word_1_245' title='bbox 1029 2464 1033 2471; x_wconf 77' lang='lat'><strong>.</strong></span> <span class='ocrx_word' id='word_1_246' title='bbox 1179 2464 1186 2474; x_wconf 85' lang='lat'><strong>.</strong></span> <span class='ocrx_word' id='word_1_247' title='bbox 1212 2440 1217 2463; x_wconf 76' lang='lat'>²</span> 
     </span>
    </p>

    <p class='ocr_par' dir='ltr' id='par_1_5' title="bbox 59 2484 1220 3132">
     <span class='ocr_line' id='line_1_27' title="bbox 136 2484 1218 2567; baseline 0 -16"><span class='ocrx_word' id='word_1_248' title='bbox 136 2498 309 2551; x_wconf 83' lang='lat' dir='ltr'><strong>Salaminam</strong></span> <span class='ocrx_word' id='word_1_249' title='bbox 325 2494 444 2564; x_wconf 72' lang='lat' dir='ltr'><strong>ipsam]</strong></span> <span class='ocrx_word' id='word_1_250' title='bbox 476 2497 528 2550; x_wconf 80' lang='lat' dir='ltr'><strong>Ex</strong></span> <span class='ocrx_word' id='word_1_251' title='bbox 555 2505 656 2566; x_wconf 86' lang='lat' dir='ltr'><strong>quarto</strong></span> <span class='ocrx_word' id='word_1_252' title='bbox 681 2496 857 2549; x_wconf 79' lang='lat' dir='ltr'><strong>Graecorum</strong></span> <span class='ocrx_word' id='word_1_253' title='bbox 885 2513 951 2548; x_wconf 85' lang='lat' dir='ltr'><strong>casu</strong></span> <span class='ocrx_word' id='word_1_254' title='bbox 979 2484 1108 2566; x_wconf 88' lang='lat' dir='ltr'><strong>primum</strong></span> <span class='ocrx_word' id='word_1_255' title='bbox 1135 2511 1218 2567; x_wconf 75' lang='lat' dir='ltr'><strong>saepe</strong></span> 
     </span>
     <span class='ocr_line' id='line_1_28' title="bbox 61 2565 1220 2637; baseline -0.001 -15"><span class='ocrx_word' id='word_1_256' title='bbox 61 2572 196 2624; x_wconf 80' lang='lat' dir='ltr'><strong>fecerunt</strong></span> <span class='ocrx_word' id='word_1_257' title='bbox 220 2568 325 2620; x_wconf 78' lang='lat' dir='ltr'><strong>Latini.</strong></span> <span class='ocrx_word' id='word_1_258' title='bbox 364 2569 557 2637; x_wconf 83' lang='lat' dir='ltr'><strong>Hieronymus</strong></span> <span class='ocrx_word' id='word_1_259' title='bbox 581 2567 667 2620; x_wconf 81' lang='lat' dir='ltr'><strong>Cstel.</strong></span> <span class='ocrx_word' id='word_1_260' title='bbox 701 2585 761 2636; x_wconf 84' lang='lat' dir='ltr'><strong>esp.</strong></span> <span class='ocrx_word' id='word_1_261' title='bbox 790 2567 885 2621; x_wconf 84' lang='lat' dir='ltr'><strong>CXIV.</strong></span> <span class='ocrx_word' id='word_1_262' title='bbox 918 2567 1098 2637; x_wconf 81' lang='lat' dir='ltr'><strong>Epiphanius</strong></span> <span class='ocrx_word' id='word_1_263' title='bbox 1126 2567 1149 2620; x_wconf 85' lang='lat' dir='ltr'>C</span> <span class='ocrx_word' id='word_1_264' title='bbox 1190 2565 1220 2621; x_wconf 78' lang='lat' dir='ltr'><strong>ri.</strong></span> 
     </span>
     <span class='ocr_line' id='line_1_29' title="bbox 62 2636 1217 2708; baseline -0.005 -13"><span class='ocrx_word' id='word_1_265' title='bbox 62 2641 223 2695; x_wconf 84' lang='lat' dir='ltr'><strong>Salaminae</strong></span> <span class='ocrx_word' id='word_1_266' title='bbox 242 2640 407 2708; x_wconf 85' lang='lat' dir='ltr'><strong>Episcopus.</strong></span> <span class='ocrx_word' id='word_1_267' title='bbox 445 2639 509 2690; x_wconf 84' lang='lat' dir='ltr'><strong>Pori</strong></span> <span class='ocrx_word' id='word_1_268' title='bbox 528 2636 799 2691; x_wconf 85' lang='lat' dir='ltr'><strong>modoSeleminem</strong></span> <span class='ocrx_word' id='word_1_269' title='bbox 816 2638 891 2688; x_wconf 82' lang='lat' dir='ltr'><strong>dixit</strong></span> <span class='ocrx_word' id='word_1_270' title='bbox 909 2639 1034 2691; x_wconf 88' lang='lat' dir='ltr'><strong>Iustinus</strong></span> <span class='ocrx_word' id='word_1_271' title='bbox 1053 2638 1103 2690; x_wconf 91' lang='lat' dir='ltr'><strong>lib.</strong></span> <span class='ocrx_word' id='word_1_272' title='bbox 1118 2639 1167 2689; x_wconf 77' lang='lat' dir='ltr'><strong>XL</strong></span> <span class='ocrx_word' id='word_1_273' title='bbox 1183 2639 1217 2689; x_wconf 73' lang='lat' dir='ltr'><strong>V.</strong></span> 
     </span>
     <span class='ocr_line' id='line_1_30' title="bbox 64 2705 1217 2781; baseline -0.003 -17"><span class='ocrx_word' id='word_1_274' title='bbox 64 2730 125 2781; x_wconf 90' lang='lat' dir='ltr'><strong>cap.</strong></span> <span class='ocrx_word' id='word_1_275' title='bbox 156 2712 209 2774; x_wconf 93' lang='lat' dir='ltr'><strong>Ill,</strong></span> <span class='ocrx_word' id='word_1_276' title='bbox 233 2713 258 2763; x_wconf 88' lang='grc'><strong>2.</strong></span> <span class='ocrx_word' id='word_1_277' title='bbox 295 2711 334 2759; x_wconf 83' lang='lat' dir='ltr'><strong>Et</strong></span> <span class='ocrx_word' id='word_1_278' title='bbox 359 2710 407 2760; x_wconf 92' lang='lat' dir='ltr'><strong>lib.</strong></span> <span class='ocrx_word' id='word_1_279' title='bbox 435 2710 474 2761; x_wconf 92' lang='lat'><strong>11.</strong></span> <span class='ocrx_word' id='word_1_280' title='bbox 502 2726 563 2778; x_wconf 82' lang='lat' dir='ltr'><strong>cap.</strong></span> <span class='ocrx_word' id='word_1_281' title='bbox 590 2713 614 2762; x_wconf 84' lang='lat' dir='ltr'><strong>t.</strong></span> <span class='ocrx_word' id='word_1_282' title='bbox 652 2705 695 2767; x_wconf 83' lang='lat' dir='ltr'><strong>D&#39;e</strong></span> <span class='ocrx_word' id='word_1_283' title='bbox 715 2709 894 2776; x_wconf 85' lang='lat' dir='ltr'><strong>proprietate</strong></span> <span class='ocrx_word' id='word_1_284' title='bbox 918 2708 1077 2762; x_wconf 77' lang='lat' dir='ltr'><strong>Salurninae</strong></span> <span class='ocrx_word' id='word_1_285' title='bbox 1107 2707 1217 2767; x_wconf 81' lang='lat' dir='ltr'><strong>insulae</strong></span> 
     </span>
     <span class='ocr_line' id='line_1_31' title="bbox 59 2779 1219 2852; baseline -0.003 -18"><span class='ocrx_word' id='word_1_286' title='bbox 59 2799 148 2852; x_wconf 87' lang='lat' dir='ltr'><strong>prope</strong></span> <span class='ocrx_word' id='word_1_287' title='bbox 167 2796 253 2848; x_wconf 86' lang='lat' dir='ltr'><strong>usque</strong></span> <span class='ocrx_word' id='word_1_288' title='bbox 272 2779 419 2832; x_wconf 86' lang='lat' dir='ltr'><strong>interitum</strong></span> <span class='ocrx_word' id='word_1_289' title='bbox 435 2780 525 2832; x_wconf 86' lang='lat' dir='ltr'><strong>ermis</strong></span> <span class='ocrx_word' id='word_1_290' title='bbox 544 2779 707 2832; x_wconf 84' lang='lat' dir='ltr'><strong>dimicatum</strong></span> <span class='ocrx_word' id='word_1_291' title='bbox 725 2781 826 2844; x_wconf 73' lang='lat' dir='ltr'><strong>fueret.</strong></span> <span class='ocrx_word' id='word_1_292' title='bbox 865 2779 913 2832; x_wconf 88' lang='lat' dir='ltr'><strong>Sic</strong></span> <span class='ocrx_word' id='word_1_293' title='bbox 932 2779 963 2830; x_wconf 91' lang='lat' dir='ltr'><strong>in</strong></span> <span class='ocrx_word' id='word_1_294' title='bbox 982 2780 1055 2832; x_wconf 85' lang='lat' dir='ltr'><strong>aliis.</strong></span> <span class='ocrx_word' id='word_1_295' title='bbox 1091 2781 1135 2831; x_wconf 85' lang='lat' dir='ltr'><strong>lta</strong></span> <span class='ocrx_word' id='word_1_296' title='bbox 1154 2779 1219 2832; x_wconf 78' lang='lat' dir='ltr'><strong>sut-</strong></span> 
     </span>
     <span class='ocr_line' id='line_1_32' title="bbox 62 2847 1217 2923; baseline 0 -20"><span class='ocrx_word' id='word_1_297' title='bbox 62 2854 158 2923; x_wconf 84' lang='lat' dir='ltr'><strong>picius</strong></span> <span class='ocrx_word' id='word_1_298' title='bbox 177 2852 298 2904; x_wconf 84' lang='lat' dir='ltr'><strong>Severus</strong></span> <span class='ocrx_word' id='word_1_299' title='bbox 318 2853 351 2902; x_wconf 87' lang='lat' dir='ltr'><strong>ll.</strong></span> <span class='ocrx_word' id='word_1_300' title='bbox 373 2852 400 2904; x_wconf 87' lang='lat' dir='ltr'><strong>S.</strong></span> <span class='ocrx_word' id='word_1_301' title='bbox 421 2850 471 2903; x_wconf 89' lang='lat' dir='ltr'><strong>lib.</strong></span> <span class='ocrx_word' id='word_1_302' title='bbox 492 2853 529 2904; x_wconf 90' lang='lat' dir='ltr'><strong>ll.</strong></span> <span class='ocrx_word' id='word_1_303' title='bbox 551 2868 611 2919; x_wconf 89' lang='lat' dir='ltr'><strong>cap.</strong></span> <span class='ocrx_word' id='word_1_304' title='bbox 630 2854 655 2905; x_wconf 87' lang='grc'><strong>9.</strong></span> <span class='ocrx_word' id='word_1_305' title='bbox 676 2848 893 2904; x_wconf 71' lang='lat' dir='ltr'><strong>Marathonem:</strong></span> <span class='ocrx_word' id='word_1_306' title='bbox 918 2867 978 2920; x_wconf 87' lang='lat' dir='ltr'><strong>cap.</strong></span> <span class='ocrx_word' id='word_1_307' title='bbox 999 2853 1042 2906; x_wconf 82' lang='grc'><strong>25.</strong></span> <span class='ocrx_word' id='word_1_308' title='bbox 1062 2847 1217 2903; x_wconf 80' lang='lat' dir='ltr'><strong>Ptolemai-</strong></span> 
     </span>
     <span class='ocr_line' id='line_1_33' title="bbox 64 2920 1219 2992; baseline -0.001 -18"><span class='ocrx_word' id='word_1_309' title='bbox 64 2923 286 2986; x_wconf 72' lang='lat' dir='ltr'><strong>den15acDial.</strong></span> <span class='ocrx_word' id='word_1_310' title='bbox 307 2941 368 2992; x_wconf 83' lang='lat' dir='ltr'><strong>cap.</strong></span> <span class='ocrx_word' id='word_1_311' title='bbox 388 2925 431 2977; x_wconf 84' lang='grc'><strong>23.</strong></span> <span class='ocrx_word' id='word_1_312' title='bbox 472 2920 642 2974; x_wconf 70' lang='lat' dir='ltr'><strong>Thebaidem</strong></span> <span class='ocrx_word' id='word_1_313' title='bbox 659 2921 758 2984; x_wconf 73' lang='lat' dir='ltr'><strong>habet,</strong></span> <span class='ocrx_word' id='word_1_314' title='bbox 786 2939 873 2990; x_wconf 88' lang='lat' dir='ltr'><strong>quem</strong></span> <span class='ocrx_word' id='word_1_315' title='bbox 891 2920 986 2973; x_wconf 86' lang='lat' dir='ltr'><strong>locum</strong></span> <span class='ocrx_word' id='word_1_316' title='bbox 1010 2930 1120 2974; x_wconf 89' lang='lat' dir='ltr'><strong>temere</strong></span> <span class='ocrx_word' id='word_1_317' title='bbox 1138 2921 1219 2973; x_wconf 87' lang='lat' dir='ltr'><strong>solli·</strong></span> 
     </span>
     <span class='ocr_line' id='line_1_34' title="bbox 64 2992 1218 3061; baseline -0.003 -15"><span class='ocrx_word' id='word_1_318' title='bbox 64 2995 135 3047; x_wconf 85' lang='lat' dir='ltr'><strong>citat</strong></span> <span class='ocrx_word' id='word_1_319' title='bbox 153 2997 233 3046; x_wconf 83' lang='lat' dir='ltr'><strong>Joan.</strong></span> <span class='ocrx_word' id='word_1_320' title='bbox 254 2995 391 3046; x_wconf 77' lang='lat' dir='ltr'><strong>vorstius.</strong></span> <span class='ocrx_word' id='word_1_321' title='bbox 430 2993 504 3058; x_wconf 83' lang='lat' dir='ltr'><strong>Quin</strong></span> <span class='ocrx_word' id='word_1_322' title='bbox 528 3002 557 3046; x_wconf 93' lang='lat' dir='ltr'><strong>et</strong></span> <span class='ocrx_word' id='word_1_323' title='bbox 581 2992 655 3061; x_wconf 85' lang='lat' dir='ltr'><strong>apud</strong></span> <span class='ocrx_word' id='word_1_324' title='bbox 672 2992 789 3043; x_wconf 82' lang='lat' dir='ltr'><strong>Livium</strong></span> <span class='ocrx_word' id='word_1_325' title='bbox 813 2992 863 3044; x_wconf 93' lang='lat' dir='ltr'><strong>lib.</strong></span> <span class='ocrx_word' id='word_1_326' title='bbox 884 2992 906 3044; x_wconf 94' lang='grc' dir='ltr'><strong>Ι.</strong></span> <span class='ocrx_word' id='word_1_327' title='bbox 926 3009 986 3061; x_wconf 84' lang='lat' dir='ltr'><strong>cap.</strong></span> <span class='ocrx_word' id='word_1_328' title='bbox 1008 2995 1049 3047; x_wconf 83' lang='lat'><strong>18.</strong></span> <span class='ocrx_word' id='word_1_329' title='bbox 1071 3010 1107 3044; x_wconf 84' lang='lat' dir='ltr'><strong>ex</strong></span> <span class='ocrx_word' id='word_1_330' title='bbox 1125 2992 1218 3044; x_wconf 81' lang='lat' dir='ltr'><strong>Msstis</strong></span> 
     </span>
     <span class='ocr_line' id='line_1_35' title="bbox 64 3063 1113 3132; baseline -0.005 -14"><span class='ocrx_word' id='word_1_331' title='bbox 64 3065 278 3118; x_wconf 84' lang='lat' dir='ltr'><strong>rescribendum</strong></span> <span class='ocrx_word' id='word_1_332' title='bbox 298 3066 458 3129; x_wconf 81' lang='lat' dir='ltr'><strong>Crotonem,</strong></span> <span class='ocrx_word' id='word_1_333' title='bbox 476 3081 542 3117; x_wconf 89' lang='lat' dir='ltr'><strong>cum</strong></span> <span class='ocrx_word' id='word_1_334' title='bbox 561 3063 685 3116; x_wconf 78' lang='lat' dir='ltr'><strong>Crotone</strong></span> <span class='ocrx_word' id='word_1_335' title='bbox 709 3079 777 3132; x_wconf 89' lang='lat' dir='ltr'><strong>prae</strong></span> <span class='ocrx_word' id='word_1_336' title='bbox 797 3079 826 3114; x_wconf 90' lang='lat' dir='ltr'><strong>so</strong></span> <span class='ocrx_word' id='word_1_337' title='bbox 843 3064 937 3113; x_wconf 76' lang='lat' dir='ltr'><strong>lerant</strong></span> <span class='ocrx_word' id='word_1_338' title='bbox 957 3063 1037 3115; x_wconf 88' lang='lat' dir='ltr'><strong>editi.</strong></span> <span class='ocrx_word' id='word_1_339' title='bbox 1074 3063 1113 3115; x_wconf 87' lang='lat' dir='ltr'><strong>D.</strong></span> 
     </span>
    </p>
   </div>
   <div class='ocr_carea' id='block_1_4' title="bbox 62 3149 1299 4192">
    <p class='ocr_par' dir='ltr' id='par_1_6' title="bbox 62 3149 1299 4192">
     <span class='ocr_line' id='line_1_36' title="bbox 135 3149 1241 3219; baseline 0.003 -17"><span class='ocrx_word' id='word_1_340' title='bbox 135 3151 320 3215; x_wconf 84' lang='lat' dir='ltr'><strong>Salaminem]</strong></span> <span class='ocrx_word' id='word_1_341' title='bbox 357 3154 392 3203; x_wconf 91' lang='lat' dir='ltr'><strong>In</strong></span> <span class='ocrx_word' id='word_1_342' title='bbox 411 3169 443 3203; x_wconf 89' lang='lat' dir='ltr'><strong>re</strong></span> <span class='ocrx_word' id='word_1_343' title='bbox 462 3151 588 3203; x_wconf 88' lang='lat' dir='ltr'><strong>nondum</strong></span> <span class='ocrx_word' id='word_1_344' title='bbox 606 3151 641 3202; x_wconf 84' lang='lat' dir='ltr'><strong>ad</strong></span> <span class='ocrx_word' id='word_1_345' title='bbox 659 3150 803 3219; x_wconf 86' lang='lat' dir='ltr'><strong>liquidum</strong></span> <span class='ocrx_word' id='word_1_346' title='bbox 819 3149 967 3219; x_wconf 80' lang='lat' dir='ltr'><strong>perducta,</strong></span> <span class='ocrx_word' id='word_1_347' title='bbox 990 3167 1061 3219; x_wconf 84' lang='lat' dir='ltr'><strong>quae</strong></span> <span class='ocrx_word' id='word_1_348' title='bbox 1080 3167 1116 3202; x_wconf 84' lang='lat' dir='ltr'><strong>ex</strong></span> <span class='ocrx_word' id='word_1_349' title='bbox 1135 3165 1218 3201; x_wconf 83' lang='lat' dir='ltr'><strong>sccu-</strong></span> <span class='ocrx_word' id='word_1_350' title='bbox 1238 3197 1241 3205; x_wconf 88' lang='lat'><strong>.</strong></span> 
     </span>
     <span class='ocr_line' id='line_1_37' title="bbox 64 3218 1216 3294; baseline -0.001 -21"><span class='ocrx_word' id='word_1_351' title='bbox 64 3222 172 3273; x_wconf 79' lang='lat' dir='ltr'><strong>ratiore</strong></span> <span class='ocrx_word' id='word_1_352' title='bbox 202 3221 462 3272; x_wconf 84' lang='lat' dir='ltr'><strong>vetustissimarum</strong></span> <span class='ocrx_word' id='word_1_353' title='bbox 496 3221 726 3272; x_wconf 83' lang='lat' dir='ltr'><strong>membranarum</strong></span> <span class='ocrx_word' id='word_1_354' title='bbox 758 3218 912 3272; x_wconf 84' lang='lat' dir='ltr'><strong>collatione</strong></span> <span class='ocrx_word' id='word_1_355' title='bbox 938 3237 1072 3294; x_wconf 81' lang='lat' dir='ltr'><strong>magnam</strong></span> <span class='ocrx_word' id='word_1_356' title='bbox 1103 3228 1216 3291; x_wconf 84' lang='lat' dir='ltr'><strong>partem</strong></span> 
     </span>
     <span class='ocr_line' id='line_1_38' title="bbox 62 3290 1217 3362; baseline 0 -20"><span class='ocrx_word' id='word_1_357' title='bbox 62 3292 189 3362; x_wconf 85' lang='lat' dir='ltr'><strong>pendere</strong></span> <span class='ocrx_word' id='word_1_358' title='bbox 208 3290 348 3354; x_wconf 83' lang='lat' dir='ltr'><strong>videatur,</strong></span> <span class='ocrx_word' id='word_1_359' title='bbox 379 3291 509 3342; x_wconf 87' lang='lat' dir='ltr'><strong>standum</strong></span> <span class='ocrx_word' id='word_1_360' title='bbox 532 3291 612 3341; x_wconf 85' lang='lat' dir='ltr'><strong>nobis</strong></span> <span class='ocrx_word' id='word_1_361' title='bbox 637 3290 731 3341; x_wconf 86' lang='lat' dir='ltr'><strong>visum</strong></span> <span class='ocrx_word' id='word_1_362' title='bbox 749 3299 792 3343; x_wconf 84' lang='lat' dir='ltr'><strong>est</strong></span> <span class='ocrx_word' id='word_1_363' title='bbox 809 3290 842 3340; x_wconf 79' lang='lat' dir='ltr'><strong>ab</strong></span> <span class='ocrx_word' id='word_1_364' title='bbox 861 3290 978 3358; x_wconf 88' lang='lat' dir='ltr'><strong>optimis</strong></span> <span class='ocrx_word' id='word_1_365' title='bbox 1005 3291 1102 3341; x_wconf 88' lang='lat' dir='ltr'><strong>libris:</strong></span> <span class='ocrx_word' id='word_1_366' title='bbox 1136 3291 1217 3358; x_wconf 86' lang='lat' dir='ltr'><strong>iique</strong></span> 
     </span>
     <span class='ocr_line' id='line_1_39' title="bbox 63 3359 1217 3429; baseline -0.002 -14"><span class='ocrx_word' id='word_1_367' title='bbox 63 3363 170 3415; x_wconf 85' lang='lat' dir='ltr'><strong>habent</strong></span> <span class='ocrx_word' id='word_1_368' title='bbox 194 3359 377 3423; x_wconf 82' lang='lat' dir='ltr'><strong>Salaminem,</strong></span> <span class='ocrx_word' id='word_1_369' title='bbox 407 3379 464 3412; x_wconf 86' lang='lat' dir='ltr'><strong>uua</strong></span> <span class='ocrx_word' id='word_1_370' title='bbox 492 3378 558 3411; x_wconf 91' lang='lat' dir='ltr'><strong>cum</strong></span> <span class='ocrx_word' id='word_1_371' title='bbox 584 3361 691 3429; x_wconf 84' lang='lat' dir='ltr'><strong>peioris</strong></span> <span class='ocrx_word' id='word_1_372' title='bbox 717 3369 799 3411; x_wconf 87' lang='lat' dir='ltr'><strong>notae</strong></span> <span class='ocrx_word' id='word_1_373' title='bbox 825 3359 909 3411; x_wconf 88' lang='lat' dir='ltr'><strong>Codd.</strong></span> <span class='ocrx_word' id='word_1_374' title='bbox 939 3369 969 3412; x_wconf 88' lang='lat' dir='ltr'><strong>et</strong></span> <span class='ocrx_word' id='word_1_375' title='bbox 993 3360 1064 3411; x_wconf 83' lang='lat' dir='ltr'><strong>Edd.</strong></span> <span class='ocrx_word' id='word_1_376' title='bbox 1088 3369 1159 3411; x_wconf 83' lang='lat' dir='ltr'><strong>vett.</strong></span> <span class='ocrx_word' id='word_1_377' title='bbox 1187 3367 1217 3413; x_wconf 86' lang='lat' dir='ltr'><strong>et</strong></span> 
     </span>
     <span class='ocr_line' id='line_1_40' title="bbox 63 3429 1214 3501; baseline -0.003 -15"><span class='ocrx_word' id='word_1_378' title='bbox 63 3451 139 3486; x_wconf 85' lang='lat' dir='ltr'><strong>recc.</strong></span> <span class='ocrx_word' id='word_1_379' title='bbox 161 3432 299 3495; x_wconf 89' lang='lat' dir='ltr'><strong>omnibus,</strong></span> <span class='ocrx_word' id='word_1_380' title='bbox 319 3432 446 3500; x_wconf 84' lang='lat' dir='ltr'><strong>exceptis</strong></span> <span class='ocrx_word' id='word_1_381' title='bbox 458 3431 529 3482; x_wconf 86' lang='lat' dir='ltr'><strong>Edd.</strong></span> <span class='ocrx_word' id='word_1_382' title='bbox 543 3433 578 3481; x_wconf 84' lang='grc' dir='ltr'><strong>Μ.</strong></span> <span class='ocrx_word' id='word_1_383' title='bbox 590 3431 735 3484; x_wconf 79' lang='lat' dir='ltr'><strong>FAWolf.</strong></span> <span class='ocrx_word' id='word_1_384' title='bbox 750 3430 834 3483; x_wconf 85' lang='lat' dir='ltr'><strong>Sche.</strong></span> <span class='ocrx_word' id='word_1_385' title='bbox 855 3448 927 3501; x_wconf 85' lang='lat' dir='ltr'><strong>quse</strong></span> <span class='ocrx_word' id='word_1_386' title='bbox 941 3431 1048 3482; x_wconf 87' lang='lat' dir='ltr'><strong>habent</strong></span> <span class='ocrx_word' id='word_1_387' title='bbox 1057 3429 1214 3483; x_wconf 88' lang='lat' dir='ltr'><strong>Salamine.</strong></span> 
     </span>
     <span class='ocr_line' id='line_1_41' title="bbox 63 3500 1299 3558; baseline -0.002 -1"><span class='ocrx_word' id='word_1_388' title='bbox 63 3507 97 3558; x_wconf 91' lang='lat' dir='ltr'><strong>ln</strong></span> <span class='ocrx_word' id='word_1_389' title='bbox 116 3505 168 3556; x_wconf 88' lang='lat' dir='ltr'><strong>Ed.</strong></span> <span class='ocrx_word' id='word_1_390' title='bbox 189 3502 278 3554; x_wconf 88' lang='lat' dir='ltr'><strong>Nobb.</strong></span> <span class='ocrx_word' id='word_1_391' title='bbox 299 3502 432 3555; x_wconf 82' lang='lat' dir='ltr'><strong>literam</strong></span> <span class='ocrx_word' id='word_1_392' title='bbox 449 3502 564 3552; x_wconf 88' lang='lat' dir='ltr'><strong>uncinis</strong></span> <span class='ocrx_word' id='word_1_393' title='bbox 590 3500 700 3553; x_wconf 84' lang='lat' dir='ltr'><strong>inclusa</strong></span> <span class='ocrx_word' id='word_1_394' title='bbox 719 3510 770 3553; x_wconf 85' lang='lat' dir='ltr'><strong>est.</strong></span> <span class='ocrx_word' id='word_1_395' title='bbox 807 3501 848 3554; x_wconf 89' lang='lat' dir='ltr'><strong>Dc</strong></span> <span class='ocrx_word' id='word_1_396' title='bbox 872 3502 962 3554; x_wconf 87' lang='lat' dir='ltr'><strong>simili</strong></span> <span class='ocrx_word' id='word_1_397' title='bbox 986 3504 1078 3554; x_wconf 83' lang='lat' dir='ltr'><strong>forme</strong></span> <span class='ocrx_word' id='word_1_398' title='bbox 1103 3501 1220 3555; x_wconf 80' lang='lat' dir='ltr'><strong>Eleusi·</strong></span> <span class='ocrx_word' id='word_1_399' title='bbox 1296 3540 1299 3545; x_wconf 91' lang='lat'>-</span> 
     </span>
     <span class='ocr_line' id='line_1_42' title="bbox 63 3572 1217 3638; baseline -0.002 -10"><span class='ocrx_word' id='word_1_400' title='bbox 63 3592 128 3628; x_wconf 87' lang='lat' dir='ltr'><strong>nem</strong></span> <span class='ocrx_word' id='word_1_401' title='bbox 147 3575 204 3626; x_wconf 83' lang='lat' dir='ltr'><strong>vid.</strong></span> <span class='ocrx_word' id='word_1_402' title='bbox 226 3575 375 3626; x_wconf 78' lang='lat' dir='ltr'><strong>Heindorf.</strong></span> <span class='ocrx_word' id='word_1_403' title='bbox 395 3572 496 3625; x_wconf 83' lang='lat' dir='ltr'><strong>adCic.</strong></span> <span class='ocrx_word' id='word_1_404' title='bbox 518 3573 553 3625; x_wconf 87' lang='lat' dir='ltr'><strong>de</strong></span> <span class='ocrx_word' id='word_1_405' title='bbox 564 3574 600 3624; x_wconf 88' lang='lat' dir='ltr'><strong>N.</strong></span> <span class='ocrx_word' id='word_1_406' title='bbox 611 3573 644 3623; x_wconf 88' lang='lat' dir='ltr'><strong>D.</strong></span> <span class='ocrx_word' id='word_1_407' title='bbox 661 3575 683 3624; x_wconf 90' lang='lat' dir='ltr'><strong>l.</strong></span> <span class='ocrx_word' id='word_1_408' title='bbox 703 3575 746 3626; x_wconf 77' lang='lat'><strong>42.</strong></span> <span class='ocrx_word' id='word_1_409' title='bbox 768 3575 837 3638; x_wconf 75' lang='lat'><strong>119,</strong></span> <span class='ocrx_word' id='word_1_410' title='bbox 857 3589 907 3625; x_wconf 87' lang='lat' dir='ltr'><strong>nos</strong></span> <span class='ocrx_word' id='word_1_411' title='bbox 925 3574 960 3625; x_wconf 84' lang='lat' dir='ltr'><strong>ed</strong></span> <span class='ocrx_word' id='word_1_412' title='bbox 978 3572 1100 3625; x_wconf 85' lang='lat' dir='ltr'><strong>eundem</strong></span> <span class='ocrx_word' id='word_1_413' title='bbox 1118 3572 1217 3626; x_wconf 75' lang='lat' dir='ltr'><strong>locuni</strong></span> 
     </span>
     <span class='ocr_line' id='line_1_43' title="bbox 64 3643 1216 3717; baseline -0.002 -19"><span class='ocrx_word' id='word_1_414' title='bbox 64 3647 106 3698; x_wconf 91' lang='lat' dir='ltr'><strong>ed.</strong></span> <span class='ocrx_word' id='word_1_415' title='bbox 128 3647 173 3698; x_wconf 89' lang='lat' dir='ltr'><strong>Cr.</strong></span> <span class='ocrx_word' id='word_1_416' title='bbox 194 3653 223 3696; x_wconf 87' lang='lat' dir='ltr'><strong>et</strong></span> <span class='ocrx_word' id='word_1_417' title='bbox 242 3655 329 3696; x_wconf 87' lang='lat' dir='ltr'><strong>nostr.</strong></span> <span class='ocrx_word' id='word_1_418' title='bbox 351 3644 416 3707; x_wconf 80' lang='lat' dir='ltr'><strong>insi.</strong></span> <span class='ocrx_word' id='word_1_419' title='bbox 436 3662 464 3713; x_wconf 88' lang='lat' dir='ltr'><strong>p.</strong></span> <span class='ocrx_word' id='word_1_420' title='bbox 486 3646 545 3698; x_wconf 88' lang='grc'><strong>192.</strong></span> <span class='ocrx_word' id='word_1_421' title='bbox 584 3643 719 3696; x_wconf 87' lang='lat' dir='ltr'><strong>Ceterum</strong></span> <span class='ocrx_word' id='word_1_422' title='bbox 742 3658 799 3695; x_wconf 89' lang='lat' dir='ltr'><strong>non</strong></span> <span class='ocrx_word' id='word_1_423' title='bbox 823 3660 906 3717; x_wconf 79' lang='lat' dir='ltr'><strong>nego,</strong></span> <span class='ocrx_word' id='word_1_424' title='bbox 932 3644 1101 3713; x_wconf 87' lang='lat' dir='ltr'><strong>posterioris</strong></span> <span class='ocrx_word' id='word_1_425' title='bbox 1119 3645 1216 3714; x_wconf 81' lang='lat' dir='ltr'><strong>potius</strong></span> 
     </span>
     <span class='ocr_line' id='line_1_44' title="bbox 64 3714 1217 3786; baseline -0.003 -18"><span class='ocrx_word' id='word_1_426' title='bbox 64 3717 163 3768; x_wconf 85' lang='lat' dir='ltr'><strong>aetatis</strong></span> <span class='ocrx_word' id='word_1_427' title='bbox 182 3717 335 3786; x_wconf 85' lang='lat' dir='ltr'><strong>scriptores</strong></span> <span class='ocrx_word' id='word_1_428' title='bbox 355 3716 493 3767; x_wconf 85' lang='lat' dir='ltr'><strong>eiusmodi</strong></span> <span class='ocrx_word' id='word_1_429' title='bbox 520 3714 636 3766; x_wconf 84' lang='lat' dir='ltr'><strong>nomina</strong></span> <span class='ocrx_word' id='word_1_430' title='bbox 662 3714 777 3765; x_wconf 90' lang='lat' dir='ltr'><strong>urbium</strong></span> <span class='ocrx_word' id='word_1_431' title='bbox 796 3721 824 3764; x_wconf 87' lang='lat' dir='ltr'><strong>et</strong></span> <span class='ocrx_word' id='word_1_432' title='bbox 843 3715 974 3766; x_wconf 90' lang='lat' dir='ltr'><strong>locorum</strong></span> <span class='ocrx_word' id='word_1_433' title='bbox 992 3715 1108 3766; x_wconf 60' lang='lat' dir='ltr'><strong>listinae</strong></span> <span class='ocrx_word' id='word_1_434' title='bbox 1128 3714 1217 3767; x_wconf 90' lang='lat' dir='ltr'><strong>decli·</strong></span> 
     </span>
     <span class='ocr_line' id='line_1_45' title="bbox 63 3784 1269 3858; baseline 0.001 -22"><span class='ocrx_word' id='word_1_435' title='bbox 63 3785 189 3836; x_wconf 86' lang='lat' dir='ltr'><strong>nationis</strong></span> <span class='ocrx_word' id='word_1_436' title='bbox 207 3787 318 3858; x_wconf 81' lang='lat' dir='ltr'><strong>legibus</strong></span> <span class='ocrx_word' id='word_1_437' title='bbox 337 3786 561 3850; x_wconf 82' lang='lat' dir='ltr'><strong>accommodare,</strong></span> <span class='ocrx_word' id='word_1_438' title='bbox 590 3785 666 3854; x_wconf 87' lang='lat' dir='ltr'><strong>quod</strong></span> <span class='ocrx_word' id='word_1_439' title='bbox 683 3792 781 3837; x_wconf 88' lang='lat' dir='ltr'><strong>mouet</strong></span> <span class='ocrx_word' id='word_1_440' title='bbox 799 3785 966 3837; x_wconf 83' lang='lat' dir='ltr'><strong>Klihnerus:</strong></span> <span class='ocrx_word' id='word_1_441' title='bbox 992 3784 1066 3836; x_wconf 90' lang='lat' dir='ltr'><strong>illud</strong></span> <span class='ocrx_word' id='word_1_442' title='bbox 1084 3785 1164 3847; x_wconf 75' lang='lat' dir='ltr'><strong>volo,</strong></span> <span class='ocrx_word' id='word_1_443' title='bbox 1186 3788 1216 3837; x_wconf 68' lang='lat' dir='ltr'><strong>et</strong></span> <span class='ocrx_word' id='word_1_444' title='bbox 1266 3814 1269 3825; x_wconf 85' lang='lat'><strong>.</strong></span> 
     </span>
     <span class='ocr_line' id='line_1_46' title="bbox 63 3855 1216 3927; baseline -0.001 -18"><span class='ocrx_word' id='word_1_445' title='bbox 63 3857 234 3909; x_wconf 85' lang='lat' dir='ltr'><strong>Ciceronem</strong></span> <span class='ocrx_word' id='word_1_446' title='bbox 258 3857 288 3905; x_wconf 90' lang='lat' dir='ltr'><strong>iu</strong></span> <span class='ocrx_word' id='word_1_447' title='bbox 316 3857 381 3907; x_wconf 85' lang='lat' dir='ltr'><strong>aliis</strong></span> <span class='ocrx_word' id='word_1_448' title='bbox 410 3872 523 3923; x_wconf 83' lang='lat' dir='ltr'><strong>quoque</strong></span> <span class='ocrx_word' id='word_1_449' title='bbox 551 3856 713 3907; x_wconf 88' lang='lat' dir='ltr'><strong>nominibus</strong></span> <span class='ocrx_word' id='word_1_450' title='bbox 741 3855 887 3927; x_wconf 83' lang='lat' dir='ltr'><strong>singulare</strong></span> <span class='ocrx_word' id='word_1_451' title='bbox 916 3856 986 3920; x_wconf 86' lang='lat' dir='ltr'><strong>quid</strong></span> <span class='ocrx_word' id='word_1_452' title='bbox 1008 3855 1114 3905; x_wconf 86' lang='lat' dir='ltr'><strong>habere</strong></span> <span class='ocrx_word' id='word_1_453' title='bbox 1138 3855 1216 3920; x_wconf 84' lang='lat' dir='ltr'><strong>(vide</strong></span> 
     </span>
     <span class='ocr_line' id='line_1_47' title="bbox 62 3925 1216 3999; baseline -0.002 -19"><span class='ocrx_word' id='word_1_454' title='bbox 62 3927 147 3980; x_wconf 86' lang='lat' dir='ltr'><strong>modo</strong></span> <span class='ocrx_word' id='word_1_455' title='bbox 168 3944 238 3993; x_wconf 83' lang='lat' dir='ltr'><strong>quse</strong></span> <span class='ocrx_word' id='word_1_456' title='bbox 257 3927 291 3978; x_wconf 83' lang='lat' dir='ltr'><strong>tle</strong></span> <span class='ocrx_word' id='word_1_457' title='bbox 309 3929 425 3979; x_wconf 82' lang='lat' dir='ltr'><strong>noniiue</strong></span> <span class='ocrx_word' id='word_1_458' title='bbox 443 3925 550 3991; x_wconf 84' lang='lat' dir='ltr'><strong>Persei,</strong></span> <span class='ocrx_word' id='word_1_459' title='bbox 570 3926 755 3978; x_wconf 78' lang='lat' dir='ltr'><strong>Macedonum</strong></span> <span class='ocrx_word' id='word_1_460' title='bbox 781 3926 859 3999; x_wconf 84' lang='lat' dir='ltr'><strong>regis</strong></span> <span class='ocrx_word' id='word_1_461' title='bbox 884 3925 967 3978; x_wconf 90' lang='lat' dir='ltr'><strong>docet</strong></span> <span class='ocrx_word' id='word_1_462' title='bbox 989 3927 1023 3978; x_wconf 78' lang='lat' dir='ltr'><strong>lt.</strong></span> <span class='ocrx_word' id='word_1_463' title='bbox 1044 3927 1075 3976; x_wconf 84' lang='lat' dir='ltr'><strong>l..</strong></span> <span class='ocrx_word' id='word_1_464' title='bbox 1096 3925 1216 3978; x_wconf 83' lang='lat' dir='ltr'><strong>Schnei-</strong></span> 
     </span>
     <span class='ocr_line' id='line_1_48' title="bbox 63 3996 1216 4066; baseline -0.002 -15"><span class='ocrx_word' id='word_1_465' title='bbox 63 4000 123 4051; x_wconf 83' lang='lat' dir='ltr'><strong>der.</strong></span> <span class='ocrx_word' id='word_1_466' title='bbox 145 3997 195 4048; x_wconf 90' lang='lat' dir='ltr'><strong>Gr.</strong></span> <span class='ocrx_word' id='word_1_467' title='bbox 216 3997 309 4048; x_wconf 85' lang='lat' dir='ltr'><strong>Latin.</strong></span> <span class='ocrx_word' id='word_1_468' title='bbox 331 3998 367 4049; x_wconf 91' lang='grc' dir='ltr'><strong>ΙΙ.</strong></span> <span class='ocrx_word' id='word_1_469' title='bbox 390 4003 412 4052; x_wconf 94' lang='lat'><strong>1.</strong></span> <span class='ocrx_word' id='word_1_470' title='bbox 433 4016 459 4066; x_wconf 88' lang='lat' dir='ltr'><strong>p.</strong></span> <span class='ocrx_word' id='word_1_471' title='bbox 480 3997 657 4058; x_wconf 72' lang='lat' dir='ltr'><strong>att-321.):</strong></span> <span class='ocrx_word' id='word_1_472' title='bbox 687 4004 715 4050; x_wconf 89' lang='lat' dir='ltr'><strong>ct</strong></span> <span class='ocrx_word' id='word_1_473' title='bbox 737 3997 999 4048; x_wconf 83' lang='lat' dir='ltr'><strong>vetustissimorum</strong></span> <span class='ocrx_word' id='word_1_474' title='bbox 1024 3996 1165 4049; x_wconf 88' lang='lat' dir='ltr'><strong>librorum</strong></span> <span class='ocrx_word' id='word_1_475' title='bbox 1184 3997 1216 4049; x_wconf 84' lang='lat' dir='ltr'><strong>iu</strong></span> 
     </span>
     <span class='ocr_line' id='line_1_49' title="bbox 62 4066 1216 4142; baseline -0.002 -20"><span class='ocrx_word' id='word_1_476' title='bbox 62 4086 95 4122; x_wconf 85' lang='lat' dir='ltr'><strong>re</strong></span> <span class='ocrx_word' id='word_1_477' title='bbox 125 4069 235 4119; x_wconf 86' lang='lat' dir='ltr'><strong>incerta</strong></span> <span class='ocrx_word' id='word_1_478' title='bbox 268 4069 469 4121; x_wconf 81' lang='lat' dir='ltr'><strong>auctoritatem</strong></span> <span class='ocrx_word' id='word_1_479' title='bbox 502 4084 559 4121; x_wconf 89' lang='lat' dir='ltr'><strong>uon</strong></span> <span class='ocrx_word' id='word_1_480' title='bbox 583 4067 677 4120; x_wconf 83' lang='lat' dir='ltr'><strong>rideri</strong></span> <span class='ocrx_word' id='word_1_481' title='bbox 710 4067 906 4136; x_wconf 79' lang='lat' dir='ltr'><strong>sperneudsuu.</strong></span> <span class='ocrx_word' id='word_1_482' title='bbox 935 4066 1002 4120; x_wconf 80' lang='lat' dir='ltr'><strong>Cotl.</strong></span> <span class='ocrx_word' id='word_1_483' title='bbox 1030 4067 1103 4142; x_wconf 73' lang='lat' dir='ltr'><strong>Aug.</strong></span> <span class='ocrx_word' id='word_1_484' title='bbox 1130 4067 1216 4122; x_wconf 70' lang='lat' dir='ltr'><strong>habet</strong></span> 
     </span>
     <span class='ocr_line' id='line_1_50' title="bbox 62 4139 1050 4192; baseline -0.003 0"><span class='ocrx_word' id='word_1_485' title='bbox 62 4141 198 4192; x_wconf 80' lang='lat' dir='ltr'><strong>obrueret.</strong></span> <span class='ocrx_word' id='word_1_486' title='bbox 236 4139 298 4191; x_wconf 87' lang='lat' dir='ltr'><strong>Mr.</strong></span> <span class='ocrx_word' id='word_1_487' title='bbox 1048 4174 1050 4179; x_wconf 78' lang='lat'><em>·</em></span> 
     </span>
    </p>
   </div>
   <div class='ocr_carea' id='block_1_5' title="bbox 62 4224 1216 4508">
    <p class='ocr_par' dir='ltr' id='par_1_7' title="bbox 62 4224 1216 4508">
     <span class='ocr_line' id='line_1_51' title="bbox 132 4224 1214 4298; baseline -0.005 -17"><span class='ocrx_word' id='word_1_488' title='bbox 132 4227 282 4281; x_wconf 84' lang='lat' dir='ltr'><strong>Salaminii</strong></span> <span class='ocrx_word' id='word_1_489' title='bbox 300 4227 411 4294; x_wconf 78' lang='lat' dir='ltr'><strong>tropaei</strong></span> <span class='ocrx_word' id='word_1_490' title='bbox 426 4225 601 4293; x_wconf 87' lang='lat' dir='ltr'><strong>memoriam]</strong></span> <span class='ocrx_word' id='word_1_491' title='bbox 637 4225 780 4280; x_wconf 82' lang='lat' dir='ltr'><strong>Selemini</strong></span> <span class='ocrx_word' id='word_1_492' title='bbox 798 4226 890 4279; x_wconf 87' lang='lat' dir='ltr'><strong>estin</strong></span> <span class='ocrx_word' id='word_1_493' title='bbox 904 4225 989 4279; x_wconf 77' lang='lat' dir='ltr'><strong>codd.</strong></span> <span class='ocrx_word' id='word_1_494' title='bbox 1009 4227 1083 4279; x_wconf 75' lang='lat' dir='ltr'><strong>Geel.</strong></span> <span class='ocrx_word' id='word_1_495' title='bbox 1095 4230 1120 4281; x_wconf 89' lang='lat'><strong>1.</strong></span> <span class='ocrx_word' id='word_1_496' title='bbox 1140 4224 1214 4298; x_wconf 78' lang='lat' dir='ltr'><strong>Aug.</strong></span> 
     </span>
     <span class='ocr_line' id='line_1_52' title="bbox 62 4296 1216 4368; baseline -0.001 -20"><span class='ocrx_word' id='word_1_497' title='bbox 62 4300 147 4350; x_wconf 86' lang='lat' dir='ltr'><strong>Vind.</strong></span> <span class='ocrx_word' id='word_1_498' title='bbox 168 4303 192 4352; x_wconf 91' lang='lat' dir='ltr'><strong>l.</strong></span> <span class='ocrx_word' id='word_1_499' title='bbox 213 4300 301 4352; x_wconf 82' lang='lat' dir='ltr'><strong>Itehd.</strong></span> <span class='ocrx_word' id='word_1_500' title='bbox 330 4300 403 4352; x_wconf 84' lang='lat' dir='ltr'><strong>Gud.</strong></span> <span class='ocrx_word' id='word_1_501' title='bbox 434 4308 462 4351; x_wconf 85' lang='lat' dir='ltr'><strong>et</strong></span> <span class='ocrx_word' id='word_1_502' title='bbox 486 4300 598 4368; x_wconf 82' lang='lat' dir='ltr'><strong>aliquot</strong></span> <span class='ocrx_word' id='word_1_503' title='bbox 621 4298 692 4349; x_wconf 81' lang='lat' dir='ltr'><strong>Eud.</strong></span> <span class='ocrx_word' id='word_1_504' title='bbox 718 4306 789 4350; x_wconf 81' lang='lat' dir='ltr'><strong>vett.</strong></span> <span class='ocrx_word' id='word_1_505' title='bbox 813 4298 954 4349; x_wconf 85' lang='lat' dir='ltr'><strong>nimirum</strong></span> <span class='ocrx_word' id='word_1_506' title='bbox 975 4298 1080 4350; x_wconf 80' lang='lat' dir='ltr'><strong>velex</strong></span> <span class='ocrx_word' id='word_1_507' title='bbox 1097 4296 1216 4364; x_wconf 80' lang='lat' dir='ltr'><strong>antiquo</strong></span> 
     </span>
     <span class='ocr_line' id='line_1_53' title="bbox 63 4366 1215 4444; baseline -0.006 -23"><span class='ocrx_word' id='word_1_508' title='bbox 63 4387 125 4432; x_wconf 88' lang='lat' dir='ltr'><strong>usu,</strong></span> <span class='ocrx_word' id='word_1_509' title='bbox 154 4386 238 4436; x_wconf 87' lang='lat' dir='ltr'><strong>quem</strong></span> <span class='ocrx_word' id='word_1_510' title='bbox 261 4388 351 4438; x_wconf 79' lang='lat' dir='ltr'><strong>usque</strong></span> <span class='ocrx_word' id='word_1_511' title='bbox 377 4372 411 4424; x_wconf 79' lang='lat' dir='ltr'><strong>atl</strong></span> <span class='ocrx_word' id='word_1_512' title='bbox 435 4371 523 4423; x_wconf 83' lang='lat' dir='ltr'><strong>linem</strong></span> <span class='ocrx_word' id='word_1_513' title='bbox 547 4368 639 4422; x_wconf 88' lang='lat' dir='ltr'><strong>seculi</strong></span> <span class='ocrx_word' id='word_1_514' title='bbox 662 4368 802 4444; x_wconf 81' lang='lat' dir='ltr'><strong>Augustei</strong></span> <span class='ocrx_word' id='word_1_515' title='bbox 827 4369 916 4422; x_wconf 82' lang='lat' dir='ltr'><strong>fuisse</strong></span> <span class='ocrx_word' id='word_1_516' title='bbox 943 4377 1070 4421; x_wconf 82' lang='lat' dir='ltr'><strong>constat:</strong></span> <span class='ocrx_word' id='word_1_517' title='bbox 1106 4366 1154 4416; x_wconf 86' lang='lat' dir='ltr'><strong>vel</strong></span> <span class='ocrx_word' id='word_1_518' title='bbox 1180 4381 1215 4416; x_wconf 84' lang='lat' dir='ltr'><strong>ex</strong></span> 
     </span>
     <span class='ocr_line' id='line_1_54' title="bbox 63 4435 1215 4508; baseline -0.003 -18"><span class='ocrx_word' id='word_1_519' title='bbox 63 4438 221 4508; x_wconf 88' lang='lat' dir='ltr'><strong>scriptione</strong></span> <span class='ocrx_word' id='word_1_520' title='bbox 240 4442 389 4496; x_wconf 62' lang='lat' dir='ltr'><strong>sicinini.</strong></span> <span class='ocrx_word' id='word_1_521' title='bbox 427 4444 481 4496; x_wconf 86' lang='lat' dir='ltr'><strong>Pro</strong></span> <span class='ocrx_word' id='word_1_522' title='bbox 498 4439 662 4496; x_wconf 73' lang='lat' dir='ltr'><strong>nnuman·</strong></span> <span class='ocrx_word' id='word_1_523' title='bbox 678 4440 813 4496; x_wconf 77' lang='lat' dir='ltr'><strong>‹loo-01¹.</strong></span> <span class='ocrx_word' id='word_1_524' title='bbox 832 4439 941 4495; x_wconf 77' lang='lat' dir='ltr'><strong>hebent</strong></span> <span class='ocrx_word' id='word_1_525' title='bbox 956 4438 1113 4495; x_wconf 69' lang='lat' dir='ltr'><strong>numen.</strong></span> <span class='ocrx_word' id='word_1_526' title='bbox 1145 4435 1215 4489; x_wconf 78' lang='lat' dir='ltr'><strong>Fuit</strong></span> 
     </span>
    </p>
   </div>
   <div class='ocr_carea' id='block_1_6' title="bbox 0 0 1420 5070">
    <p class='ocr_par' dir='ltr' id='par_1_8' title="bbox 0 0 1420 5070">
     <span class='ocr_line' id='line_1_55' title="bbox 0 0 1420 5070; baseline 0 0"><span class='ocrx_word' id='word_1_527' title='bbox 0 0 1420 5070; x_wconf 95' lang='lat' dir='ltr'><strong> </strong></span> 
     </span>
    </p>
   </div>
  </div>
 </body>
</html>
