2828 5070
197 311 265 385 Ν
402 313 632 380 CICERONIS
652 314 901 381 Tuscum.
917 313 1154 378 DISPUTAT.

201 503 271 546 non
298 482 432 554 nolim,
466 481 565 543 modo
594 501 662 544 non
690 483 895 543 laborarem:
928 482 1021 543 omni
1052 488 1163 542 antean
1199 481 1360 542 oratione

201 563 287 628 illud
307 574 400 626 certe
420 569 606 644 perlectum
627 573 689 640 est,
709 575 750 625 ut
769 575 910 626 mortem
933 584 1000 625 non
1013 561 1169 624 ducerem
1191 564 1227 621 in
1251 564 1356 626 malis.

202 648 254 714 Μ.
276 648 366 709 Num
390 651 498 733 igitur
518 651 622 712 etiam
641 649 819 707 rhetorum
850 649 1019 729 epilogum
1052 645 1295 720 desideramus,
1315 664 1358 707 au

202 731 289 793 banc
310 734 375 792 ium
398 740 505 792 artem
537 732 636 812 plane
662 729 903 810 relinquimus!
944 733 983 790 Δ.
1006 729 1063 789 Tu
1090 747 1173 792 vero
1194 731 1297 788 istam
1317 745 1359 788 ne

203 910 271 955 tunt
288 900 376 955 Codd.
397 902 473 954 lllon.
493 904 519 956 2
538 900 625 953 lllarb.
645 899 721 952 Gud.
740 898 799 951 duo
817 900 904 963 0¹23
924 900 981 952 duo
998 899 1051 951 aiii
1068 897 1190 950 babent:
1218 904 1258 949 ut
1287 898 1359 952 oli·

229 975 342 1025 uoudo
368 990 432 1027 nou
460 973 556 1024 modo
584 972 709 1032 sellem
734 987 849 1022 rerum
872 970 982 1022 etiam
1007 971 1180 1023 laborarem
1211 987 1289 1021 unus
1308 971 1357 1022 01.

278 1045 313 1095 ll
334 1049 365 1095 ut
384 1045 464 1096 modo
481 1061 534 1094 uon
552 1042 692 1105 uellem,
720 1042 803 1094 modo
821 1041 1057 1095 mesubalim:
1084 1048 1114 1093 ut
1138 1041 1221 1093 modo
1244 1042 1359 1108 nollem,

205 1131 262 1170 aon
279 1117 448 1168 laborarem:
468 1116 541 1166 duo:
562 1114 693 1166 laborm.
730 1113 792 1164 Mr.

278 1185 360 1239 Omni
383 1194 475 1237 aulem
497 1184 642 1249 oratione]
680 1183 767 1248 „Iam
794 1183 864 1237 duas
889 1185 1030 1236 orationis
1055 1191 1154 1254 partes
1171 1183 1255 1247 tecit,
1281 1198 1360 1235 nuno

205 1257 242 1311 de
258 1265 320 1312 tota
338 1257 478 1327 loquitur.
517 1256 618 1325 ltaque
636 1256 791 1330 legendum
802 1256 923 1308 omnino
942 1256 1080 1318 oratioue,
1099 1272 1157 1306 non
1175 1255 1298 1307 rollone.
1326 1255 1359 1306 ln

204 1329 289 1383 Verr.
309 1329 356 1380 Vl.
377 1329 451 1393 [Act.
471 1327 509 1379 11.
529 1328 589 1378 Lib.
609 1324 854 1390 1V.52.ll⁵.]ul
873 1327 1025 1394 aliquando
1045 1333 1131 1379 totum
1147 1323 1231 1377 laisa
1249 1325 1362 1392 generis

207 1401 364 1452 motionem
381 1399 560 1460 concludam
579 1414 637 1449 non
657 1397 803 1463 rationem.
839 1398 878 1449 Et
896 1395 963 1450 Ter.
983 1398 1123 1451 Andria.“
1141 1394 1177 1448 A.
1199 1398 1358 1450 Manutius.

206 1470 355 1546 Cogitavit
372 1473 495 1522 fortasse
514 1469 549 1520 de
568 1469 633 1520 looo
653 1470 776 1521 Andriae
794 1469 818 1520 1.
840 1473 864 1522 Ι.
885 1472 949 1523 lto:
968 1470 1095 1521 Honesta
1113 1467 1209 1520 orollo
1228 1476 1279 1521 eat.
1301 1468 1360 1521 Mr.

279 1541 364 1594 Omni
389 1549 479 1593 aulem
505 1539 684 1605 erutione]
722 1538 792 1602 „sic
814 1538 984 1622 legendnm:
1016 1548 1047 1592 et
1069 1543 1109 1592 ita
1135 1538 1242 1591 babent
1261 1554 1361 1591 omnes

207 1611 277 1663 libri
296 1619 420 1665 veteres.
456 1612 530 1662 Nam
549 1612 667 1675 rollone,
690 1611 768 1679 quod
785 1619 829 1663 est
854 1629 885 1661 ιιι
908 1612 960 1662 vul
997 1611 1036 1663 tis
1054 1611 1147 1675 libris,
1176 1612 1313 1679 quamvis
1330 1611 1362 1661 in

207 1683 334 1751 speeiem
353 1682 502 1752 probabile
519 1681 662 1746 videatur,
680 1691 777 1733 tamen
795 1682 935 1750 ineptum.
993 1698 1031 1734 on
1044 1683 1122 1735 enirn
1142 1681 1215 1733 dicit
1232 1684 1362 1733 narsum

208 1753 375 1807 adolescens
394 1755 474 1807 omni
493 1752 604 1805 rollone
622 1761 651 1805 et
675 1753 755 1806 omni
774 1769 881 1826 genere
905 1760 1145 1837 argumentorum
1164 1769 1198 1805 ac
1214 1752 1363 1823 probatio-

208 1842 280 1878 num
299 1825 442 1886 docuisse,
460 1834 585 1878 mortem
604 1842 662 1877 non
680 1842 741 1877 esse
758 1823 917 1875 ducendam
936 1842 968 1874 in
986 1824 1088 1876 malis:
1111 1840 1284 1894 quamquam
1302 1820 1361 1874 boc

209 1896 616 2037 fffflersffctbffifiimbdu
626 1894 1070 2044 dffsriodffiiei'iffiiiff‘c
1078 1903 1242 2018 ffi'ssf
1259 1902 1364 2030 ,w

208 2045 304 2090 uallem
322 2037 447 2088 oratioue
464 2036 688 2105 babetGryph,
707 2037 945 2104 quemadmodum
956 2039 1075 2089 videtur
1092 2037 1259 2111 legendnm.
1280 2037 1363 2089 Prius

209 2109 291 2160 enim
307 2114 416 2181 egerat,
436 2107 506 2174 quid
524 2124 638 2175 quaque
656 2115 739 2176 parte
756 2109 897 2161 orationis
915 2116 1012 2160 actum
1031 2118 1121 2161 esset:
1152 2108 1363 2179 inpraesentia

209 2179 283 2262 agit,
307 2177 380 2248 quid
405 2178 486 2230 omni
511 2180 642 2230 oratione
666 2179 705 2229 sit
722 2181 895 2247 perfectum.
932 2178 1009 2243 Quae
1032 2197 1206 2248 quamquam
1226 2181 1268 2232 ita
1287 2188 1362 2243 sunt,

209 2268 236 2303 ai
254 2249 320 2319 quis
338 2256 435 2302 umen
453 2249 563 2301 rollone
581 2249 643 2323 legi
661 2249 755 2311 malit,
778 2257 812 2301 nt
830 2252 972 2319 scriptum
990 2251 1102 2324 legitur
1124 2251 1156 2302 in
1173 2251 1242 2303 aliis
1261 2251 1365 2374 vulfi-

210 2321 260 2385 tis,
290 2336 349 2372 non
374 2320 539 2395 pugnabo.“
557 2322 676 2372 Brutus.
714 2320 856 2392 „Secutus
879 2338 943 2372 snm
966 2322 1136 2375 lambinum
1164 2325 1297 2376 faventes
1351 2349 1365 2363 ·

208 2391 325 2445 bentem
343 2389 413 2443 Pall.
433 2409 480 2461 pr.
500 2407 555 2444 seo.
576 2398 642 2444 tort.
662 2391 754 2460 quint.
792 2392 888 2466 Vulgo
908 2393 1048 2446 rationef‘
1073 2391 1248 2446 Gebbordus.
1286 2394 1364 2456 „llo-

211 2463 287 2516 tioue
304 2463 404 2516 Venet.
426 2469 449 2517 1.
470 2466 495 2518 2
514 2461 585 2513 bled.
608 2466 631 2514 l.
650 2464 677 2517 2.
703 2470 732 2514 et
750 2462 888 2531 reliquae.
926 2463 1030 2517 Recte:
1063 2466 1093 2517 id
1112 2473 1165 2528 est,
1192 2480 1365 2532 quocunqne

177 2550 186 2562 ·
210 2535 312 2588 modo:
347 2534 488 2601 quidquid
514 2534 639 2596 eveniat,
714 2534 803 2602 ‘squis
829 2535 867 2587 sit
892 2535 1011 2587 effectus
1035 2544 1101 2589 tuae
1125 2532 1365 2604 disputationis.“

211 2605 350 2657 Reislius.
388 2605 474 2655 Vides
492 2602 654 2667 Reiskium,
718 2619 755 2656 no
779 2614 907 2674 reperto,
931 2606 966 2657 ad
983 2606 1067 2675 peius
1084 2606 1213 2660 rediisse.
1252 2605 1367 2659 Habent

212 2674 352 2736 oratione,
372 2670 464 2742 (quod
482 2676 559 2738 satis,
579 2677 694 2744 opinor,
713 2676 844 2728 defendit
853 2676 1019 2740 Lambinus)
1034 2686 1151 2746 praeter
1162 2677 1231 2730 Cod.
1249 2677 1365 2747 Gryph.

212 2753 243 2798 et
261 2744 413 2805 Palatinos,
432 2762 482 2796 sex
491 2745 561 2797 Oxx.
582 2747 686 2810 nostri,
705 2746 779 2798 Gud.
800 2753 824 2801 1.
845 2750 870 2801 2
892 2747 978 2799 lllarb.
999 2748 1074 2801 bion.
1092 2753 1113 2802 Ι.
1132 2752 1157 2803 2.
1177 2748 1266 2800 Rehd.
1288 2748 1364 2801 Gud.

212 2815 287 2868 Edd.
306 2823 372 2882 post
390 2815 474 2866 Grut.
495 2833 602 2869 omnes.
640 2819 695 2870 Pro
722 2824 795 2870 certe
816 2817 961 2871 unus01„
987 2818 1073 2872 babet
1094 2827 1190 2872 oileus
1229 2821 1264 2871 ln
1291 2821 1365 2894 Aug.

214 2886 355 2940 scribitur
381 2886 455 2939 illud
483 2889 634 2954 perfectum
660 2896 744 2953 certe,
776 2891 882 2942 omisso
910 2896 961 2950 est,
994 2891 1071 2959 quod
1094 2891 1236 2958 absorpsit
1261 2890 1367 2943 ultima

214 2958 301 3010 litora
320 2958 452 3010 vocabuli
470 2958 684 3011 antecedentis:
704 2963 736 3011 in
755 2960 827 3013 Gud.
848 2963 879 3015 2:
897 2962 1052 3026 perfectum
1068 2968 1117 3013 eet.
1150 2960 1227 3010 illud
1243 2968 1367 3012 certe-

214 3030 269 3083 Pro
288 3029 415 3081 ducerem
433 3028 505 3105 Aug.
528 3031 638 3091 ducam,
664 3048 738 3082 unus
757 3032 808 3083 0¹.
828 3032 995 3084 deducerem
1031 3033 1090 3086 Mr.
1208 3066 1216 3080 .

284 3100 358 3152 Num
385 3101 479 3167 igilur
503 3103 588 3155 elium
611 3100 753 3153 rhetorum
779 3103 918 3169 epilogum
944 3103 1018 3170 etc]
1051 3099 1198 3153 oleronis
1222 3101 1369 3168 epilogum

214 3189 268 3243 per
286 3172 548 3241 breviloquentiam
568 3174 735 3225 dictumest
751 3189 820 3242 pro:
840 3174 999 3249 epilogum,
1017 3173 1119 3243 quales
1132 3172 1265 3225 rhetores
1285 3189 1369 3226 com·

235 3260 322 3296 onero
351 3244 444 3297 solent
469 3246 499 3296 in
525 3243 791 3296 declamationibus.
829 3246 867 3297 ln
892 3263 970 3314 seqq.
1000 3246 1105 3315 scripsi
1129 3261 1196 3297 cum
1220 3243 1293 3295 Dav.
1317 3244 1366 3299 Or.

252 3330 285 3366 uo
302 3314 359 3366 ium
378 3331 414 3368 ex
433 3313 520 3366 Codd.
539 3313 607 3388 Reg.
630 3312 703 3367 Gud
732 3321 755 3368 l.
774 3318 800 3370 2.
826 3316 900 3393 Aug.
928 3317 998 3380 [nisi
1022 3305 1103 3387 'quod
1122 3315 1175 3368 bic
1196 3314 1283 3367 habet
1307 3332 1369 3367 eum

214 3402 269 3457 pro
288 3384 368 3449 lam]
388 3383 476 3439 Rehd.
499 3384 574 3440 Gud.
593 3386 692 3438 Duisb.
710 3388 785 3439 olon.
807 3392 830 3439 l.
850 3391 875 3443 2.
896 3388 981 3439 vinu
1000 3391 1025 3441 2.
1045 3405 1104 3440 uno
1123 3388 1172 3441 Ox.
1193 3387 1247 3438 Ed.
1260 3385 1302 3449 lb
1332 3386 1368 3437 ln

215 3473 273 3509 uno
293 3456 342 3508 Ox.
364 3455 506 3523 scriptum
526 3465 569 3508 est
587 3456 659 3508 lonc
681 3463 764 3509 oute
787 3456 853 3509 ium.
891 3459 1027 3511 Fortasse
1046 3461 1188 3529 scriptum
1206 3455 1370 3528 reperiebat

216 3526 373 3579 corrector
390 3525 495 3591 aliquis
514 3527 544 3578 in
565 3526 679 3591 Codice,
712 3545 799 3597 quem
818 3531 991 3603 corrigeret,
1010 3530 1069 3582 ium
1087 3529 1170 3594 bono,
1206 3529 1283 3598 quod
1301 3544 1368 3580 oum

216 3597 333 3648 inverso
358 3596 460 3648 ordine
483 3596 666 3650 scribendum
691 3616 751 3651 esse
769 3600 893 3660 videret,
922 3602 1050 3675 margini
1075 3601 1247 3670 adscripsit:
1278 3597 1370 3662 „bunc

216 3674 281 3718 ante
301 3666 374 3716 ium:
395 3666 445 3725 „id
465 3667 541 3735 quod
559 3668 663 3723 deinde
682 3671 716 3722 ab
734 3670 792 3723 alio
811 3671 943 3735 librario,
968 3675 1018 3740 qui
1035 3670 1116 3724 buno
1133 3671 1241 3723 librum
1261 3669 1370 3722 descri-

215 3736 304 3799 beret,
324 3744 357 3788 ut
370 3735 519 3789 Ciceronis
536 3757 603 3791 vora
623 3759 723 3794 manus
741 3752 890 3812 receptum
904 3752 956 3795 est.
978 3743 1045 3795 Cod.
1057 3744 1143 3796 llarb.
1166 3739 1235 3794 lonc
1253 3743 1371 3809 ipsum

215 3816 315 3862 ortem.
354 3807 435 3861 Unus
465 3808 514 3860 Ox.
549 3812 630 3878 plene
651 3829 704 3881 pro
725 3814 816 3880 plone.
854 3815 889 3865 ln
914 3812 987 3867 Gud.
1011 3818 1037 3869 2.
1068 3816 1153 3881 plone
1179 3822 1248 3865 ants
1278 3821 1371 3865 ortem

214 3881 429 3950 scriptumest.
468 3881 567 3956 Pergit
585 3883 639 3935 Eo
659 3883 693 3934 ll.
721 3900 806 3937 nunc
823 3885 1015 3954 relinquimus.
1037 3885 1111 3938 Gud.
1132 3884 1176 3936 Au
1199 3923 1206 3935 .
1226 3884 1371 3952 relinquo·

214 3966 282 4002 mua.
320 3951 401 4004 Unus
421 3949 470 4003 Ox.
490 3953 602 4005 ornittit
627 3955 715 4007 verba
734 3970 770 4008 ao
788 3988 821 3998 -
841 3957 1052 4025 relinquimus?
1090 3955 1157 4009 Sola
1175 3900 1229 4007 Ed.
1249 3953 1309 4007 All„
1330 3961 1369 4018 et,

215 4028 249 4072 ut
265 4020 393 4085 videtur,
413 4020 481 4074 cod.
503 4024 585 4076 Vind.
606 4028 630 4080 2.
649 4024 756 4079 babent
774 4028 951 4096 reliquimus.
988 4029 1050 4080 Mr.

290 4093 331 4145 'lu
350 4109 414 4143 cero
434 4094 517 4144 istum
537 4112 569 4147 ne
587 4096 751 4165 reliqueris]
791 4098 858 4151 Cod.
879 4098 963 4150 Vind.
986 4103 1009 4153 l.
1030 4105 1060 4149 tu
1080 4097 1167 4150 istam
1184 4113 1269 4151 reru.-
1295 4113 1371 4149 unus

217 4160 268 4214 Ox.
296 4168 325 4214 lu
351 4179 415 4215 non
440 4155 534 4216 istum.
567 4167 647 4220 Unus
666 4169 716 4224 Ox.
742 4178 810 4238 post
841 4169 995 4239 reliqueris
1022 4170 1224 4243 interrogandi
1253 4170 1373 4245 signum

216 4230 319 4286 habet:
339 4233 370 4285 in
389 4233 447 4286 alio
467 4237 608 4306 scriptum
628 4248 672 4291 est
690 4241 884 4309 dereliqueris,
905 4243 935 4294 in
951 4242 1024 4316 Aug.
1045 4241 1278 4309 derelinquimus:
1297 4240 1372 4294 Gud.

216 4306 243 4359 2.
264 4303 433 4373 relinqueris
452 4323 516 4359 cum
535 4311 622 4362 Murb.
652 4310 683 4362 in
702 4327 760 4365 uno
779 4311 828 4363 Ox.
858 4327 969 4379 semper
985 4313 1164 4379 peroruoalo':
1198 4327 1255 4380 quo
1283 4310 1373 4365 verbo

218 4375 320 4429 Cicero
339 4394 485 4446 nunquam
514 4387 558 4432 ost
576 4399 653 4433 usus.
691 4380 775 4433 Solus
800 4382 883 4436 Verb.
912 4401 948 4435 ex
967 4383 1035 4447 MS,
1060 4384 1246 4451 nescioquo,
1267 4382 1373 4436 edidit:

216 4445 249 4499 A„
268 4446 309 4502 Tu
325 4462 392 4502 uero
409 4448 497 4506 latum
515 4466 604 4506 uuoo
621 4451 819 4521 relinquis,
838 4467 922 4523 quom
938 4469 1050 4522 suuper
1067 4454 1197 4512 onusti?
1217 4460 1244 4506 et
1264 4454 1376 4522 quidem
