2828 5070
497 304 626 368 mma
645 304 688 385 11,
708 305 761 371 so.
1154 305 1223 376 est

69 470 165 532 Ferri
186 489 252 531 non
273 478 399 552 potest:
428 477 551 533 natura
571 489 639 531 non
666 470 803 551 patitur.
824 502 866 516 -
885 467 1006 535 Audio.
1032 470 1150 552 *Pueri
1171 475 1220 537 ie·

69 562 160 631 runt,
190 553 301 639 gloria
322 552 434 617 ducti:
468 556 582 615 lerunt
600 551 738 635 pudore·
759 552 831 627 alii,
858 553 1084 617 multimeter
1113 563 1148 619 et
1168 563 1219 619 ta-

67 655 144 696 men
164 656 334 712 veremur,
355 645 395 696 ut
414 636 488 711 hoo,
510 633 598 716 quod
620 655 640 698 a
659 643 728 696 tam
748 634 862 698 multis
890 643 925 697 et
950 634 1039 715 quod
1064 646 1116 700 tot
1135 638 1219 703 locis

68 721 271 799 perferatur,
301 726 420 780 natura
447 714 615 800 patiatur!
657 714 719 778 Illa
746 736 830 779 vero
856 736 923 778 nou
949 716 1050 780 modo
1077 722 1217 801 patitur,

278 846 321 852 α.
336 846 392 852 ..--
409 846 439 851 .-.
470 845 627 852 --·--——.-.
831 843 884 850 ·-—-
1072 847 1204 858 -·--=-.-

66 905 95 947 et
114 897 223 950 Oxonn.
244 897 371 966 itemque
390 896 461 949 Edd.
490 895 629 959 omnibus,
655 894 731 964 qood
777 903 873 946 reeter
890 894 1088 948 necessitatem
1107 912 1142 948 ex
1159 912 1217 950 uno

65 967 132 1019 Cod.
153 977 183 1022 et
201 968 330 1021 charisio
349 969 380 1019 in
403 983 452 1020 nec
474 975 635 1019 mutaverat
652 966 721 1017 Dav.
757 911 842 1030 guasi
866 980 924 1017 non
947 965 1037 1035 possit
1062 965 1217 1029 ἀσυνδέτως

66 1039 247 1112 interrogare
270 1039 398 1109 simplici
422 1056 458 1092 ne
495 1038 573 1090 tione
598 1036 709 1089 Cicero.
742 1035 805 1087 Vid.
826 1035 872 1087 Or.
892 1051 946 1105 pro
974 1035 1087 1102 Quinct.
1107 1040 1151 1103 26,
1170 1040 1215 1094 82.

67 1109 158 1161 Verba
176 1116 203 1161 et
223 1111 318 1163 sedete
336 1110 436 1161 absunt
454 1128 470 1160 a
505 1124 562 1160 uno
581 1107 647 1160 cod.
669 1108 719 1161 Ox.
745 1108 778 1159 ln
797 1105 870 1159 Gud.
892 1110 916 1161 l.
936 1111 964 1159 ei
990 1125 1076 1176 supra
1100 1107 1153 1160 lin.
1175 1117 1216 1163 est

66 1179 264 1250 scriptumque
282 1180 333 1233 aed
352 1185 404 1232 ate.
444 1180 504 1233 Mr.

136 1249 223 1302 Ferri
241 1268 294 1303 noa
311 1252 420 1318 potest]
458 1250 560 1314 „Vict
581 1256 609 1300 et
627 1248 755 1370 quinipue
773 1247 843 1300 Pall.
872 1248 962 1299 vatic.
982 1248 1097 1301 Ulrich.
1125 1248 1219 1315 fieri

64 1335 118 1371 aon
134 1322 254 1387 polest.“
283 1320 366 1374 Geso.
404 1320 522 1387 „Fcere
556 1319 630 1383 „Sic
656 1318 702 1370 MS
726 1357 733 1368 .
759 1319 846 1369 etiam
872 1318 970 1370 Guelf.
997 1328 1025 1371 et
1049 1320 1119 1372 Edd.
1144 1328 1215 1374 vett.

24 1390 28 1395 “
65 1391 121 1441 Vul
144 1430 149 1441 .
170 1391 277 1456 ferri.“
295 1393 365 1445 Era.
386 1394 486 1458 „Rene
505 1391 573 1442 Dav.
595 1388 638 1454 [in
656 1389 707 1441 Ed.
730 1388 767 1454 1.]
786 1387 916 1440 restituit
932 1389 1007 1454 fieri,
1032 1390 1107 1459 quod
1126 1399 1167 1443 est
1185 1392 1217 1444 in

63 1408 148 1513 eodd.
169 1464 240 1515 meis
259 1463 388 1514 omnibus
408 1471 436 1515 et
454 1461 507 1513 Ed.
528 1477 591 1513 mea
608 1458 687 1512 vet.“
705 1457 839 1513 Bouhier.
867 1459 1050 1533 „Vulgatum
1075 1461 1149 1525 ferri
1175 1478 1216 1528 ea,

64 1549 135 1600 quae
163 1543 332 1603 sequuntur,
363 1534 513 1585 manifeste
538 1529 727 1586 defendunt.“
754 1529 868 1584 Nissen.
910 1530 1017 1599 Recepi
1047 1531 1125 1596 ferri
1149 1549 1216 1586 cum

62 1602 131 1654 Dav.
152 1604 243 1656 Gebh.
264 1605 352 1656 Gron.
373 1604 517 1658 FAWoli.
537 1600 621 1655 Scbz.
642 1601 731 1654 Orell.
752 1618 787 1653 ex
805 1599 890 1652 Codd.
911 1600 994 1653 Vind.
1007 1604 1031 1656 1.
1051 1604 1076 1657 2.
1097 1602 1170 1656 Gud.
1188 1605 1214 1658 2.

63 1675 148 1725 Marb.
171 1675 256 1744 idque
274 1675 409 1746 probabat
428 1674 514 1727 etiam
533 1672 667 1725 schottus
695 1672 726 1722 in
744 1670 832 1724 Nodis
851 1670 981 1723 ciceron.
1007 1689 1035 1741 p.
1055 1675 1117 1728 327.
1154 1676 1216 1728 Nec

63 1752 158 1797 tamen
181 1747 246 1811 fieri
272 1763 338 1797 cum
362 1744 533 1808 FAWolflo,
562 1744 593 1793 in
617 1741 733 1805 scholis,
759 1741 910 1807 absurdum
934 1740 1066 1793 dixerim.
1113 1742 1216 1813 Aptius

62 1831 131 1866 vero
156 1815 322 1885 responderi
354 1816 388 1868 ad
421 1815 678 1888 interrogationem
704 1828 757 1865 non
782 1817 939 1864 constanter
964 1811 1085 1876 feres!
1120 1807 1232 1868 verbis'

62 1886 162 1951 ferri
180 1902 233 1938 noa
250 1891 351 1954 potest,
370 1886 540 1956 praesertim
559 1901 624 1935 cum
643 1898 709 1940 mox
732 1882 824 1935 denuo
850 1882 893 1934 bis
920 1881 1028 1934 inierat
1045 1885 1156 1936 Marcus
1173 1885 1216 1950 fe·

62 1962 139 2019 mat,
159 1974 241 2009 nemo
260 1957 348 2008 facile
366 1956 490 2030 negabit.
528 1953 571 2006 Ad
588 1971 615 2005 v.
640 1953 750 2021 potitur
766 1952 854 2006 Rehd.
883 1969 969 2023 supra
991 1953 1044 2005 lin.
1072 1953 1157 2008 babet
1175 1956 1213 2011 al.

59 2027 196 2094 patietur.
233 2027 332 2100 Pergit
350 2044 423 2077 unus
442 2026 492 2079 Ox.
512 2023 591 2087 audi,
610 2024 683 2076 alius
701 2025 780 2077 odeo.
817 2024 877 2076 Mr.

133 2096 221 2150 flaers'
238 2099 349 2164 {erana
368 2095 464 2164 glorio
483 2095 687 2159 aestiferum
710 2096 816 2164 pudore
832 2093 899 2161 olis]
936 2093 1039 2178 Vulgo,
1065 2095 1149 2164 pueri
1170 2100 1214 2165 fe-

62 2175 129 2221 runt
146 2169 242 2235 glorio
262 2168 349 2234 ducti,
368 2168 461 2233 ferum
477 2168 582 2236 pudore
601 2166 663 2219 alii.
692 2165 748 2220 Sed
764 2183 882 2236 pravam
900 2164 983 2217 illam
1000 2169 1214 2238 interpunctio·

63 2256 129 2292 nem
149 2241 313 2292 mutandam
337 2240 425 2291 fuisse
444 2240 486 2292 cl.
505 2239 652 2290 Bentleius
675 2246 754 2290 recte
772 2237 856 2288 vidit.
894 2236 928 2287 D.

131 2309 218 2363 Ptsers'
236 2313 336 2376 feruet,
355 2309 453 2378 glorio
473 2309 551 2362 ducti
557 2326 564 2361 ε
584 2309 681 2372 ferant
696 2309 804 2375 pudore
821 2304 886 2371 alii,
905 2303 987 2358 matta·
1003 2307 1110 2376 metue]
1129 2308 1212 2362 Haud

61 2380 208 2433 immerito
227 2381 368 2450 improbat
385 2381 556 2434 Bouhierius
573 2379 770 2432 Bentleianam
796 2377 1013 2430 distinctionem
1038 2377 1141 2431 ast.
1167 2397 1213 2434 re·

60 2459 182 2519 ceptam.
220 2452 282 2504 Nec
300 2459 396 2504 tamen
414 2469 480 2503 cum
499 2450 598 2503 eodem
617 2449 798 2514 crediderim,
827 2448 879 2501 illa
897 2456 1013 2518 recepta
1035 2449 1108 2502 solos
1126 2448 1212 2521 Spar·

60 2521 197 2572 tiatarnm
215 2536 318 2590 pueros
336 2521 450 2592 respici.
488 2520 543 2573 Sed
561 2520 731 2573 concinnior
758 2527 788 2572 et
805 2519 963 2572 sententiae
987 2519 1078 2572 Marci
1101 2535 1211 2575 accom-

59 2592 202 2644 modatior
225 2601 267 2644 est
294 2591 441 2644 distinctio
466 2599 590 2661 recepta.
632 2589 778 2644 Scribitur
805 2590 904 2656 gloria
932 2588 1034 2643 docti
1061 2589 1094 2642 in
1123 2589 1208 2647 Codd.

60 2662 164 2726 Marb.;
202 2661 232 2713 in
256 2661 329 2737 Aug.
363 2664 508 2729 fueruat
534 2661 657 2730 pedem
694 2661 723 2712 in
750 2661 833 2714 Vind.
860 2665 884 2716 1.
918 2659 974 2713 elii
997 2661 1113 2728 pudore,
1141 2661 1211 2719 aiii

57 2733 172 2785 multo
190 2740 274 2797 meta,
293 2734 324 2784 in
342 2733 437 2785 Duisb.
453 2733 563 2801 pudore
581 2731 647 2796 atii,
665 2731 721 2785 ols'a'
737 2738 818 2785 metu.
852 2733 911 2786 Mr.

134 2804 278 2869 Verentur,
297 2808 327 2856 at
344 2802 395 2857 boc
412 2830 446 2842 -
463 2810 567 2857 notare
583 2803 721 2871 patietur]
756 2802 860 2886 Vulgo,
886 2817 1023 2869 veremur,
1048 2802 1080 2858 s'r
1104 2801 1156 2858 boc
1178 2831 1209 2845 -

59 2881 164 2927 natura
184 2892 240 2928 non
255 2875 399 2943 petiolum
419 2884 519 2928 contra
537 2891 623 2944 quam
641 2873 720 2926 iubet
737 2873 833 2925 batim
852 2874 990 2926 sermonis
1013 2875 1097 2939 ratio,
1121 2882 1210 2945 prout

58 2947 158 2998 multis
176 2948 325 3000 ostendere
344 2946 542 3000 Grammatici.
568 2946 627 2997 Nos
644 2944 738 3019 igitur
755 2943 916 2996 Victor-inm
934 2953 1102 3015 nostrosque
1111 2946 1209 2999 Msstm

57 3027 174 3086 praeter
191 3019 303 3070 Balliol.
324 3027 352 3070 et
371 3017 443 3069 Med.
462 3017 526 3069 iure
544 3016 650 3068 merito
668 3015 824 3083 sequimur.
861 3013 898 3067 D.

128 3089 165 3145 Et
190 3095 282 3141 tomes
305 3104 442 3154 veremur,
475 3092 506 3139 at
534 3081 583 3138 bos
603 3112 636 3124 ·-
654 3092 757 3138 natura
781 3084 948 3152 putidiori]
985 3085 1058 3138 Mira
1076 3095 1119 3139 est
1136 3087 1209 3140 Bou·

56 3157 146 3209 hierii
165 3160 319 3223 annotatio,
339 3159 399 3226 qui,
419 3175 486 3209 cum
504 3157 535 3208 in
552 3157 606 3209 Ed.
626 3174 676 3208 sua
692 3165 750 3209 vet.
770 3156 923 3225 reperisset
949 3161 976 3207 ei
995 3161 1087 3208 tamen
1110 3158 1208 3222 {ere-

56 3244 147 3291 mus,
174 3227 248 3281 hanc
263 3218 459 3298 'scriptionem
485 3227 526 3278 ait
555 3227 681 3348 potuisse
712 3243 826 3280 omnem
857 3224 972 3278 Davisio
1001 3226 1208 3282 dubitationem

57 3299 184 3350 eximere
203 3299 236 3350 de
254 3300 379 3351 veritate
407 3297 541 3350 lectionis
572 3297 709 3359 iba-orum,
737 3304 803 3349 ante
821 3296 931 3348 Davisii
955 3295 1122 3363 editionem,
1148 3315 1209 3352 ont

56 3370 153 3420 nium:
180 3376 281 3421 natura
301 3386 352 3422 non
369 3367 551 3437 patiatur.
588 3367 673 3432 Quasi
697 3367 875 3437 ineptissima
900 3366 953 3418 illa
975 3366 1065 3421 lectio
1086 3369 1208 3433 feremus

55 3440 129 3492 terri
148 3441 246 3509 possit,
274 3449 301 3493 et
323 3442 460 3492 soloecam
482 3439 568 3508 plane
587 3438 707 3491 alteram
732 3437 827 3490 tueri!
855 3435 966 3490 Nissen.
987 3454 1100 3507 quoque
1127 3434 1209 3491 dubi·

55 3519 151 3562 tanter
169 3511 204 3563 de
222 3511 346 3564 lectione
365 3518 482 3579 recepta
499 3509 653 3579 disputans,
673 3506 768 3574 „Note
797 3507 849 3572 ait,
868 3508 978 3577 quoda
995 3507 1122 3584 milgatis
1140 3518 1207 3563 ante

53 3581 184 3649 potiatur
209 3582 332 3645 additur,
357 3581 485 3633 deletum
510 3587 559 3632 est.
597 3579 639 3631 De
664 3595 720 3649 quo
745 3579 786 3630 sio
805 3577 907 3642 sentio,
935 3586 968 3629 ut
985 3593 1043 3630 non
1061 3595 1141 3649 posse
1160 3579 1208 3635 de·

55 3653 137 3703 cerni
156 3654 279 3717 credam,
299 3661 398 3704 utrum
415 3651 471 3703 boc
489 3668 506 3701 a
522 3650 662 3714 librario,
677 3649 728 3719 qui
750 3648 811 3700 vim
834 3647 916 3700 illius
943 3648 1062 3701 rationis
1086 3666 1144 3703 non
1164 3649 1207 3702 in-

55 3723 214 3796 telligeret,
233 3726 398 3794 proiectum
416 3723 464 3785 sit,
482 3738 518 3771 an
537 3719 593 3789 ipsi
612 3719 746 3774 Ciceroni
765 3718 915 3771 exciderit.
944 3717 1017 3772 Sane
1035 3719 1128 3772 multa
1146 3721 1207 3773 eius

54 3793 212 3846 anomaliae
239 3795 369 3864 exempla
392 3791 466 3873 apud
488 3791 600 3873 priscos
624 3790 780 3861 scriptores
802 3789 950 3872 leguntur,
985 3789 1207 3842 novissimorum

54 3863 172 3932 quidem
203 3865 345 3917 editorum
370 3862 523 3935 diligentia
550 3869 689 3924 correcta,
721 3877 757 3912 an
782 3867 924 3923 restituta,
1017 3875 1052 3909 na
1077 3859 1207 3928 quaestio

53 3933 127 3986 est.“
164 3935 217 3985 Pro
243 3940 281 3985 ut
304 3932 356 3985 doc
378 3932 453 3983 solus
479 3930 546 3983 cod.
571 3930 654 3983 Vind.
676 3934 700 3985 l.
720 3944 774 3983 ,ne
791 3926 850 3995 doc,
878 3928 954 3998 quod
971 3928 1005 3980 da
1026 3937 1091 3981 etur
1109 3945 1208 3985 corre-

52 4005 136 4068 ctori,
156 4006 208 4073 qui
227 4021 258 4056 ea
276 4003 434 4072 scriptione
452 4002 604 4076 vulgatum
621 4016 689 4054 non
705 3999 835 4068 patietur
858 4015 925 4050 cum
942 3999 1146 4077 grammaticae
1164 4001 1207 4054 le·

50 4076 134 4149 gibus
165 4075 322 4127 conciliare
348 4073 446 4125 vellet.
484 4071 550 4124 Cod.
578 4073 648 4146 lleg.
676 4088 743 4123 cum
776 4070 849 4123 Gud.
869 4070 895 4123 2.
926 4067 1012 4122 babet
1040 4071 1112 4140 quod
1138 4077 1205 4137 tosa,

52 4147 155 4198 omisso
179 4161 212 4210 a;
249 4145 304 4196 duo
330 4143 399 4195 on.
426 4148 586 4207 oneretur,
620 4158 654 4194 ae
679 4138 739 4206 loc,
770 4141 806 4193 de
832 4139 935 4210 quibus
958 4140 1043 4206 idem,
1070 4141 1145 4211 quod
1170 4141 1205 4194 de

51 4215 135 4266 Vind.
157 4221 180 4272 l.
209 4215 362 4269 dicendum
386 4223 436 4266 est.
473 4215 554 4267 Unus
581 4215 630 4267 01.
656 4211 767 4265 omittit
790 4216 829 4275 et,
854 4209 951 4261 Duisb.
972 4210 1044 4280 quod
1068 4217 1134 4264 ante
1153 4216 1204 4277 iot,

51 4285 134 4336 cuius
151 4286 215 4339 loco
234 4287 306 4339 Gud.
327 4286 413 4338 habet
430 4284 507 4336 totis.
545 4286 650 4337 Veram
668 4290 764 4334 autem
781 4279 969 4349 scriptionem
985 4288 1017 4335 tat
1034 4278 1085 4335 boo
1103 4307 1135 4318 -
1154 4295 1206 4333 aa·

51 4359 118 4408 iuro
134 4355 267 4422 potiatur
284 4364 396 4409 tantum
414 4355 491 4408 abest
509 4363 542 4407 ut
561 4354 646 4407 Codd.
666 4369 724 4406 non
799 4358 904 4417 escant,
923 4358 956 4402 nt
976 4368 1038 4405 eam
1051 4348 1206 4407 exhibeant

49 4425 137 4482 codd
165 4435 288 4494 quatuor
314 4428 383 4482 oax.
404 4428 473 4501 Reg.
494 4426 568 4480 Gud.
591 4430 614 4480 l.
632 4427 671 4480 2.·
685 4423 781 4476 Duis.
807 4419 896 4476 llebd.
922 4422 1010 4476 Marb.
1036 4420 1108 4475 Edd.
1128 4419 1204 4474 vict.
