2828 5070
97 374 100 378 .
155 311 197 377 46
356 308 582 373 CICERONIS
609 306 854 373 TUSCULAN.
876 305 1132 403 ntst’tt‘rn't'..

157 477 227 562 Ego
248 483 358 539 autem
381 492 447 535 non
469 476 692 547 commemini,
713 483 888 557 antequam
909 493 983 535 sum
1005 478 1113 550 natus,
1133 490 1187 535 me
1208 474 1308 536 mise·

116 581 122 596 ·
159 578 246 623 rum.
289 559 345 622 Tu
365 559 394 621 ei
415 557 553 619 meliore
575 559 736 620 memoria
757 577 803 635 es,
824 557 925 619 veiim
945 557 1044 634 scire,
1066 553 1187 638 ecquid
1208 553 1251 618 de
1271 564 1309 618 te

161 639 351 704 recordere.

120 725 139 786 7
240 724 280 788 A.
303 724 354 785 Ita
374 724 508 800 iocaris,
547 723 640 804 quasi
670 741 731 808 ego
753 721 861 784 dicam
883 739 939 783 eos
970 721 1123 796 miseros,
1154 721 1212 803 qui
1233 721 1309 781 nati

161 825 228 867 non
249 815 343 870 suut:
372 813 406 866 et
427 824 493 865 non
515 821 583 882 cos,
605 807 661 887 qui
683 807 809 865 mortui
830 813 917 866 sunt.
961 801 1008 864 M.
1031 804 1112 864 Esse
1136 822 1218 889 ergo
1251 820 1310 866 cos

163 886 258 951 dicis.
300 888 339 950 A.
361 885 432 948 Imo
455 888 618 967 quianon
640 889 718 963 sint,
741 907 842 967 quum
863 888 999 962 fuerint,
1021 885 1308 946 comiserosesse.

160 1037 235 1109 apud
253 1037 382 1089 animum
401 1053 484 1087 suum
502 1034 679 1102 meminisse]
698 1051 724 1088 r.
744 1034 928 1088 Doederlein.
948 1035 981 1087 V.
1001 1033 1045 1090 ct.
1064 1035 1096 1087 in
1114 1030 1177 1086 irat.
1197 1032 1310 1104 Sym

160 1128 189 1162 u.
208 1107 340 1176 Etymoi.
361 1107 384 1161 1.
403 1124 431 1177 p.
455 1109 513 1161 tot.
534 1113 592 1157 not.
630 1106 689 1160 Mr.

169 1241 173 1247 ¹
230 1178 309 1230 velim
328 1177 412 1241 scire,
431 1177 531 1246 ecquid
548 1177 581 1228 de
605 1183 633 1229 te
651 1175 864 1243 recordere]
899 1176 985 1229 Vind.
1006 1180 1030 1232 1.
1057 1175 1158 1229 vellete.
1183 1175 1260 1227 Mon.
1281 1177 1307 1230 l.

160 1249 259 1303 Duisb.
279 1246 352 1300 Gud.
373 1246 457 1299 Marb.
479 1252 505 1299 et
525 1246 606 1316 quid:
625 1255 654 1301 et
673 1248 716 1300 sic
733 1246 805 1298 Edd.
824 1246 858 1299 A.
878 1255 908 1301 et
923 1246 994 1300 Ven.
1020 1245 1145 1303 teuit.
1172 1245 1203 1296 B.
1224 1245 1253 1300 S.
1270 1245 1307 1298 lt

107 1316 109 1323 ’
162 1321 193 1375 G.
207 1320 242 1372 tt.
255 1318 335 1371 Junt.
358 1325 401 1370 est
419 1325 445 1370 et
464 1318 572 1386 ecquid,
592 1318 624 1369 in
644 1317 711 1370 (iod.
731 1316 821 1395 Rebd
840 1324 866 1370 et
887 1318 963 1387 quio.
999 1317 1044 1370 Ad
1062 1318 1202 1370 ultimum
1219 1314 1311 1368 buius

162 1391 266 1462 capitis
284 1388 405 1442 verbum
423 1387 494 1440 Dar.
515 1388 546 1440 in
563 1387 617 1443 Ed.
636 1391 662 1442 2.
689 1388 839 1450 (exhibens
862 1389 1024 1454 recordare)
1039 1388 1205 1442 annotarit:
1230 1384 1310 1451 „eui

162 1461 320 1523 recordere,
341 1474 397 1527 quo
417 1466 549 1512 servetur
571 1459 722 1514 Latinitas.
760 1459 800 1511 At
826 1459 972 1533 ruigatam
997 1458 1155 1512 lectionem
1179 1456 1312 1510 retinent

162 1547 262 1585 omnes
281 1530 374 1581 rnssti.
414 1529 577 1582 Orationem
597 1530 691 1603 igitur
710 1531 752 1582 sic
770 1529 946 1604 distingues:
968 1529 1020 1593 Tr,
1039 1531 1067 1581 ri
1085 1529 1199 1582 meliore
1216 1536 1311 1579 meac·

161 1603 267 1665 rietes,
286 1600 465 1654 oelimrcr're.
503 1598 612 1668 Ecquid
636 1599 670 1651 de
698 1606 725 1652 te
743 1599 946 1652 recordarer“
973 1600 1056 1664 Male,
1082 1600 1109 1652 si
1126 1598 1197 1668 qnid
1213 1597 1308 1650 video.

162 1671 330 1728 Gebhardus
347 1670 382 1722 ad
399 1670 430 1722 h.
446 1670 481 1723 l.:
507 1671 667 1723 Recordare
689 1670 874 1741 postliminio
900 1670 1055 1724 redhibent
1079 1671 1208 1739 quinque
1235 1666 1309 1720 Pstt.

162 1745 245 1798 Febr.
272 1743 400 1811 itemque
425 1738 499 1792 Pith.
539 1740 635 1816 Vulgo
662 1742 820 1793 recordere.
867 1740 933 1794 Non
957 1741 1040 1811 potui
1061 1754 1242 1793 ‘consensum
1265 1742 1314 1791 tu!

163 1814 250 1869 Codd.
288 1813 446 1882 aspernari.
495 1812 581 1865 Vides
621 1810 772 1864 Davisium
802 1813 852 1863 vul
890 1821 949 1865 tam
983 1812 1081 1864 dicere
1120 1808 1311 1872 recordere,

163 1884 348 1939 Gebhardum
367 1883 546 1936 recordere.
584 1881 738 1934 Librorum
756 1883 834 1934 ratio
871 1898 920 1935 aec
939 1890 997 1936 est:
1016 1881 1204 1947 recordere,
1232 1878 1312 1948 quest

161 1958 247 2011 unice
272 1970 376 2007 verum
400 1961 453 2015 est,
483 1951 590 2004 habent
609 1952 694 2005 codd.
719 1952 788 2027 Reg.
807 1955 833 2008 2·
852 1955 878 2006 3.
897 1955 925 2008 t.
959 1952 1046 2005 ntum.
1072 1954 1148 2005 Mon
1168 1957 1192 2006 l.
1221 1942 1311 2005 Bam.

162 2024 227 2081 Edd
254 2031 325 2078 vett.
365 2040 415 2075 uas
434 2021 561 2076 Orellius
578 2022 714 2086 contulit,
733 2038 843 2086 omnes,
861 2030 1012 2093 praeterea
1030 2024 1101 2075 Ven.
1130 2028 1222 2075 nostr.
1243 2022 1310 2074 Arc.

163 2103 187 2152 1.
208 2099 234 2152 2.
254 2094 334 2147 Junt.
380 2091 423 2144 ob.
454 2101 483 2146 et
508 2092 573 2145 Gar.
598 2090 698 2163 steph.
718 2090 802 2145 Leod.
829 2092 916 2147 Goth.
941 2093 1023 2146 Bonl.
1051 2093 1164 2147 canen
1184 2090 1309 2148 HWoif.

163 2164 274 2236 Gryph.
294 2161 360 2286 Ad}
381 2160 488 2216 Sturm.
508 2160 588 2233 sylb.
616 2171 645 2216 et
662 2178 750 2228 rece„
776 2172 894 2236 praeter
917 2163 987 2217 Dav.
1013 2164 1099 2219 Grut.
1126 2162 1219 2216 Gron.
1238 2161 1311 2225 Ate..

164 2251 272 2293 omnes.
346 2251 371 2288 r.
1089 2281 1094 2293 ,

233 2325 259 2361 c.
280 2309 304 2360 7.
342 2307 390 2358 lta
412 2305 528 2370 iccoris,
551 2306 632 2374 quusi
654 2322 706 2374 ego
731 2307 820 2361 dicam
847 2320 893 2361 eos
919 2307 1057 2376 misereo]
1095 2304 1164 2360 God-
1189 2304 1261 2389 neg.
1281 2304 1311 2361 4.

162 2378 311 2433 r'oculorr'a.
339 2376 426 2430 Marb.
455 2378 543 2430 dicunt
570 2395 631 2445 ego.
658 2377 741 2429 Vind.
763 2382 787 2432 1.
814 2380 895 2446 quusi
919 2396 966 2432 eor
993 2395 1053 2431 esse
1077 2377 1192 2430 m'serot
1210 2376 1310 2429 duceret.

161 2451 235 2526 Aug.
256 2448 338 2520 quusi
362 2465 409 2501 eos
435 2464 495 2500 erae
521 2448 610 2501 dicam
633 2448 754 2502 miaeros.
793 2446 940 2502 scribitur
965 2466 1011 2502 eor
1039 2464 1120 2502 esse
1142 2446 1262 2500 miseret
1280 2444 1313 2498 in

161 2521 315 2642 Blurimis:
353 2519 432 2572 abest
459 2534 519 2571 ease
541 2536 557 2570 a
581 2519 669 2571 Godd.
694 2519 764 2642 Req·
785 2524 810 2574 1.
829 2520 854 2574 2.
883 2518 968 2572 Marb.
995 2519 1086 2573 llehd.
1115 2516 1190 2571 Gud.
1209 2515 1313 2571 Duisb.

188 2608 248 2646 ern.
276 2588 361 2645 Vind.
380 2591 406 2644 2.
432 2590 506 2640 Mon.
533 2592 556 2642 l.
580 2593 606 2644 2.
632 2588 723 2643 Eud..
756 2596 815 2640 unt.
837 2589 901 2642 Asc.
929 2594 955 2646 2.
982 2589 1015 2643 G.
1039 2590 1071 2644 V.
1098 2586 1210 2642 Cannar.
1239 2586 1312 2641 tter.

163 2659 262 2729 steph.
282 2659 352 2711 Dav.
379 2659 450 2710 Ern.
476 2658 550 2710 Lell.
571 2676 645 2712 rece.
674 2657 749 2712 Tum
768 2659 837 2734 Reg.
859 2663 882 2715 1.
902 2663 927 2716 2.
954 2660 1028 2713 Gud.
1049 2666 1073 2716 l.
1092 2660 1118 2714 2.
1143 2658 1233 2711 Merit.
1263 2656 1317 2729 qu!

163 2731 227 2786 nati
245 2745 299 2782 uon
318 2730 398 2782 rint.
435 2727 573 2782 Defendit
598 2729 674 2781 Niss.
700 2730 775 2781 illud
803 2745 872 2795 esre,
897 2730 1004 2793 dicens,
1033 2729 1199 2784 istiusmodi
1225 2729 1317 2782 abun*

165 2801 272 2856 dantiis
291 2799 415 2874 gaudere
432 2801 571 2865 Marcum,
591 2800 628 2851 iis
646 2800 826 2869 praesertim,
887 2800 949 2853 ibus
967 2816 1025 2854 vox
1044 2801 1141 2855 eadem
1216 2807 1317 2853 aratur

163 2891 192 2926 v.
213 2889 236 2922 c.
256 2871 302 2934 25,
320 2872 363 2925 6⁰.
395 2868 447 2935 [ibi
473 2870 552 2921 enim
576 2869 615 2921 rt't
643 2873 749 2938 septies
776 2886 853 2940 paru
868 2871 891 2923 is
917 2870 1082 2924 interranis
1111 2812 1213 2937 roffi
1246 2867 1314 2947 Ego

164 2957 246 3008 vero,
271 2948 382 2992 utnon
406 2940 566 3008 amplector
589 2956 651 2992 eam
669 2941 822 3005 rationem,
849 2956 934 3012 quam
952 2940 1071 2995 Reierus
1095 2943 1127 2993 in
1144 2940 1245 2995 Laelio
1269 2948 1319 2994 sav

112 3063 116 3074 ‚
165 3021 249 3068 cutus
276 3019 330 3134 οὗ,
358 3010 399 3062 ita
431 3026 487 3062 nec
519 3007 721 3063 abundantiam
748 3019 841 3081 capto,
879 3028 964 3082 quam
991 3012 1098 3083 optimi
1128 3010 1199 3067 iibri
1229 3012 1314 3087 ignea

164 3092 239 3139 rant.
313 3099 336 3134 r.

236 3153 273 3207 Et
300 3171 354 3207 raon
378 3168 425 3205 cor
450 3150 576 3218 miseros,
608 3151 657 3222 qui
683 3150 783 3206 mortui
810 3153 887 3220 eunt]
920 3152 1049 3205 Miseros
1074 3154 1315 3223 praetermittunt

164 3220 275 3281 Eliens.
295 3242 339 3297 pr.
360 3233 389 3277 et
406 3220 474 3277 bak.
494 3238 618 3293 eamque
632 3239 732 3277 rocem
751 3222 905 3275 Lambinus
924 3239 960 3275 ex
977 3225 1142 3276 coniectura
1160 3223 1315 3279 delendam

166 3296 288 3351 censuit.
327 3296 400 3350 Cum
418 3302 515 3347 tamen
533 3292 614 3346 iliam
633 3301 730 3347 teneat
752 3294 1019 3362 praestantissimus
1039 3294 1136 3349 Codex
1158 3294 1229 3372 neg.
1257 3300 1316 3367 pet·

65 3427 67 3432 ¹
166 3384 214 3422 me
233 3368 305 3420 licet
323 3367 443 3419 immota
461 3373 581 3418 maneat.
600 3360 638 3416 D.
677 3362 711 3415 ln
728 3363 783 3416 Ed.
803 3366 828 3420 2
848 3363 918 3417 Dar.
940 3376 1041 3417 vocem
1059 3366 1174 3418 miseros
1194 3367 1226 3418 in
1245 3382 1312 3420 ann.

166 3436 318 3492 dolendam
336 3438 457 3498 censuit,
476 3436 555 3488 etin
575 3441 715 3487 contextu
732 3434 851 3488 delevit.
888 3435 948 3487 Mr.

237 3513 265 3561 et
284 3522 338 3559 nora
357 3504 414 3570 eor]
449 3502 558 3559 Vocem
576 3520 628 3558 uon
647 3505 758 3557 omittit
775 3503 844 3558 Cod.
871 3503 960 3558 Rehd.
999 3505 1079 3572 Quod
1107 3507 1241 3631 seqqitnr
1263 3508 1315 3560 ni-

167 3588 245 3632 ceros
263 3576 396 3630 inlibris
414 3574 506 3646 piaris
549 3592 573 3641 e,
599 3590 664 3627 cum
683 3590 742 3627 non
759 3575 884 3630 abundet
901 3583 1023 3642 tanum,
1050 3576 1100 3630 sed
1175 3595 1211 3631 ne
1239 3576 1315 3632 otio-

168 3658 233 3702 sum
252 3648 301 3711 sit,
319 3646 413 3701 deleri
431 3662 499 3699 cum
543 3658 586 3699 rn.
606 3642 750 3700 unwolt.
770 3646 857 3700 Orell.
885 3648 925 3698 Et
942 3646 1019 3700 abest
1045 3646 1120 3701 aCo
1160 3687 1166 3699 .
1193 3646 1313 3725 Regae.

167 3718 259 3774 nant.
283 3717 368 3772 Rern.
395 3714 469 3770 Gud.
489 3720 514 3773 l.
541 3717 625 3770 Vind.
645 3721 671 3773 2.
702 3714 755 3770 Ed.
780 3717 816 3769 ii.
848 3725 878 3771 et
894 3717 990 3772 bamb.
1015 3716 1041 3771 Ξ.
1069 3734 1135 3770 cum
1164 3717 1253 3773 Gotln
1280 3720 1316 3773 in

168 3806 261 3865 marg.
281 3807 316 3843 ex
334 3789 408 3842 coni.
429 3789 557 3858 itemque
575 3788 628 3840 Ed.
647 3794 716 3851 ret,
736 3805 791 3858 qua
809 3806 876 3842 usus
895 3797 938 3842 est
956 3786 1047 3844 Bouh.
1081 3787 1216 3843 Reiskius
1236 3790 1312 3844 coni.

170 3868 199 3916 et
225 3878 278 3913 non
305 3875 352 3937 eor
373 3860 505 3928 potius.
533 3887 565 3898 -
598 3859 635 3912 In
660 3872 737 3982 Ἤ.
765 3860 905 3913 scribitur
929 3873 988 3911 esre
1011 3875 1057 3912 eoa
1085 3875 1155 3929 ergo
1182 3860 1213 3914 in
1242 3860 1314 3916 (iod.

168 3933 208 3985 ite
231 3971 237 3982 .
257 3935 283 3987 3.
309 3942 369 3984 esre
388 3947 457 4000 ergo
477 3929 551 3984 dicis
570 3945 615 3983 eor
634 3929 665 3981 in
730 3972 736 3984 .
756 3929 791 3980 Η.
812 3946 881 3998 ergo
900 3945 960 3982 esec
977 3930 1050 3983 dicis
1073 3946 1119 3983 eoa
1136 3930 1209 3984 Edd.
1230 3933 1259 3988 P.
1278 3931 1312 3989 A.

169 4002 199 4053 B.
210 3951 246 4056 gb.
264 4002 299 4058 E.
321 4001 352 4055 C.
372 4002 404 4053 V.
424 4002 493 4056 nob.
514 4000 612 4072 Steph.
632 4002 703 4054 Ven.
715 4002 796 4053 Junt„
808 4000 885 4055 Cam.
901 4000 1018 4071 Reliqui
1036 4010 1146 4069 omnes,
1165 4010 1195 4056 et
1210 4004 1316 4076 scripti

169 4080 199 4128 et
217 4073 299 4138 editi,
318 4072 467 4126 nobiscum
485 4073 604 4128 faciunt.
641 4071 702 4124 Mr.

240 4143 314 4200 Ouio
333 4158 387 4197 raon
405 4146 474 4210 sint,
494 4160 555 4196 cum
573 4141 689 4208 tumim]
725 4143 819 4219 Vulgo
844 4148 918 4209 eunt,
947 4144 1162 4198 adversantibus
1181 4144 1253 4222 Reg.
1283 4154 1314 4202 et

169 4214 328 4350 modim&
353 4287 420 4356 quio
444 4300 497 4340 non
524 4285 620 4353 aiut]
663 4285 773 4356 Scripsi
800 4283 857 4338 s'mo
880 4300 939 4411 gro
970 4287 1054 4340 immo
1084 4304 1121 4339 ex
1148 4288 1313 4410 qraeceptia

171 4357 445 4413 Grammaticorum.
472 4358 505 4412 V.
525 4357 685 4411 Heumann.
704 4357 736 4410 in
755 4354 859 4413 cellar.
903 4354 1148 4434 rthogr.Ed.iiar
1162 4374 1192 4412 es
1233 4358 1313 4416 ,M

170 4428 287 4486 Nolten.
307 4430 374 4486 hex.
394 4429 539 4487 Antibarb.
559 4431 650 4501 p.81·
670 4427 837 4486 Grotetend.
864 4426 991 4483 Gratum.
1009 4423 1048 4481 n.
1072 4446 1100 4498 p·
1121 4432 1181 4488 1⁷6.
1208 4374 1230 4496 d.
1251 4430 1313 4487 14².
