2828 5070
188 299 253 368 202
394 295 625 365 CICERONIS
646 295 893 364 Tuscum.
916 296 1149 362 DISPUTAT.

180 466 293 542 'mese
331 463 570 543 Dicaearchus,
591 471 710 527 contre
736 461 824 526 hanc
852 463 1141 525 immortalitatem
1171 459 1349 531 disseruit.

188 547 221 610 ls
251 547 341 609 enim
368 558 438 610 tres
471 549 577 610 libros
605 548 751 628 scripsit,
780 547 837 629 qui
857 547 1014 608 Lesbiaci
1042 555 1220 626 vocentur,
1253 547 1351 629 qnod

188 628 365 712 Mytilenis
395 649 508 693 sermo
538 630 699 692 habetur:
730 631 767 691 in
799 629 918 712 quibus
950 629 1023 691 vult
1050 631 1186 691 efficere
1215 631 1350 695 animos

187 816 437 870 immortalitatem
455 816 620 870 disseruisse
639 816 856 869 confirmaret.“
893 815 1020 870 Assentit
1037 833 1108 870 vero
1126 817 1254 870 Manutio
1272 818 1351 871 Bou·

187 887 311 953 hierius,
330 888 428 942 dicens
446 888 617 941 Ciceronem
635 887 717 957 loqui
736 888 770 939 de
789 903 839 940 suo
857 894 998 958 tempore,
1021 904 1078 957 quo
1098 888 1215 957 quidem
1233 888 1349 942 Stoico-

188 976 256 1013 rum
274 959 371 1012 schola
389 959 513 1011 maxime
530 958 666 1011 florebat:
686 958 869 1010 bacuntium
887 968 1036 1028 praeterea
1054 958 1120 1010 Div.
1140 960 1210 1011 lust.
1230 960 1295 1012 Vll.
1317 963 1345 1014 7.

188 1029 292 1084 docem
310 1030 436 1082 Platonis
454 1029 526 1081 disci
547 1029 610 1080 ulos
638 1046 696 1080 non
713 1029 839 1099 potuisse
865 1027 1021 1083 defendere
1039 1029 1202 1082 doctrinam
1218 1029 1349 1082 Platoni·

187 1116 263 1165 osm,
298 1102 438 1171 optimam
506 1101 582 1151 iem
610 1099 702 1164 illam,
735 1099 770 1152 de
797 1100 960 1151 animorum
993 1099 1213 1153 immortalitate
1243 1109 1349 1154 contra

96 1163 102 1175 ⁸
173 1170 313 1225 -sliorum
358 1171 474 1240 hilosop
496 1186 580 1222 orum
603 1179 779 1245 argumenta.
826 1171 950 1224 Ernesto
975 1187 1090 1241 quoque
1134 1171 1245 1224 lacebat
1268 1171 1348 1225 sbie·

187 1250 270 1295 otum
288 1190 409 1294 verium
427 1241 594 1295 contemsit:
614 1241 782 1295 abiecerunt
800 1240 945 1295 FAWcli.
966 1242 1085 1295 Schiits.
1128 1260 1152 1294 r.
1190 1243 1253 1316 Ego
1271 1258 1347 1296 vero

188 1311 222 1366 in
239 1320 320 1365 tanto
338 1315 401 1365 iere
419 1312 549 1365 omnium
566 1311 710 1364 librorum
727 1328 865 1364 consensu
883 1312 969 1381 plane
988 1313 1113 1365 abiicere
1129 1312 1204 1365 illud
1211 1312 1346 1378 verbum,

188 1384 322 1452 quamvis
340 1383 415 1434 mihi
434 1399 549 1452 quoqne
567 1382 689 1456 glossam
714 1383 847 1435 redolere
873 1383 1017 1446 videatur,
1045 1392 1075 1436 et
1093 1399 1147 1458 ego
1166 1399 1281 1453 quoque
1302 1384 1348 1435 in-

190 1453 331 1527 telligere
349 1452 450 1513 malim
469 1469 505 1506 ex
523 1453 758 1523 praecedentibus
775 1454 853 1506 cessit
870 1461 969 1506 contra
987 1454 1091 1518 dicens,
1111 1473 1192 1507 ansus
1205 1470 1346 1519 nonaum,

187 1523 238 1583 sed
265 1524 378 1575 uncinis
403 1524 529 1576 coercui.
566 1523 768 1578 nauemannus
794 1524 856 1598 legi
884 1524 977 1578 iubet:
1008 1527 1059 1578 sed
1085 1525 1178 1578 nescio
1207 1525 1345 1592 wormio

187 1593 371 1647 doctissimas
397 1594 523 1663 quisque,
546 1595 685 1648 acerrime
713 1602 805 1649 sutem
831 1593 952 1648 deliciae
968 1611 1055 1661 meae,
1075 1593 1344 1649 Dicaearchus...

187 1663 337 1719 disseruit.
365 1665 461 1718 Reisk.
475 1665 574 1719 ‚abesse
593 1666 712 1735 quidem
727 1682 808 1748 posse
824 1667 959 1719 coneedit
975 1666 1097 1720 verbum
1115 1667 1277 1731 contemsit,
1295 1668 1347 1720 sed

187 1734 267 1789 idem
284 1744 383 1788 tamen
401 1753 437 1788 ex
455 1737 636 1790 antecedenti
656 1737 780 1804 despscio
796 1737 1022 1790 subaudiendum
1041 1754 1099 1791 esse
1124 1737 1283 1792 contendit.
1309 1739 1345 1791 1·

187 1807 288 1861 eadem
306 1807 452 1860 sententie
469 1816 511 1860 est
530 1808 641 1861 Nissen.
661 1808 711 1861 sed
729 1816 829 1861 contra
846 1808 937 1861 Bouh.
956 1809 1050 1862 addit:
1070 1826 1151 1876 „nec
1166 1817 1264 1861 tamen
1275 1825 1345 1862 eum

186 1877 294 1933 Buher.
318 1877 355 1931 sd
379 1894 433 1932 aas
456 1879 546 1931 solens
565 1881 691 1932 referem
719 1877 808 1944 [hoel.
846 1881 950 1949 Neque
975 1879 1108 1933 Ciceroni
1132 1879 1344 1944 adversabatur,

187 1965 243 2002 nec
262 1949 296 2002 de
315 1949 428 2019 philoso
449 1949 496 2001 his
514 1951 578 2003 seri
588 1950 771 2003 ciceroniani
784 1950 857 2002 haec
875 1951 940 2020 capi
952 1950 984 2017 (l)
1003 1959 1129 2021 possunt.
1150 1951 1248 2005 Obstat
1264 1951 1346 2004 enim

186 2018 388 2075 Dicaearchus.
430 1967 494 2094 ige
521 2020 619 2090 potins
643 2022 780 2074 acerrime
807 2026 902 2074 autem
927 2021 1023 2073 verbis
1051 2038 1106 2074 ssa
1124 2023 1212 2080 sotum
1229 2022 1345 2092 opposi-

187 2098 252 2144 tum
269 2099 378 2162 putem.
415 2091 565 2143 Nimirum
582 2091 631 2143 vir
648 2092 701 2143 ille
719 2093 858 2155 eruditus,
878 2092 1020 2161 quidquid
1031 2093 1199 2145 anacolutlsi
1217 2093 1345 2161 speciem

187 2163 426 2242 praeseferret,
446 2161 760 2245 idnimisiugiolpstf‘
796 2162 927 2246 lienique
946 2163 1076 2227 Neidins‚
1104 2164 1139 2248 sd
1156 2182 1184 2215 v.
1210 2162 1344 2246 doctissi-

186 2232 856 2374 ἔξωᾳέζξιξὶηῖὶίιῗῃέξξῐὼὸξέεπζὶῗιζηάἆὲιῗέἱῗ
873 2242 1345 2386 ciiiiteisspisizcasiit‘sciipiunmqiii

187 2374 220 2429 in
238 2374 445 2442 antiquissimis
464 2375 578 2427 nostris.
599 2404 632 2415 -
668 2375 702 2427 ln
720 2391 800 2443 seqq.
822 2370 896 2428 eut
916 2377 941 2430 2.
969 2375 1057 2428 habet
1083 2376 1219 2429 disseruit
1242 2382 1344 2428 eontra

186 2442 259 2500 tanc
276 2445 526 2499 immortalitatem.
563 2446 644 2498 Unus
662 2445 713 2497 0x.
733 2445 867 2497 deseruit.
903 2446 945 2498 De
954 2446 1132 2500 Dicaearcho
1150 2456 1269 2517 praeter
1286 2463 1343 2511 eos,

185 2533 258 2642 &uos
277 2518 311 2569 sd
328 2534 389 2587 cap.
411 2520 453 2571 10.
472 2513 597 2579 laudavi,
615 2517 691 2568 coni.
712 2516 783 2568 Ern.
795 2516 874 2570 Clas.
894 2516 955 2570 cic.
976 2535 997 2568 s.
1017 2536 1056 2582 v.‚
1075 2518 1161 2582 unde,
1180 2518 1236 2570 nisi
1250 2517 1344 2587 ipsum

222 2603 360 2640 nemnem
378 2588 521 2669 inspicere
539 2587 639 2669 vellet,
659 2586 768 2640 discere
786 2596 901 2656 poterat
918 2587 980 2651 ille,
1004 2589 1056 2657 qui
1074 2605 1170 2658 nuper
1197 2588 1227 2640 ln
1247 2589 1268 2639 l.
1296 2588 1345 2641 ct-

186 2672 323 2740 oeronem
349 2657 384 2711 de
408 2656 586 2710 Dicaearcho
619 2657 731 2710 ironice
762 2658 845 2728 loqui
868 2658 1028 2726 contendit,
1065 2675 1170 2735 snsgm
1196 2675 1287 2731 opere
1312 2675 1343 2712 se

187 2728 381 2852 mlisiiim
399 2804 460 2852 tres
483 2800 570 2854 libres
594 2798 719 2868 scripsit]
756 2802 832 2853 Mon.
854 2805 878 2855 1.
905 2800 972 2853 His
995 2800 1078 2855 enies.
1105 2800 1182 2927 Asffi¹
1208 2799 1237 2854 is
1259 2816 1341 2854 cam.

186 2866 272 2921 Vind.
292 2875 316 2924 l.
337 2869 456 2922 Lesbici.
494 2872 574 2924 Unus
593 2871 643 2922 Ox.
664 2871 814 2924 lesdeatici.
835 2870 909 2947 Gud.
929 2874 955 2927 2.
976 2872 1112 2926 lesbiatii.
1184 2873 1234 2924 isb.
1255 2872 1341 2925 Maru

187 2941 327 2996 iesdiacs'i.
360 2941 437 2994 Gud.
469 2939 600 2994 Lesiicii.
627 2941 717 2994 Rehd.
741 2942 852 2994 oiniuit
874 2943 962 2995 verbs
987 2944 1037 3013 qui
1059 2942 1198 2997 Lesbiaci.
1222 2942 1278 2994 Ed.
1306 2943 1341 2992 Η.

186 3009 272 3066 lubet
291 3012 444 3080 descripsit
459 3027 514 3082 pro
532 3012 658 3079 scripsit.
686 3043 719 3055 -
756 3012 866 3083 Scripsi
888 3022 985 3066 autem
1009 3032 1075 3068 cum
1092 3012 1178 3067 Gndd.
1203 3012 1342 3080 plurimis

187 3091 217 3136 et
235 3084 306 3137 Edd.
325 3084 403 3137 hsud
420 3083 528 3154 psucis,
552 3091 586 3135 ut
611 3092 653 3136 est
670 3083 758 3136 etiam
777 3084 809 3134 in
827 3084 923 3134 numis
946 3085 1073 3155 sntiqn‘u
1090 3081 1250 3152 Mytilenis.
1275 3081 1340 3133 Vid.

185 3153 370 3208 Bisehoii.
390 3173 419 3206 u.
439 3154 586 3207 Miller.
607 3154 795 3209 Wiirterb.
814 3154 842 3206 d.
863 3155 922 3206 elt.
943 3157 1054 3209 mittl.
1072 3173 1102 3207 s.
1121 3153 1341 3228 neuGeogr.

104 3240 108 3247 “
186 3243 208 3278 s.
226 3244 255 3279 r.
283 3227 333 3279 Ali
377 3234 407 3278 ot
430 3225 500 3277 libri
526 3225 633 3278 habent
652 3223 824 3294 Mitylenis:
851 3225 928 3278 Gud.
950 3231 973 3281 l.
1002 3229 1076 3280 lllon.
1096 3228 1128 3291 23
1157 3225 1189 3277 in
1214 3223 1288 3278 Gud.
1314 3226 1340 3281 2.

185 3313 244 3349 uno
263 3300 314 3351 Ox.
334 3244 378 3362 iri
397 3311 454 3366 quo
472 3293 584 3420 lessitur
601 3294 652 3366 qui
669 3311 723 3365 pro
742 3296 825 3365 quod)
846 3305 888 3348 est
906 3296 1070 3363 Mitilessis3
1090 3298 1123 3350 in
1141 3295 1215 3371 Aug.
1230 3298 1304 3348 lllon
1317 3301 1342 3352 1.

185 3368 254 3420 stile
272 3369 356 3431 leuis,
375 3368 406 3419 in
423 3382 481 3422 une
524 3384 551 3419 x.
571 3368 687 3419 multem
705 3367 789 3431 lestis,
807 3368 927 3442 egregia
944 3368 1059 3422 scilicet
1078 3368 1293 3431 emendatione3
1312 3367 1344 3419 iu

185 3438 284 3492 nuiss.
306 3439 453 3508 Mytilene.
473 3439 560 3490 Μαι-δ.
588 3437 724 3490 mutileni.
750 3438 820 3490 Edd.
841 3440 911 3492 Ven.
940 3448 1029 3492 nostr.
1050 3442 1132 3493 Junt.
1159 3439 1245 3492 Grut.
1266 3437 1341 3490 Oliv.

184 3510 270 3562 Verb.
296 3511 368 3562 Ern.
398 3517 426 3560 et
451 3525 529 3586 seqq.
562 3509 711 3561 nobiseum
737 3509 858 3561 faciunt.
895 3511 930 3563 ln
955 3509 1044 3563 liehd.
1079 3518 1122 3564 est
1148 3509 1345 3562 addimentum

187 3579 260 3648 quod
278 3578 290 3630 t'
300 3578 339 3633 di
358 3578 521 3647 Mytilenas:
540 3596 594 3648 pro
613 3578 728 3632 habetur
744 3580 842 3632 Dnisb.
861 3589 891 3633 et
909 3580 966 3634 MS.
987 3581 1020 3634 in
1048 3599 1140 3655 marg.
1160 3581 1245 3634 Verb.
1265 3578 1345 3635 tati-

185 3655 232 3704 tes
250 3649 297 3701 sit.
336 3650 390 3700 Pro
407 3649 465 3700 malt
485 3666 558 3701 unus
575 3651 626 3703 Ox.
648 3649 730 3715 nolit,
755 3651 833 3720 quod
850 3660 948 3704 ortum
966 3661 1062 3704 estex
1080 3653 1155 3704 male
1178 3653 1254 3705 lecta
1273 3653 1345 3704 scri·

184 3721 286 3792 ptione
310 3720 511 3789 antiquissima
536 3721 605 3786 scell,
631 3739 718 3790 quam
739 3722 859 3776 exhibet
885 3731 985 3774 noster
1010 3723 1084 3775 Gud.
1106 3727 1130 3777 l.
1168 3725 1234 3775 Mox
1251 3723 1342 3777 liehd.

183 3792 297 3861 amsans
315 3791 437 3857 efficere.
475 3791 517 3844 De
535 3795 749 3846 constructione
767 3794 850 3846 verbi
868 3793 993 3859 efficere,
1017 3794 1092 3862 quod
1117 3794 1152 3848 de
1180 3795 1217 3846 N.
1235 3793 1270 3845 D.
1290 3795 1344 3848 lll.
1396 3858 1399 3863 ¹

187 3866 230 3920 12.
248 3864 444 3917 construitur:
464 3863 508 3916 ita
526 3863 660 3929 efficitur,
679 3872 711 3917 ut
729 3888 763 3901 -—
781 3864 881 3918 eadem
898 3866 1051 3930 sententia,
1075 3864 1133 3916 rid.
1154 3865 1290 3917 Creuser.
1311 3865 1346 3918 ad

187 3952 255 3988 eum
272 3936 370 3987 locum
394 3952 421 4004 p.
441 3937 503 3990 idi
531 3935 574 3987 ed.
598 3936 648 3989 Cr.
674 3944 707 3989 et
724 3945 813 3988 nostr.
834 3933 900 3999 mai.
920 3935 991 3988 Add.
1012 3935 1049 3988 it.
1076 3953 1101 3988 c.
1124 3939 1165 3993 13.
1187 3937 1211 4002 i·
1232 3939 1282 3992 34:
1310 3952 1346 3989 es

185 4007 284 4074 quibas
303 4005 381 4070 effici
396 4006 486 4072 possit
503 4032 538 4043 —
557 4005 629 4060 nihil
647 4023 717 4072 esse,
738 4007 811 4077 quod
828 4038 872 4058 —.
910 4008 991 4061 Purei
1016 4008 1085 4061 laex.
1106 4008 1179 4061 Crit.
1205 4026 1252 4059 vr.
1279 4007 1347 4076 cogi

185 4084 218 4130 et
237 4077 361 4142 efficitur
386 4093 414 4145 p.
435 4079 495 4132 216.
516 4081 585 4142 4033
614 4096 664 4132 nos
688 4079 723 4133 sd
749 4078 809 4131 Cic.
837 4078 872 4132 de
897 4079 968 4131 Fsto
987 4081 1013 4134 ὁ.
1037 4098 1066 4151 p.
1086 4083 1148 4135 580.
1177 4079 1212 4131 sd
1231 4080 1290 4133 Cic.
1310 4079 1346 4132 de

186 4149 277 4222 legg.
298 4149 335 4199 ll.
358 4148 399 4201 1³.
419 4150 462 4201 3³.
482 4167 510 4218 p.
531 4152 591 4204 261.
612 4181 646 4194 -
664 4152 718 4204 Pru
736 4151 870 4203 mortales
879 4150 946 4204 Cod.
967 4150 1041 4204 Gud.
1061 4151 1147 4204 habet
1161 4150 1343 4205 immortales.

187 4217 263 4295 Aug.
284 4217 398 4270 omittit
416 4233 484 4274 esse.
522 4220 582 4273 Mc.

264 4289 386 4344 Usaram
404 4290 484 4342 nobis
502 4291 677 4360 largiuntur,
695 4300 830 4363 tanquam
848 4291 1018 4359 cornicibus]
1055 4292 1212 4348 cornicum
1237 4292 1348 4346 risaei·

189 4368 280 4416 mein
298 4360 444 4414 celebrant
461 4372 591 4418 auctores
609 4366 681 4418 bene
700 4364 795 4417 multi.
833 4365 972 4418 Hesiodus
1000 4364 1078 4436 apud
1094 4364 1284 4420 Plutarchum
1310 4363 1347 4417 de

188 4435 272 4489 Orac.
291 4433 348 4488 dei
367 4449 433 4510 peg-
452 4435 514 4491 ili.
