2828 5070
531 321 660 384 LIBER
681 321 709 397 l,
729 323 779 391 3l.
1173 331 1237 398 377

72 482 170 544 onim
202 501 366 563 nusquam
400 494 460 548 est.
503 485 568 547 Ubi
596 490 703 573 igitur
730 489 854 550 malum
876 498 937 568 est,
971 495 1125 576 quoniam
1146 498 1233 560 nihil

72 566 217 625 tertium
249 563 321 626 esti
363 567 427 644 An,
457 572 612 650 quoniam
641 573 711 651 ipse
732 574 835 633 animi
865 571 1028 637 discessus
1049 597 1069 638 a
1089 598 1233 662 corpore

73 666 145 708 non
167 646 207 706 lit
227 649 300 709 sine
321 647 459 711 dolore?
501 649 546 711 Ut
567 651 701 715 credam
724 656 771 714 ita
792 674 876 727 esse,
905 675 1004 736 quam
1025 667 1077 719 est
1104 660 1139 721 id
1161 664 1233 724 exi-

71 735 194 818 guum!
217 738 251 792 et
272 730 394 793 falsum
416 751 487 794 esse
506 734 675 796 arbitror:
699 743 733 796 et
752 737 792 797 fit
812 738 1008 819 plerumque
1029 743 1101 803 siue
1121 763 1230 824 sensu,

72 917 109 969 de
140 915 206 968 niv.
227 917 264 968 11.
284 919 310 970 3.
331 921 357 972 8.
386 935 414 985 p.
435 920 496 973 303.
522 919 570 970 ubi
591 919 661 972 item
678 920 737 973 vid.
763 928 851 974 nostr.
870 939 936 974 ann.
974 923 1070 991 Igitur
1094 926 1171 979 abest
1196 928 1230 980 ab

72 1002 135 1039 uno
154 988 203 1040 Ox.
230 986 321 1038 Verba
339 988 434 1055 igitur
452 1021 483 1032 -
505 990 634 1058 quonium
653 991 755 1044 absunt
781 992 882 1045 aCotl.
911 994 995 1047 Vind.
1017 1001 1041 1050 1.
1078 996 1158 1049 Unus
1177 999 1226 1050 Ox.

72 1057 161 1109 babet
197 1064 348 1121 remanent,
386 1059 459 1109 alius
489 1077 638 1129 nunquam.
684 1064 738 1115 Pro
768 1064 884 1115 tertium
913 1065 979 1118 cod.
1011 1066 1085 1142 Aug.
1114 1067 1226 1121 certius.

72 1131 140 1181 Post
164 1129 239 1181 banc
262 1145 363 1181 vocem
390 1130 529 1182 omittunt
558 1138 600 1183 est
620 1132 690 1184 Edd.
712 1133 744 1183 A.
764 1135 794 1184 Β.
815 1134 844 1186 C.
866 1136 897 1185 V.
925 1139 961 1188 Μ.
981 1137 1013 1188 1..
1033 1137 1096 1190 Asc.
1116 1140 1142 1192 3.
1170 1139 1229 1203 (sed

71 1198 453 1323 terminati
468 1200 1228 1333 subsistit·castistatis

72 1358 167 1393 unum
184 1358 289 1394 omnes.
326 1342 406 1394 Unus
425 1341 475 1394 Ox.
496 1332 734 1396 habet'certum
751 1351 806 1398 est:
827 1345 900 1398 alins
919 1348 1058 1415 quando
1076 1346 1151 1402 sitit
1167 1356 1226 1403 ter·

72 1412 148 1465 etum
166 1419 208 1465 eat
226 1418 410 1465 aeternum
428 1417 497 1465 ert.-
515 1414 564 1465 ubi
582 1413 667 1466 habes
684 1415 808 1488 glossam
825 1416 874 1469 vel
892 1418 1103 1472 correctionem
1117 1420 1148 1470 in
1164 1436 1226 1474 ora·

71 1483 164 1535 tionis
180 1483 285 1536 seriem
304 1490 458 1552 receptam.
469 1483 558 1537 llebd.
578 1484 664 1537 habet
681 1502 743 1537 cnm
760 1502 814 1556 pro
833 1487 977 1556 quoniam
995 1487 1091 1542 Duisb.
1111 1493 1226 1545 tertium

71 1551 155 1607 uibu-
191 1555 256 1606 Post
281 1569 318 1605 on
345 1554 483 1606 omittunt
509 1555 636 1621 quoniam
662 1556 733 1609 Edu
753 1557 789 1608 il.
809 1558 905 1610 hunb.
925 1559 975 1611 Fr.
991 1559 1079 1627 Febr.
1109 1562 1225 1617 nemine

70 1624 254 1678 assentiente.
291 1627 344 1676 Pro
363 1628 403 1690 tfit
426 1625 526 1678 estoit
551 1627 583 1679 in
602 1627 708 1679 duobus
727 1627 796 1679 Oxx.
818 1645 904 1697 quam
929 1629 1076 1705 egregiam
1094 1632 1225 1686 emendi·

70 1696 192 1760 tionem,
210 1696 320 1747 invitus
337 1697 466 1761 fortasse,
484 1698 598 1766 recepit
615 1698 735 1750 Billerb.
771 1699 831 1750 Mr.

146 1785 183 1839 Ut
203 1784 316 1837 credam
334 1785 376 1837 ita
395 1783 467 1850 ease]
503 1785 611 1848 Malim,
629 1791 660 1836 ut
677 1785 776 1837 cedam
793 1785 836 1838 itu
854 1801 930 1851 επις
954 1805 1020 1840 nam
1044 1790 1141 1844 redere
1155 1807 1224 1858 pro·

68 1855 137 1925 prie
155 1855 269 1921 dicitur,
290 1856 337 1923 qni
354 1862 452 1908 contra
471 1855 638 1908 sententium
656 1870 738 1909 suom
756 1855 845 1908 alteri
861 1858 1011 1924 consentit,
1039 1867 1072 1911 ut
1099 1861 1140 1912 ait
1158 1861 1225 1914 Ser-

69 1928 136 1980 vius
156 1926 190 1979 ad
208 1927 277 1978 Aen.
297 1927 336 1992 11,
356 1929 414 1981 704.
453 1926 489 1978 D.

144 1995 182 2051 Ut
201 1997 344 2049 credam
361 1999 403 2050 ita
422 1995 493 2061 ease]
511 1997 615 2048 Parum
632 1995 763 2048 feliciter
779 1996 878 2049 locum
893 2014 992 2051 sanum
1011 2000 1160 2077 corrigere
1179 2004 1224 2056 in.

69 2069 169 2121 stituit
187 2067 255 2120 Dav.
276 2068 432 2121 coniicieus
451 2068 556 2131 cedam,
584 2065 745 2150 quodcum
762 2066 829 2120 Acc.
850 2086 875 2120 c.
903 2070 959 2121 lnf.
985 2072 1071 2155 plane
1096 2074 1224 2128 alienum

69 2149 115 2194 est
141 2139 322 2192 aCiceronis
349 2157 410 2203 usu,
438 2139 489 2207 qui
515 2137 629 2189 nonnisi
653 2138 811 2207 composito
833 2140 952 2192 concedo
979 2143 1143 2196 excutitur.
1180 2145 1223 2200 Ds

68 2211 285 2265 constructione
303 2216 333 2261 ut
352 2210 465 2262 medam
483 2241 517 2252 -
535 2213 690 2278 tetramque
707 2206 766 2261 vid.
788 2209 928 2263 Goerens.
948 2213 983 2265 ad
1001 2213 1061 2266 Cic.
1082 2214 1116 2269 ‹le
1131 2217 1220 2291 Legg.

67 2283 108 2337 11.
130 2286 155 2337 7.
177 2285 218 2336 15.
238 2299 267 2349 p.
287 2283 348 2335 135.
385 2281 444 2333 Mr.

67 2371 356 2497 oaliilii'iil
374 2368 1222 2508 utilitatiumttt’ttttlttstlta:
1247 2498 1255 2513 ,

68 2514 102 2565 in
120 2511 263 2582 Crepuud.
283 2529 311 2579 p.
332 2511 392 2565 383.
414 2509 480 2574 (43.)
506 2520 540 2562 ut
564 2509 747 2561 subaudiatur
773 2517 888 2579 tempus,
916 2512 984 2581 quia
1009 2513 1108 2566 statim
1126 2516 1222 2584 sequi-

67 2593 134 2636 tur:
154 2584 203 2637 Fit
222 2581 298 2634 enim
315 2582 353 2634 ud
369 2588 501 2648 punctum
520 2580 667 2648 temporis:
686 2580 719 2632 ab
738 2596 826 2650 eaque
845 2583 1006 2652 suspicione
1025 2584 1056 2635 in
1071 2594 1165 2638 annot.
1186 2586 1221 2640 ad

68 2655 99 2706 ln.
119 2654 140 2705 l.
169 2671 226 2706 non
249 2653 394 2705 discedere
422 2669 450 2704 se
469 2652 519 2703 ait.
557 2652 642 2703 Ferri
660 2660 773 2719 posset:
801 2668 883 2718 quam
901 2660 942 2706 cst
961 2655 994 2708 id
1012 2656 1051 2708 cei
1076 2656 1219 2724 exiguam,

68 2727 94 2777 si
113 2727 211 2779 statim
229 2725 464 2790 subsequeretur:
494 2738 549 2775 non
574 2721 656 2773 modo
675 2720 756 2787 [non]
780 2724 818 2775 od
839 2727 974 2792 maguum
998 2729 1133 2794 temporis
1155 2744 1220 2796 spn-

68 2796 147 2849 tim.
185 2795 241 2848 sea
259 2795 401 2870 cogitabat
419 2796 538 2845 fortasse
558 2791 647 2845 Gebh.
668 2792 703 2844 de
722 2796 991 2860 constructionibus,
1011 2798 1104 2866 qualis
1123 2809 1165 2852 est
1182 2802 1221 2855 cd

67 2882 216 2937 praesens:
235 2883 338 2918 verum
357 2883 388 2917 ea
407 2872 530 2915 utuntur
548 2863 667 2926 Plinius,
686 2864 813 2929 Tacitus,
840 2866 1006 2920 Suetonius:
1036 2869 1137 2922 Cicero
1162 2885 1220 2924 non

69 2941 154 2990 item:
175 2937 249 3008 apud
268 2955 353 3018 quem
372 2936 498 3004 reperies
516 2934 548 2986 in
563 2949 708 3003 praesens.
727 2936 790 2987 vid.
802 2937 891 2989 Hand.
903 2937 1061 2991 Tursellin.
1073 2941 1095 2991 1.
1116 2958 1144 3009 p.
1158 2944 1216 2996 128.

68 3010 212 3074 Reislaius,
231 3027 282 3077 qm
302 3007 419 3060 eandem
437 3006 593 3058 lectionem
611 3005 766 3072 reperisset
784 3007 815 3058 in
833 3007 904 3059 Edd.
924 3010 995 3060 Ven.
1018 3014 1041 3064 l.
1062 3011 1087 3062 3.
1108 3010 1179 3062 ltled.
1192 3015 1218 3066 l.

68 3081 195 3132 coniecit
214 3079 294 3130 inde:
315 3083 454 3145 quamsit
472 3077 505 3128 id
523 3077 673 3143 exiguum!
691 3082 727 3127 ut
746 3082 772 3128 et
792 3076 896 3141 falsum
912 3078 962 3128 vel
984 3079 1046 3130 sed
1064 3085 1090 3129 et
1104 3078 1215 3142 falsum.

66 3152 103 3203 ln
122 3151 249 3202 similem
267 3150 460 3218 suspicionem
487 3149 548 3199 sine
567 3147 648 3198 libris
667 3147 724 3196 iam
743 3146 885 3200 inciderat
903 3146 1085 3211 Boubierius,
1110 3166 1163 3217 pro
1191 3158 1218 3202 et

65 3221 228 3273 coniiciens
246 3227 286 3285 nt,
306 3220 382 3288 quod
398 3218 533 3287 probabat
551 3218 634 3281 Ern,
662 3233 728 3268 rece
767 3225 836 3267 runt
863 3216 1008 3271 FAWoll'.
1028 3217 1110 3270 Koel.
1131 3218 1215 3271 Schz.

66 3294 117 3346 Or.
157 3290 213 3344 sea
230 3291 388 3342 mutatione
408 3304 466 3339 non
484 3297 525 3339 est
543 3305 621 3358 opus.
660 3288 723 3338 Hau
760 3303 824 3339 raro
844 3287 922 3339 enim
941 3286 1042 3339 Cicero
1061 3293 1088 3368 et
1108 3288 1150 3340 ita
1168 3306 1218 3358 po·

67 3364 113 3415 nit
133 3361 164 3412 in
182 3362 370 3432 oppositione,
394 3367 427 3410 ut
446 3359 569 3410 auctiori
588 3367 617 3409 et
636 3356 765 3430 graviori
783 3374 866 3409 sensu
884 3357 1127 3425 dicaturprosmo
1139 3377 1216 3427 vero,

65 3434 155 3503 quta?
173 3434 245 3500 qnod
263 3465 296 3474 -
329 3432 371 3484 lta
398 3430 427 3481 b.
448 3430 468 3480 l.
497 3436 529 3480 et
556 3429 662 3494 falsum
680 3443 742 3481 me
760 3428 889 3480 arbitror
907 3427 1017 3479 dicitur
1033 3445 1101 3498 pro:
1137 3437 1164 3483 et
1183 3447 1217 3485 nc

66 3505 152 3558 credo
170 3505 299 3571 quidemr
318 3518 382 3555 nam
400 3503 502 3567 fulsum
521 3516 581 3552 ease
599 3499 745 3553 arbitror:
772 3501 820 3551 vel
839 3515 891 3568 pro
910 3504 938 3551 et
957 3501 1094 3552 omnino
1112 3502 1218 3566 fulsum

67 3592 127 3629 esse
146 3577 281 3628 arbitror.
309 3575 372 3625 Vid.
394 3589 443 3624 nos
461 3572 496 3623 ad
514 3571 572 3622 Cic.
590 3571 624 3623 de
648 3573 688 3623 Le
731 3571 794 3622 .11.
820 3573 846 3625 8.
866 3573 909 3624 31.
928 3587 956 3640 p.
977 3573 1030 3625 313
1048 3589 1090 3640 sq.
1121 3573 1155 3624 ad
1181 3574 1217 3627 de
1291 3601 1294 3608 =

67 3647 132 3699 Div.
153 3647 175 3698 l.
199 3650 239 3701 18.
260 3649 303 3701 35.
323 3665 351 3714 p.
371 3646 415 3698 93.
437 3643 478 3694 ed.
499 3650 586 3693 nostr.
608 3641 674 3695 eod.
689 3589 769 3694 llos.
790 3643 815 3695 3.
835 3641 920 3694 habet
940 3657 1021 3709 quum
1039 3642 1072 3695 id
1090 3643 1140 3696 rit
1158 3644 1217 3698 exl-

66 3720 171 3786 guum!
207 3718 266 3770 Mr.

139 3797 165 3841 et
183 3789 216 3852 fs'
223 3794 235 3839 t
252 3788 411 3854 plerumque
430 3784 491 3836 sine
509 3781 631 3847 censu]
666 3784 747 3839 Unus
765 3783 814 3836 Ox.
843 3790 869 3835 et
896 3783 966 3836 sic.-
993 3784 1049 3836 duo
1073 3794 1102 3837 et
1126 3786 1214 3838 ltlarb.

66 3860 128 3912 sine
147 3860 282 3912 dolore:
301 3858 351 3908 ubi
370 3855 498 3930 agnoscis
516 3854 645 3927 glossam.
683 3857 749 3908 ltlox
766 3853 862 3906 Duisb.
889 3857 1095 3921 plerumque
1120 3856 1214 3923 etium,

64 3933 114 3984 sed
140 3949 172 3982 su
195 3949 226 3982 ra
252 3931 304 3980 lin.
331 3942 531 3993 nonnunquam.
571 3929 644 3977 ltlon.
667 3930 691 3980 1.
720 3931 779 3976 tum
800 3940 853 3995 pro
872 3941 940 3976 cuna
978 3924 1022 3976 Ad
1044 3929 1216 3981 sententiam

65 3950 232 4054 Beroallbs:
263 4000 398 4065 „Scribit
416 3999 496 4050 Plato
515 3996 546 4046 in
564 3996 691 4060 Timaeo,
717 3992 851 4061 mortenl,
881 4011 952 4064 quae
972 4011 1007 4046 ex
1026 3997 1105 4048 senio
1123 3999 1215 4065 venit,

65 4091 124 4124 esse
143 4073 327 4130 levissimam,
347 4080 374 4122 et
393 4087 459 4121 cum
477 4067 625 4137 voluptate
643 4067 749 4137 potius,
778 4084 863 4133 quam
881 4083 947 4117 cum
966 4065 1074 4131 dolore,
1102 4070 1216 4120 contin·

87 4161 142 4194 ere.
182 4143 250 4194 Cato
269 4143 301 4191 in
320 4141 394 4192 libro
413 4141 446 4192 de
466 4139 618 4191 Senectute
638 4137 735 4205 inquit
752 4136 841 4188 citam
859 4136 1084 4190 adolescentibus
1102 4139 1146 4191 cis
1164 4154 1216 4191 au-

65 4161 139 4279 lert:
160 4214 267 4266 senibus
285 4210 454 4262 maturitas.
484 4225 554 4277 puae
572 4206 643 4260 mitt
667 4206 777 4276 quidem
794 4212 851 4259 tam
869 4207 988 4260 iucunda
1014 4215 1066 4273 est,
1095 4215 1136 4274 ut,
1164 4225 1215 4278 qno

64 4285 183 4354 propius
201 4285 239 4337 ad
255 4289 374 4336 mortem
392 4280 531 4344 accedam,
549 4277 631 4346 quusi
650 4283 756 4330 terram
774 4276 874 4330 videar
888 4277 997 4343 uidere,
1016 4279 1216 4398 aliquandoque
1325 4293 1328 4298 ·

65 4357 96 4410 in
112 4363 221 4424 portum
247 4372 281 4407 ex
306 4355 390 4421 longa
416 4351 597 4418 nauigatione
624 4365 682 4401 esse
706 4347 868 4402 venturur.“
902 4349 954 4400 Est
976 4348 1027 4402 hic
1057 4350 1136 4402 locus
1167 4357 1214 4400 sat.

66 4428 132 4493 rusi.
154 4430 196 4493 19,
215 4431 257 4482 tl.
294 4427 386 4479 Locus
404 4422 529 4475 Platonis
555 4420 605 4475 hic
624 4429 667 4475 est
684 4419 760 4473 Tim.
781 4438 808 4492 p.
829 4421 872 4476 83.
898 4418 997 4490 steph.
1019 4421 1077 4476 131.
1107 4418 1213 4475 bellu:
