2812 5064
212 307 276 378 5⁷8
410 302 642 377 CICERONIS
664 308 912 376 rosentem
937 310 1171 377 DlSPU'I'AT.

210 476 266 556 ait,
287 496 354 541 nou
376 477 482 540 solum
508 480 657 542 unimam
686 478 890 561 comprimit,
921 476 980 540 sed
1001 479 1112 561 ipsum
1139 477 1245 540 etiam
1279 473 1372 540 dolo·

213 579 294 633 rent,
316 562 428 623 nescio
450 580 517 642 quo
539 567 648 641 paeto,
667 562 839 624 mitiorem
860 563 950 624 iacit.

146 641 189 708 23
291 640 337 706 Ut
358 645 447 706 euim
472 644 513 706 fit
537 646 574 706 iu
603 645 742 726 praelio,
771 653 810 706 ut
837 646 1002 730 ingnavue
1029 645 1124 706 miles
1150 661 1191 704 ac
1219 639 1369 719 timidus,

143 724 190 782 til·
208 727 306 789 simul
327 745 365 787 ac
386 724 511 789 viderit
530 727 673 806 hostem,
694 728 826 790 abieoto
846 735 941 790 scuto
964 729 1073 812 lugiet
1101 734 1270 808 quantum
1297 746 1367 807 poe

213 842 275 851 ...-
283 842 443 851 ψ-ρε--α
450 844 459 847 -
467 841 836 852 Μ..-.--.,σ-.....---.-
841 843 920 851 ..κ-
936 842 997 850 ——0
1003 843 1013 849 -

277 917 333 956 neu
350 902 441 956 uotum
460 898 587 954 animuum
604 897 846 968 comprimit‚]
865 897 1038 970 operarum,
1057 899 1121 953 sine
1139 899 1243 964 dubio,
1268 914 1365 954 errore

207 973 301 1028 estin
317 972 371 1027 lid.
392 974 478 1028 Grut.
499 970 671 1039 comprimat,
699 971 750 1041 qui
769 977 866 1024 tamen
885 971 1003 1024 transiit
1021 970 1107 1025 etiam
1127 972 1160 1024 in
1177 970 1255 1023 Edd.
1276 968 1363 1023 Gron.

205 1043 302 1100 Reisk.
322 1043 456 1114 Wippel.
476 1043 628 1096 Davisium
646 1041 805 1096 coniecisse
823 1041 963 1110 componit
980 1058 1038 1093 uon
1058 1042 1099 1092 ita
1117 1042 1252 1105 mireris,
1280 1059 1361 1112 quam

226 1113 292 1169 lane
310 1130 370 1168 non
388 1131 449 1168 esse
469 1114 649 1168 intellectam
667 1128 769 1167 rocem
788 1113 913 1166 animum
939 1108 1113 1176 aBentleio‚
1141 1113 1193 1183 qui
1215 1126 1248 1166 eo
1267 1129 1361 1166 errore

205 1186 342 1240 inductus
361 1186 485 1239 coniecit
503 1186 664 1250 coufirmat:
684 1200 752 1236 cum
769 1190 866 1237 tamen
886 1184 998 1236 unimus
1017 1184 1056 1236 sit
1073 1183 1102 1236 h.
1115 1183 1136 1235 l.
1157 1184 1189 1236 id
1201 1182 1280 1252 quod
1298 1182 1361 1237 atre

204 1256 298 1311 etibus
315 1255 642 1328 perturbationibusque
660 1254 798 1330 agitatur,
824 1253 902 1324 quod
919 1255 1037 1308 omniuo
1057 1263 1101 1308 est
1125 1254 1361 1322 comprimendum

204 1327 225 1383 i.
245 1344 269 1381 e.
291 1328 483 1383 coercendum
504 1333 533 1380 et
552 1326 801 1396 compescendum.
836 1325 991 1379 Commode
1011 1327 1126 1380 confert
1143 1323 1241 1378 Kiihu.
1253 1324 1303 1377 lv.
1317 1330 1358 1381 1⁵:

204 1395 347 1451 ariimue
369 1398 553 1467 perturbatur
576 1403 603 1450 et
629 1397 762 1450 incitatur
781 1412 830 1449 nec
853 1394 1023 1450 cohibere
1039 1406 1079 1448 se
1104 1403 1206 1464 potest,
1227 1412 1288 1461 uec,
1314 1415 1360 1465 quo

203 1471 263 1523 loco
276 1470 350 1533 uult,
369 1469 515 1523 insistere:
535 1467 662 1521 Orellius
681 1483 751 1521 vero
769 1465 903 1521 Plautum
921 1465 1087 1519 Trinumm.
1108 1466 1146 1520 11.
1165 1470 1193 1523 2
1214 1471 1265 1523 32:
1346 1509 1353 1521 .

310 1539 345 1595 Si
363 1546 474 1593 animus
492 1538 627 1593 homiuem
644 1555 663 1606 p
697 1537 762 1602 ulit,
783 1539 927 1591 actum’atr
950 1541 1043 1591 auimo
1060 1539 1159 1601 servit,
1181 1554 1236 1592 non
1255 1537 1328 1592 rtet.-

309 1608 360 1665 St‘u
377 1611 439 1680 ipse
457 1610 579 1662 animum
595 1625 666 1678 pepu
680 1609 713 1675 tt,
737 1609 817 1673 uiuit,
843 1609 936 1662 oictor
954 1611 1093 1661 uictorum
1110 1610 1195 1665 eluet.

203 1680 312 1736 verum
335 1681 412 1735 vidit
434 1682 492 1735 iam
513 1678 618 1745 Bouh,
650 1680 701 1749 qui
726 1679 907 1748 comprimere
931 1680 1052 1731 animum
1077 1680 1178 1733 eodem
1198 1679 1287 1733 modo
1306 1679 1359 1732 dici

202 1751 244 1805 ait
262 1759 295 1804 ut
313 1752 498 1822 comprimere
515 1750 673 1815 audaciam,
697 1751 883 1816 ferocitatem,
909 1750 1058 1814 laetitiam,
1077 1751 1201 1814 furores.
1242 1750 1360 1804 Confert

201 1820 301 1877 Horat.
322 1822 377 1895 Ep.
398 1824 421 1879 1.
442 1826 467 1878 2.
487 1825 538 1880 ωε
562 1820 697 1875 Animum
715 1837 797 1888 rege.-
824 1821 874 1889 qui
892 1820 951 1874 aiei
966 1829 1059 1890 puret,

292 1938 296 1949 .
519 1892 652 1961 Imperat.
682 1893 761 1945 Hunc
777 1892 898 1960 fraenis,
921 1891 991 1944 tane
1008 1898 1197 1961 turomperee
1216 1897 1327 1944 cotenu.

201 1961 263 2020 cic.
281 1963 318 2017 ad
335 1965 396 2017 nte.
422 1962 485 2016 xn.
505 1966 555 2019 46:
584 1961 691 2016 maram
717 1965 848 2019 animum.
869 1995 902 2006 -
939 1963 1046 2015 Mirum
1087 1962 1144 2017 uod
1163 1961 1238 2018 Dav.
1260 1963 1292 2015 in
1309 1961 1357 2014 Ed

199 2036 226 2091 2.
248 2041 277 2088 et
295 2036 321 2090 ³.
347 2035 380 2087 in
407 2035 545 2088 lemmate
573 2033 768 2088 annotationis
793 2034 913 2105 scripsit
930 2050 985 2087 noa
1010 1981 1104 2087 modo
1122 2035 1264 2098 animum,
1297 2050 1357 2086 curu

199 2111 298 2158 tamen
317 2104 349 2157 in
368 2103 513 2158 contextio
531 2104 646 2158 dederit
664 2120 719 2156 nou
737 2104 860 2168 tolum,
885 2113 918 2157 ut
937 2105 1056 2174 reliqui.
1094 2105 1162 2158 Post
1179 2105 1276 2157 solum
1294 2105 1357 2159 God

199 2172 299 2228 Duieb.
319 2173 407 2228 babet
425 2174 518 2228 euim
536 2175 665 2227 animum.
685 2173 770 2227 Viud
791 2176 816 2227 2.
837 2183 866 2229 et
884 2175 985 2228 Duisb.
1005 2176 1056 2228 eed
1079 2176 1168 2230 etium
1185 2176 1292 2244 iprum.
1327 2175 1358 2228 lu

199 2245 259 2297 dne
277 2260 338 2315 cap.
359 2244 429 2301 God.
449 2245 493 2298 Au
516 2287 522 2301 .
543 2246 634 2298 netem
652 2244 777 2299 dolorem
795 2261 846 2312 quo
862 2254 954 2316 parto.
976 2246 1050 2300 Gad.
1077 2247 1216 2299 minorem
1235 2262 1292 2317 pro
1309 2247 1358 2297 mi·

199 2316 319 2370 tioremr
370 2315 427 2368 uod
451 2262 675 2393 velgglossatori
693 2317 815 2369 debetur
839 2318 888 2369 rel
908 2317 1076 2370 correctori.
1113 2319 1177 2370 Nee
1195 2331 1272 2369 vero
1290 2332 1357 2387 opus

200 2392 253 2451 set,
272 2393 308 2438 ut
365 2403 444 2440 eram
462 2387 552 2450 locos,
577 2385 680 2457 quibus
697 2386 800 2440 Cicero
818 2390 908 2442 animi
925 2394 1030 2440 motum
1046 2387 1184 2454 mitigare
1205 2386 1293 2451 dixit,
1312 2389 1357 2439 tri-

199 2455 321 2523 ttitium,
351 2457 461 2511 tutores
484 2458 632 2525 mitigare,
664 2473 730 2510 uum
754 2457 862 2526 ubique
881 2461 941 2511 sint
958 2457 1045 2513 obvii.
1084 2459 1229 2513 Ceterum
1247 2458 1359 2511 ridde

198 2527 348 2582 locutione
373 2528 497 2581 animum
516 2528 676 2598 comprimit
695 2529 781 2583 etiam
800 2527 1018 2602 Wopkeusium
1036 2530 1114 2582 infra
1132 2528 1167 2582 ad
1189 2529 1241 2586 lv,
1256 2532 1302 2585 28.
1316 2531 1356 2584 tt.

198 2598 235 2651 ad
252 2615 281 2656 v.
298 2605 476 2667 prementem.
515 2601 575 2653 Mr.
888 2633 891 2637 -

270 2686 295 2721 c.
316 2672 359 2724 23.
397 2670 527 2734 timidae,
547 2668 606 2737 qui
625 2667 711 2722 timul
727 2701 760 2712 -
780 2670 813 2722 ob
832 2685 906 2722 eam
924 2671 1050 2737 caueam]
1078 2673 1156 2736 „Vol
1205 2673 1357 2735 .timidus,

198 2737 285 2792 eimrd
304 2771 335 2781 -
355 2740 387 2792 ob
407 2756 536 2807 eamque
559 2740 705 2793 curteum.“
732 2738 829 2793 Deris.
856 2741 910 2792 Ed.
929 2744 955 2797 2.
984 2741 1032 2793 Ex
1057 2760 1122 2794 aun.
1147 2690 1205 2795 lid.
1225 2747 1252 2798 ³.
1280 2745 1358 2795 vides

198 2816 352 2879 utramque
377 2812 464 2864 unius
490 2811 571 2864 vocis
597 2812 783 2864 iniectionem
811 2809 876 2879 (qui
898 2819 927 2864 et
955 2811 996 2876 εἰ)
1022 2810 1084 2865 ideo
1111 2831 1128 2865 a
1151 2815 1276 2868 Davisio
1303 2832 1358 2867 esse

198 2881 316 2944 factam,
345 2882 414 2951 quia
441 2882 472 2933 in
501 2881 569 2934 Cod.
597 2881 665 3004 Req.
698 2889 726 2934 et
753 2879 827 2936 Pith.
851 2897 905 2950 pro
935 2897 1061 2948 eamque
1086 2892 1132 2936 est
1160 2900 1232 2937 eam.
1274 2886 1357 2937 Abest

197 2951 298 3006 eadem
317 2950 512 3028 coniungendi
528 2953 675 3020 particua
692 2971 708 3004 a
729 2950 797 3004 Cod.
817 2954 1020 3022 antiquissimo
1040 2952 1116 3006 Gud.
1134 2959 1167 3009 l:
1199 2957 1231 3008 in
1260 2965 1357 3008 nostra

198 3030 296 3076 eutem
315 3022 431 3075 Codicis
449 3022 519 3098 Reg.
540 3022 697 3076 collatione
724 3021 839 3074 nullum
859 3024 921 3076 eius
940 3024 1108 3077 omissionis
1127 3027 1293 3101 vestigium
1312 3044 1357 3095 ap·

196 3102 289 3163 paret,
308 3110 394 3163 quam
413 3101 510 3146 tamen
530 3100 639 3146 certam
657 3109 718 3146 esse
737 3110 772 3145 ex
791 3092 917 3147 lectione
936 3095 1005 3148 Cod.
1027 3093 1101 3148 Gud.
1118 3102 1141 3151 1.
1165 3101 1355 3151 manifestum

196 3163 326 3217 ridetur.
364 3165 426 3217 Nec
453 3181 523 3218 vero
550 3181 581 3216 en
606 3179 658 3216 nos
682 3165 829 3232 persuasio
848 3167 1006 3233 permovit,
1030 3174 1074 3230 ut,
1103 3184 1139 3219 ne
1169 3168 1286 3237 syllaba
1304 3187 1354 3219 um

196 3233 352 3288 adderetur
370 3235 525 3306 scriptioni
545 3234 666 3287 illorum
686 3233 819 3286 codicum
838 3252 874 3287 ex
894 3235 1076 3306 reliquorum
1096 3253 1256 3304 consensu,
1287 3240 1354 3290 inte-

195 3322 280 3380 grum
306 3307 395 3359 etiam
421 3322 522 3359 rocem
543 3304 692 3358 Ciceronis
720 3305 817 3357 verbis
836 3306 1026 3359 adiiciendum
1046 3324 1245 3375 censeremus.
1286 3311 1353 3362 loeo

196 3376 278 3429 vocis
302 3392 336 3428 ac
361 3384 405 3429 eet
431 3384 461 3428 ut
486 3377 518 3428 in
540 3391 598 3428 uuo
626 3372 695 3428 cod.
716 3374 767 3426 Ox.
805 3373 893 3429 Abest
917 3393 950 3430 ac
972 3378 1005 3430 ab
1030 3378 1102 3431 Edd.
1127 3380 1163 3432 A.
1191 3383 1266 3434 Veu.
1289 3387 1312 3436 l.
1330 3383 1350 3435 2.
1378 3426 1385 3448 ,

196 3447 268 3501 Med.
290 3452 316 3500 1.
340 3448 413 3499 Ven.
437 3455 528 3501 nostr.
567 3447 626 3500 ΜΓ.

222 3515 228 3528 “
270 3517 409 3583 Timidus,
437 3517 465 3569 εἰ
483 3549 515 3560 -
535 3518 569 3569 ob
595 3531 656 3569 eam
681 3517 801 3582 eausam]
838 3517 942 3593 Vulgo,
970 3517 1088 3572 timidue
1114 3551 1147 3563 -
1177 3522 1211 3574 ob
1245 3538 1351 3592 eumque

195 3600 316 3640 musam.
353 3589 392 3640 At
409 3587 479 3662 fleg.
498 3595 527 3641 et
545 3587 694 3640 Pithoeau.
715 3586 873 3641 habentui
898 3604 958 3641 eam
978 3606 1104 3643 caueam:
1137 3593 1272 3646 secunda
1290 3610 1351 3646 vero

196 3673 254 3712 vox
271 3677 288 3711 a
306 3658 390 3711 nobis
410 3666 453 3712 est
471 3658 581 3723 additu
601 3675 655 3711 nec
672 3658 837 3729 difficulter
858 3657 991 3713 excidere
1010 3662 1117 3731 potuit,
1142 3679 1213 3715 eum
1236 3681 1351 3733 sequen·

195 3736 256 3783 utu
274 3730 429 3782 ordiantur
447 3729 561 3783 eaedem
581 3728 692 3782 literae.
731 3728 767 3780 D.

111 3867 115 3873 .
265 3800 380 3854 Abiecto
406 3800 501 3866 scuto]
539 3800 662 3871 „Neque
694 3801 773 3854 euim
804 3808 919 3855 retento
949 3811 1031 3855 scuto
1063 3807 1170 3888 fugere
1206 3814 1350 3874 poterant,

194 3884 289 3939 neque
313 3872 423 3925 abiecto
447 3888 586 3945 pugnare.
625 3871 726 3942 ltaque
746 3872 915 3942 ριψάσπιόας
936 3874 1046 3939 dixere,
1065 3893 1116 3944 qur
1137 3892 1154 3928 e
1172 3877 1295 3945 praelio
1311 3881 1350 3930 iu·

218 3941 338 3994 'esent.“
358 3943 550 3998 comer-ariae.
587 3942 623 3994 ln
643 3942 711 3995 Cod.
732 3945 822 4026 Marg.
847 3961 927 4012 apr.
947 3962 986 3998 m.
1007 3953 1051 3998 est
1068 3946 1203 4023 μυρίαις
1235 3948 1286 4002 sed
1301 3966 1350 4015 pe

194 3958 280 4068 iim
299 4012 435 4066 deletum.
460 4015 567 4067 Vocem
582 4029 696 4082 corpore
713 4015 825 4066 omittit
844 4032 917 4068 unus
937 4015 986 4067 01.
1007 4019 1072 4069 Mox
1087 4019 1120 4069 A.
1141 4019 1267 4083 venerit,
1286 4037 1350 4071 unus

195 4081 246 4136 ox.
272 4086 360 4137 euenit
382 4101 437 4153 pro
461 4084 592 4141 evenerit.
621 4114 654 4125 -
700 4082 779 4149 Quod
802 4083 833 4136 h.
858 4085 880 4137 l.
907 4086 1017 4139 dicitur
1041 4087 1181 4142 abiiciunt
1212 4105 1246 4142 ee
1273 4091 1350 4142 aliam

231 4152 294 4206 ullo
312 4152 399 4207 babet
418 4156 601 4218 sententiam,
622 4171 708 4225 quam
728 4155 865 4211 Paradox.
886 4157 909 4212 l.
928 4159 961 4212 3:
989 4157 1033 4209 sic
1050 4165 1085 4210 te
1102 4159 1166 4227 ipse
1196 4161 1350 4216 adiiciet

224 4241 277 4294 que
291 4233 522 4294 prosternet,
540 4234 568 4278 ut
586 4225 658 4280 atttt
674 4228 747 4280 iuter
765 4233 791 4279 te
809 4233 891 4295 atque
909 4228 1110 4297 quadrupedem
1129 4231 1262 4297 aliquam
1279 4239 1351 4301 putee

192 4295 349 4350 interesset
368 4296 453 4349 aliam
473 4298 569 4362 etiam,
589 4314 674 4368 quem
692 4296 780 4350 habet
798 4297 872 4362 loco,
893 4296 964 4350 huic
983 4300 1079 4368 primo
1097 4301 1245 4371 adspectu
1264 4303 1351 4356 simil-

192 4365 275 4433 limo,
300 4366 348 4420 Or.
369 4365 454 4421 Catil.
475 4367 565 4423 11.1:
597 4372 668 4422 iacet
692 4368 743 4422 itte
767 4376 993 4436 prostratur,
1023 4398 1056 4408 -
1081 4378 1107 4424 et
1135 4388 1172 4424 ee
1195 4375 1351 4442 permirum

192 4443 275 4509 tttpttt
291 4439 426 4494 meeum
449 4451 511 4495 tm
527 4442 625 4495 emttu
650 4436 701 4497 ted
718 4439 760 4495 ita
776 4440 907 4508 punitur,
932 4447 965 4493 ut
982 4444 1105 4496 animum
1122 4443 1270 4499 adiectum
1286 4460 1352 4500 nou·
