2828 5070
206 315 271 383 m
405 310 639 377 CICERONIS
659 309 909 381 ruscunm.
930 309 1166 374 msrurar.

208 478 442 544 consuetudini
463 483 634 561 famaeque
655 477 801 540 dandum
821 481 878 550 sit,
907 477 944 539 id
965 484 1086 539 curent
1105 476 1193 538 vivi:
1228 473 1290 537 ssd
1311 476 1366 550 ita,

207 574 248 626 nt
267 564 465 649 intelligant,
494 563 579 622 nibil
601 561 636 623 id
656 561 701 621 ad
731 571 882 623 mortuos
904 563 1085 642 pertinere.
1127 555 1195 619 Sed
1216 559 1366 638 proiecto

171 693 176 705 .
207 666 299 707 mora
320 656 390 709 tum
412 648 611 726 aequissimo
631 647 744 704 animo
764 647 949 725 oppetitur,
981 663 1085 723 quum
1113 645 1185 702 suis
1206 659 1246 702 se
1267 639 1366 700 laudi

149 774 154 791 .
189 729 269 803 ‚nus
290 731 359 791 uita
380 728 536 789 occidens
556 728 725 787 consolari
747 736 867 809 potest.
909 726 1019 788 Nemo
1039 744 1159 807 parum
1187 721 1252 783 din
1272 725 1366 797 vixit,

206 911 341 975 ridearis,
372 913 466 982 ipsum
490 913 661 966 Ciceronem
685 913 813 965 mutilen.
857 912 1013 965 K'n'bnerus
1035 926 1151 979 quoque
1175 907 1304 961 offensus
1328 916 1367 960 est

206 999 276 1037 rone
294 981 367 1035 oiri:
401 1001 455 1057 ego
479 1001 551 1036 vero
569 1002 636 1035 cnm
654 985 702 1037 Or.
730 984 791 1036 tiri
807 985 920 1036 dictum
938 1000 998 1036 eme
1017 983 1151 1033 existimo
1167 997 1226 1049 per
1244 979 1368 1032 brevilo-

206 1055 367 1124 quentiam,
384 1071 454 1124 pro:
481 1071 541 1119 noe,
559 1056 608 1121 pti
627 1055 684 1107 rici
701 1072 806 1118 uine,
834 1056 948 1122 ideoque
966 1054 1073 1106 sentire
1090 1067 1250 1120 poem.
1288 1051 1369 1103 Cete-

207 1141 274 1178 rum
293 1125 340 1177 Cr.
361 1142 476 1195 quoque
495 1127 526 1176 in
544 1126 655 1179 Reiskii
682 1129 881 1180 coniecturam
905 1127 1099 1191 (emtum)
1125 1124 1244 1185 incidit,
1264 1123 1368 1174 collato

205 1192 229 1260 i.
250 1199 308 1250 10⁰.
335 1201 366 1247 nt
383 1195 456 1249 nibil
471 1213 676 1249 censeamur
694 1215 756 1251 me
773 1199 885 1261 naim,
911 1198 959 1249 ubi
978 1198 1031 1249 Ed.
1050 1197 1080 1247 P.
1098 1194 1187 1247 habet
1203 1193 1365 1246 sentimur.

206 1273 237 1320 et
255 1267 292 1318 ll.
311 1265 334 1330 i.
354 1269 388 1320 8:
407 1269 439 1320 id
456 1268 500 1320 ito
518 1268 679 1332 {menum
697 1285 758 1322 eeee
775 1270 923 1333 intime,
941 1268 990 1319 ubi
1009 1269 1081 1318 item
1098 1275 1176 1318 stare
1192 1273 1291 1334 posset
1309 1282 1368 1317 cen·

207 1349 306 1391 rentur.
343 1338 402 1390 Noe
428 1340 546 1408 quidem
571 1349 697 1408 utroque
723 1341 788 1392 loco
817 1350 975 1408 utrumqne
999 1338 1121 1389 terbum
1145 1337 1218 1407 poni
1242 1338 1367 1407 potuisse

206 1407 403 1460 concedimus:
422 1419 518 1462 nostro
537 1410 601 1462 loco
619 1426 780 1463 aneenm
796 1420 879 1463 recte
896 1411 967 1480 poni
985 1426 1066 1479 posse
1085 1425 1143 1460 non
1161 1409 1252 1460 item:
1282 1408 1368 1476 siqui·

207 1477 273 1531 dem
291 1495 361 1530 vera
377 1488 454 1543 sunt,
472 1498 545 1550 qnae
564 1481 599 1532 de
616 1483 770 1552 utriusque
788 1483 870 1534 verbi
882 1481 1094 1555 significatione
1105 1495 1268 1547 eorumque
1285 1478 1367 1530 diffe-

207 1550 304 1601 rentii
320 1551 467 1618 posuimus
493 1551 528 1602 ad
546 1551 607 1603 Cic.
634 1552 669 1604 de
696 1555 765 1622 nep.
784 1554 808 1604 1.
833 1555 877 1606 29.
897 1571 925 1620 p.
948 1554 997 1606 1²1
1016 1569 1058 1618 sq.
1079 1582 1113 1592 —
1150 1553 1217 1602 ilox
1237 1550 1321 1602 l'ind
1341 1554 1365 1603 t.

208 1619 250 1671 eit
268 1620 395 1673 dumne
428 1621 482 1673 Ed
501 1622 537 1673 H.
563 1622 686 1675 dmum
711 1630 780 1676 eet.
805 1624 903 1675 Duisb.
929 1629 969 1673 nt
994 1627 1100 1674 went.
1121 1621 1198 1673 Gnd.
1217 1624 1247 1676 2
1265 1621 1318 1674 aed
1332 1620 1368 1673 id

208 1697 269 1747 aut
293 1708 347 1761 pro
365 1691 416 1744 eed
438 1691 493 1745 ita
517 1699 564 1745 nt.
600 1695 661 1746 Mr.

279 1760 364 1815 Niriz
380 1762 410 1814 id
428 1764 468 1816 nd
484 1770 609 1816 mortuae
624 1763 783 1832 pertinere]
819 1765 915 1838 Vulgo
939 1762 1018 1816 deest
1041 1779 1100 1814 vox
1116 1762 1250 1828 munda,
1280 1779 1365 1831 qnam

208 1849 260 1899 not
277 1850 313 1916 εξ
331 1835 405 1958 Re55
421 1834 493 1887 bled.
514 1843 543 1887 et
560 1836 676 1888 Balliol.
695 1835 864 1898 addidimus,
893 1853 983 1905 eaque
1004 1834 1165 1886 sensentine
1185 1834 1300 1887 videtur
1315 1850 1365 1885 ne-

208 1919 337 1960 mum.
406 1942 414 1955 .

278 1973 353 2029 nihii
376 1976 417 2029 id
440 1977 479 2031 nd
495 1984 623 2030 emrtuos
645 1976 808 2046 pertinere]
845 1978 957 2029 liabent
974 1975 1008 2029 id
1025 1985 1084 2029 tres
1101 1977 1217 2031 01th
1257 1977 1364 2029 .Bern.

209 2045 283 2099 Cud
305 2051 329 2100 l.
349 2050 375 2102 2
404 2047 470 2111 (bic
497 2049 555 2100 alio
577 2065 678 2101 errore
696 2049 808 2101 omittit
832 2048 886 2109 nd)
912 2048 1009 2098 Duisb.
1034 2049 1109 2099 Gud.
1130 2045 1218 2100 llarb.
1266 2066 1316 2123 ug.
1335 2074 1365 2084 -

208 2119 264 2170 Pro
283 2117 427 2184 oppetitur
448 2117 554 2169 habent
580 2120 722 2186 appetitur
749 2136 798 2170 sex
817 2119 888 2171 Cxx.
913 2119 987 2170 Cud.
1014 2117 1111 2170 Duisb.
1138 2121 1214 2171 bion.
1233 2123 1262 2174 2
1296 2120 1365 2192 Aug.

209 2188 282 2241 Edd.
303 2191 331 2240 P.
349 2188 382 2239 Α.
401 2189 432 2239 B.
453 2188 482 2241 S.
502 2189 536 2239 E.
557 2190 592 2240 H.
624 2208 660 2242 ex
677 2189 837 2242 ttetskianis
862 2190 932 2239 l’en.
955 2196 978 2244 1.
998 2191 1024 2242 2.
1045 2191 1117 2242 Med.
1140 2194 1164 2244 l.
1183 2193 1211 2244 2.
1238 2190 1308 2243 Ald.
1334 2208 1366 2241 ex

209 2261 316 2315 nostris
335 2259 397 2311 Asc.
417 2265 443 2315 Ι.
463 2261 534 2313 Ven.
571 2262 607 2313 ln
624 2278 703 2330 seqq.
722 2276 753 2313 ee
776 2261 854 2312 deest
872 2261 904 2310 in
921 2259 1084 2313 Reisltiania
1101 2263 1173 2312 Ven.
1196 2267 1220 2317 l.
1240 2264 1268 2315 2
1297 2261 1366 2314 bled.

210 2337 236 2391 1.
256 2335 282 2386 2.
312 2332 466 2386 Orellianis
483 2333 513 2383 P.
533 2332 566 2383 n
586 2332 617 2384 B.
637 2332 666 2385 S.
687 2333 721 2383 E.
746 2332 852 2383 nostris
878 2333 948 2382 l'en.
976 2333 1040 2382 Asc.
1061 2336 1087 2385 1.
1127 2334 1182 2384 Pro
1208 2332 1275 2385 onie
1297 2350 1368 2384 unus

210 2404 262 2458 Ox.
281 2404 334 2456 nai.
355 2404 421 2456 cod.
442 2404 516 2477 Aug.
535 2404 586 2455 eed
603 2419 657 2473 pro
676 2418 715 2454 ee.
743 2404 849 2454 Nostra
867 2403 1044 2454 constructio
1063 2403 1177 2454 auctior
1194 2403 1274 2455 redit
1293 2405 1367 2456 circa

210 2475 299 2528 finem
325 2476 443 2545 capitis:
474 2475 537 2526 enit
562 2479 589 2526 et
610 2473 739 2542 propriis
765 2474 846 2526 bonit
862 2478 891 2524 et
909 2475 1004 2526 medie
1020 2479 1048 2525 et
1065 2474 1190 2541 gloriae.
1215 2474 1307 2527 Rehd.
1327 2477 1368 2526 in·

210 2563 294 2598 verso
312 2547 424 2610 ordine,
442 2545 603 2618 elegantius
621 2545 749 2597 scilicet:
778 2545 838 2596 etii
855 2543 914 2596 tito
932 2545 1065 2597 occidens
1080 2560 1112 2595 ee
1129 2544 1269 2597 audinus.
1307 2545 1367 2598 Pal-

210 2619 332 2674 mariam
362 2633 432 2667 vero
460 2617 688 2670 emendationem
711 2616 846 2685 procudit
872 2617 999 2685 scriptor
1024 2616 1137 2668 Codicis
1163 2615 1278 2669 Duisb.:
1315 2632 1367 2685 pto

211 2686 339 2738 occidens
358 2687 437 2737 enim
455 2688 537 2739 dedit
552 2688 729 2739 antecedens.
767 2687 812 2738 Ad
829 2704 912 2737 usum
928 2688 1009 2739 vocis
1026 2687 1089 2738 uie
1104 2685 1164 2738 vid.
1185 2687 1217 2739 0.
1236 2690 1274 2739 ll.
1295 2687 1368 2739 llliil·

211 2757 265 2809 ler.
286 2757 353 2808 Cur.
373 2756 435 2811 Sec.
456 2758 486 2808 in
506 2760 553 2811 Or.
572 2776 626 2829 pro
645 2759 717 2811 Sest.
737 2774 765 2826 p.
784 2760 828 2812 30.
865 2758 925 2809 Mr.

283 2827 371 2879 Nemo
387 2843 488 2894 porum
506 2829 556 2881 diu
576 2863 608 2872 -
628 2835 670 2881 eet
687 2827 820 2893 munere]
856 2829 983 2892 „Totum
1000 2829 1057 2881 boc
1074 2828 1173 2881 reiicit
1189 2826 1258 2880 Ant.
1271 2829 1368 2902 Augu-

212 2898 409 2966 stinus,.quod
426 2900 585 2951 arbitratur
601 2901 730 2969 primum
748 2901 781 2950 ab
800 2901 898 2968 inepto
916 2900 1014 2969 aliquo
1028 2899 1222 2953 Grammatico
1241 2901 1273 2950 in
1293 2917 1369 2950 mar-

211 2969 280 3053 gine
299 2967 379 3032 libri,
406 2971 441 3021 ad
463 2971 630 3044 signandam
648 2971 794 3023 Ciceronis
821 2973 1002 3033 sententiam,
1021 2989 1081 3024 esse
1097 2977 1235 3032 notatum,
1261 2969 1369 3022 deinde

211 3059 244 3091 m
268 3040 373 3093 seriem
399 3040 433 3092 ab
459 3042 596 3110 imperito
618 3042 738 3094 librario
764 3042 852 3094 fuisse
877 3042 1060 3111 receptum.“
1078 3038 1202 3096 Ursinus.
1240 3039 1368 3091 Uncinis

211 3108 282 3165 baec
301 3111 431 3175 inclusit,
466 3121 499 3164 nt
522 3113 629 3182 spuria,
658 3113 860 3166 Gothoiredus.
897 3113 1071 3166 Bouhierius
1088 3108 1283 3184 Angustinum
1307 3127 1369 3161 non

212 3191 273 3236 tam
291 3184 435 3236 sententia
453 3183 594 3236 offensum
619 3185 706 3236 fuisso
734 3184 925 3247 existimabat,
957 3185 1006 3237 sed
1030 3182 1183 3237 verborum
1199 3180 1281 3249 quasi
1299 3181 1369 3232 lusu

213 3252 245 3306 in
260 3256 404 3324 perfectae
421 3257 555 3322 perfecto,
574 3274 659 3324 quem
676 3255 731 3307 sibi
750 3273 864 3325 quoque
887 3256 1043 3325 displicere
1060 3256 1112 3320 ait,
1135 3252 1257 3321 ideoque
1275 3253 1368 3304 corri-

235 3327 258 3378 't
276 3327 391 3380 virtutis
406 3333 610 3394 perepectae
626 3329 751 3395 perfecto
769 3327 792 3391 f.
811 3344 834 3379 e.
853 3343 890 3378 m.
924 3327 1041 3390 Laudat,
1059 3326 1096 3379 ad
1113 3323 1368 3378 commendandum

235 3414 269 3449 oc
287 3406 482 3449 commentum
500 3416 602 3467 parum
620 3399 702 3462 felix,
721 3398 777 3466 Ep.
796 3398 878 3449 Brut.
897 3397 933 3450 ad
950 3399 1010 3451 Cic.
1032 3401 1082 3453 16:
1111 3394 1210 3449 dirior
1237 3401 1279 3447 eet
1304 3411 1368 3447 con·

213 3467 288 3521 ditio
306 3473 446 3536 spectatae
465 3467 594 3533 virtutis,
620 3485 703 3538 qnam
720 3468 889 3537 incognitae.
909 3468 944 3521 ‹le
963 3467 1017 3522 Off.
1037 3469 1060 3520 1.
1080 3469 1113 3522 42
1139 3467 1202 3519 cita
1225 3469 1369 3534 perspecto

213 3537 247 3590 in
265 3539 346 3590 rebue
364 3535 496 3589 boneetie.
534 3539 590 3592 Sed
609 3540 822 3614 elegantissima
847 3548 876 3592 et
900 3540 949 3591 vel
975 3540 1101 3591 maxime
1120 3538 1310 3592 Ciceroniana
1326 3546 1368 3589 est

212 3606 284 3661 baec
303 3608 430 3660 eiusdem
456 3609 607 3679 participii
629 3610 748 3663 variatis
771 3612 880 3662 casibus
904 3612 1049 3679 repetitio,
1077 3626 1135 3662 non
1152 3610 1260 3673 minus,
1285 3625 1368 3678 quam

213 3679 290 3749 quod
307 3687 367 3730 tam
385 3696 468 3749 saepe
485 3681 514 3732 le
538 3681 609 3732 'mus
637 3700 665 3732 v.
685 3699 709 3733 c.
738 3698 830 3735 omnes
853 3682 975 3734 omnium
997 3680 1129 3734 ordinum
1146 3677 1288 3733 bomine:
1321 3680 1367 3732 Or.

137 3759 143 3767 '
235 3766 268 3803 ro
286 3749 317 3803 C.
338 3749 455 3804 Rabirio
474 3754 499 3817 7,
554 3793 561 3804 .
591 3753 659 3804 coll.
687 3752 841 3823 Philippic.
871 3755 908 3806 11.
927 3756 971 3808 30.
991 3756 1034 3807 76.
1063 3753 1098 3804 de
1116 3752 1182 3803 niv.
1202 3753 1242 3804 11.
1261 3753 1306 3805 et.
1325 3752 1367 3804 9⁴2.

212 3768 333 3876 decedit
352 3821 437 3892 quod,
462 3831 496 3874 nt
518 3831 598 3876 recte
616 3824 820 3877 animadvertit
839 3825 951 3889 Nissen,
974 3830 1139 3893 perspectae
1157 3821 1277 3876 nonita
1296 3820 1369 3872 nude

210 3903 381 3964 poneretur,
404 3894 466 3948 sine
484 3895 629 3948 adiuncto.
664 3895 726 3948 Mr.

283 3963 369 4018 Nemo
385 3982 488 4034 porum
506 3966 555 4020 diu
575 3994 607 4004 —
624 3968 739 4034 fundus
757 3973 799 4018 eet
816 3963 945 4031 munere]
980 3965 1141 4040 Egregium
1163 3965 1239 4017 hanc
1258 3972 1371 4017 senten-

212 4033 285 4085 tiam
309 4045 400 4088 totam
423 4040 523 4090 reiicit
548 4037 615 4090 Ant.
639 4038 827 4113 Augustinus,
856 4046 886 4090 et
912 4038 946 4088 ab
969 4037 1068 4107 inepto
1088 4036 1287 4090 Grammatico
1306 4051 1372 4105 pm-

216 4104 322 4156 fectam
348 4107 456 4159 statuit.
505 4108 562 4161 Sed
588 4109 653 4176 hoc,
689 4109 785 4179 siquid
815 4108 902 4173 aliud,
929 4106 1119 4178 ὖπερκριτικὸν
1146 4116 1198 4160 est.
1240 4107 1372 4159 Eandem

215 4171 327 4228 trram
352 4184 484 4230 auctores
509 4180 622 4249 saepius
651 4180 794 4234 adhibent.
839 4179 1002 4231 Antoninus
1031 4179 1081 4231 lib.
1107 4178 1160 4232 lll-
1187 4179 1210 4244 5.
1235 4180 1263 4231 8.
1301 4173 1372 4228 Οὐδὲ

214 4243 348 4310 daumii
367 4248 417 4299 τὸν
433 4253 495 4313 βίον
513 4248 597 4304 αὐτοῦ
617 4250 628 4315 (
662 4256 680 4305 tl
698 4250 952 4318 exinaniverint
964 4248 1212 4317 ἐκκεκαθαρμένου)
1231 4247 1248 4311 ἡ
1260 4265 1372 4316 neupor-

212 4320 284 4386 μένῃ
301 4321 510 4387 καταλαμβάνει.
546 4318 633 4376 Vide'
662 4323 793 4376 hilonem
817 4321 852 4375 de
870 4324 979 4377 Praem.
1056 4323 1145 4376 .⁷18.
1181 4318 1373 4372 Plutarchum

213 4387 296 4445 eous.
317 4389 353 4443 ad
369 4387 466 4460 Apoll.
486 4411 550 4519 pap.
570 4392 640 4447 CXI.
659 4394 694 4447 A.
714 4403 745 4448 et
763 4392 902 4446 Senecam
917 4393 993 4462 Epp.
1012 4395 1030 4447 4
1049 4430 1058 4456 ,
1078 4395 1121 4455 7⁰,
1141 4394 1185 4454 77,
1205 4391 1249 4444 93.
1289 4388 1328 4442 D.

250 4516 255 4525 ,
283 4458 372 4537 nne
393 4475 498 4540 nas
549 4463 584 4537 u.
599 4461 768 4549 mee]
813 4461 894 4538 uun
921 4462 1055 4535 emur
1076 4459 1126 4530 ss·
1148 4460 1226 4531 unt
1253 4458 1289 4512 u»
1313 4453 1373 4512 ...0
