<?xml version="1.0" encoding="UTF-8"?>
<!DOCTYPE html PUBLIC "-//W3C//DTD XHTML 1.0 Transitional//EN"
    "http://www.w3.org/TR/xhtml1/DTD/xhtml1-transitional.dtd">
<html xmlns="http://www.w3.org/1999/xhtml" xml:lang="en" lang="en">
 <head>
  <title>
</title>
<meta http-equiv="Content-Type" content="text/html;charset=utf-8" />
  <meta name='ocr-system' content='tesseract 3.04.00' />
  <meta name='ocr-capabilities' content='ocr_page ocr_carea ocr_par ocr_line ocrx_word'/>
</head>
<body>
  <div class='ocr_page' id='page_1' title='image "./mtulliiciceroni01davigoog_0032.png"; bbox 0 0 2828 5070; ppageno 0'>
   <div class='ocr_carea' id='block_1_1' title="bbox 332 301 1230 376">
    <p class='ocr_par' dir='ltr' id='par_1_1' title="bbox 332 301 1230 376">
     <span class='ocr_line' id='line_1_1' title="bbox 332 301 1230 376; baseline -0.008 -1"><span class='ocrx_word' id='word_1_1' title='bbox 332 319 334 323; x_wconf 79' lang='grc'>’</span> <span class='ocrx_word' id='word_1_2' title='bbox 419 304 677 376; x_wconf 68' lang='lat' dir='ltr'><strong>serimus</strong></span> <span class='ocrx_word' id='word_1_3' title='bbox 698 301 873 376; x_wconf 73' lang='lat' dir='ltr'><strong>cantol.</strong></span> <span class='ocrx_word' id='word_1_4' title='bbox 1126 304 1230 371; x_wconf 75' lang='lat' dir='ltr'><strong>xxvu</strong></span> 
     </span>
    </p>
   </div>
   <div class='ocr_carea' id='block_1_2' title="bbox 57 550 1238 2410">
    <p class='ocr_par' dir='ltr' id='par_1_2' title="bbox 57 550 1228 982">
     <span class='ocr_line' id='line_1_2' title="bbox 132 550 1227 627; baseline 0.001 -18"><span class='ocrx_word' id='word_1_5' title='bbox 132 554 322 609; x_wconf 67' lang='lat' dir='ltr'><strong>mamantis</strong></span> <span class='ocrx_word' id='word_1_6' title='bbox 341 555 411 622; x_wconf 89' lang='lat' dir='ltr'><strong>iam,</strong></span> <span class='ocrx_word' id='word_1_7' title='bbox 440 571 512 627; x_wconf 85' lang='lat' dir='ltr'><strong>quae</strong></span> <span class='ocrx_word' id='word_1_8' title='bbox 531 553 611 609; x_wconf 91' lang='lat' dir='ltr'><strong>nobis</strong></span> <span class='ocrx_word' id='word_1_9' title='bbox 638 555 673 608; x_wconf 92' lang='lat' dir='ltr'><strong>ad</strong></span> <span class='ocrx_word' id='word_1_10' title='bbox 691 570 809 607; x_wconf 88' lang='lat' dir='ltr'><strong>manum</strong></span> <span class='ocrx_word' id='word_1_11' title='bbox 827 556 957 624; x_wconf 79' lang='lat' dir='ltr'><strong>fuerunt,</strong></span> <span class='ocrx_word' id='word_1_12' title='bbox 981 555 1117 611; x_wconf 76' lang='lat' dir='ltr'><strong>editionis</strong></span> <span class='ocrx_word' id='word_1_13' title='bbox 1140 550 1227 610; x_wconf 83' lang='lat' dir='ltr'><strong>huius</strong></span> 
     </span>
     <span class='ocr_line' id='line_1_3' title="bbox 60 626 1226 698; baseline 0.002 -18"><span class='ocrx_word' id='word_1_14' title='bbox 60 627 242 680; x_wconf 74' lang='lat' dir='ltr'><strong>adorandae</strong></span> <span class='ocrx_word' id='word_1_15' title='bbox 261 627 438 681; x_wconf 87' lang='lat' dir='ltr'><strong>adiumentis</strong></span> <span class='ocrx_word' id='word_1_16' title='bbox 456 636 555 692; x_wconf 85' lang='lat' dir='ltr'><strong>restat,</strong></span> <span class='ocrx_word' id='word_1_17' title='bbox 582 635 616 680; x_wconf 91' lang='lat' dir='ltr'><strong>ut</strong></span> <span class='ocrx_word' id='word_1_18' title='bbox 633 626 668 680; x_wconf 90' lang='lat' dir='ltr'><strong>de</strong></span> <span class='ocrx_word' id='word_1_19' title='bbox 687 626 835 690; x_wconf 80' lang='lat' dir='ltr'><strong>codicum,</strong></span> <span class='ocrx_word' id='word_1_20' title='bbox 863 628 887 678; x_wconf 91' lang='lat' dir='ltr'><strong>si</strong></span> <span class='ocrx_word' id='word_1_21' title='bbox 905 645 977 698; x_wconf 86' lang='lat' dir='ltr'><strong>quae</strong></span> <span class='ocrx_word' id='word_1_22' title='bbox 995 636 1070 694; x_wconf 89' lang='lat' dir='ltr'><strong>sunt,</strong></span> <span class='ocrx_word' id='word_1_23' title='bbox 1095 628 1226 696; x_wconf 76' lang='lat' dir='ltr'><strong>familiis,</strong></span> 
     </span>
     <span class='ocr_line' id='line_1_4' title="bbox 58 698 1228 771; baseline 0.003 -19"><span class='ocrx_word' id='word_1_24' title='bbox 58 706 144 753; x_wconf 86' lang='lat' dir='ltr'><strong>certe</strong></span> <span class='ocrx_word' id='word_1_25' title='bbox 162 699 196 752; x_wconf 88' lang='lat' dir='ltr'><strong>de</strong></span> <span class='ocrx_word' id='word_1_26' title='bbox 222 715 324 752; x_wconf 86' lang='lat' dir='ltr'><strong>eorum</strong></span> <span class='ocrx_word' id='word_1_27' title='bbox 347 700 397 753; x_wconf 79' lang='lat' dir='ltr'><strong>rel</strong></span> <span class='ocrx_word' id='word_1_28' title='bbox 422 699 616 753; x_wconf 87' lang='lat' dir='ltr'><strong>similitudine</strong></span> <span class='ocrx_word' id='word_1_29' title='bbox 633 698 683 752; x_wconf 83' lang='lat' dir='ltr'><strong>vel</strong></span> <span class='ocrx_word' id='word_1_30' title='bbox 701 698 939 753; x_wconf 76' lang='lat' dir='ltr'><strong>dissimilitudine</strong></span> <span class='ocrx_word' id='word_1_31' title='bbox 965 699 1127 771; x_wconf 77' lang='lat' dir='ltr'><strong>loquamur.</strong></span> <span class='ocrx_word' id='word_1_32' title='bbox 1165 702 1228 755; x_wconf 82' lang='lat' dir='ltr'><strong>Nec</strong></span> 
     </span>
     <span class='ocr_line' id='line_1_5' title="bbox 57 769 1226 841; baseline 0.003 -19"><span class='ocrx_word' id='word_1_33' title='bbox 57 786 134 823; x_wconf 76' lang='lat' dir='ltr'><strong>vero</strong></span> <span class='ocrx_word' id='word_1_34' title='bbox 153 770 246 823; x_wconf 88' lang='lat' dir='ltr'><strong>multa</strong></span> <span class='ocrx_word' id='word_1_35' title='bbox 266 779 296 823; x_wconf 89' lang='lat' dir='ltr'><strong>et</strong></span> <span class='ocrx_word' id='word_1_36' title='bbox 314 769 465 841; x_wconf 83' lang='lat' dir='ltr'><strong>splendida</strong></span> <span class='ocrx_word' id='word_1_37' title='bbox 482 778 557 834; x_wconf 88' lang='lat' dir='ltr'><strong>sunt,</strong></span> <span class='ocrx_word' id='word_1_38' title='bbox 577 787 650 840; x_wconf 85' lang='lat' dir='ltr'><strong>quae</strong></span> <span class='ocrx_word' id='word_1_39' title='bbox 668 769 820 823; x_wconf 82' lang='lat' dir='ltr'><strong>observare</strong></span> <span class='ocrx_word' id='word_1_40' title='bbox 837 769 934 837; x_wconf 89' lang='lat' dir='ltr'><strong>licuit,</strong></span> <span class='ocrx_word' id='word_1_41' title='bbox 954 788 1007 824; x_wconf 89' lang='lat' dir='ltr'><strong>nec</strong></span> <span class='ocrx_word' id='word_1_42' title='bbox 1026 789 1058 825; x_wconf 89' lang='lat' dir='ltr'><strong>ea</strong></span> <span class='ocrx_word' id='word_1_43' title='bbox 1075 772 1226 837; x_wconf 85' lang='lat' dir='ltr'><strong>eiusmodi,</strong></span> 
     </span>
     <span class='ocr_line' id='line_1_6' title="bbox 61 840 1227 916; baseline 0.004 -23"><span class='ocrx_word' id='word_1_44' title='bbox 61 851 96 894; x_wconf 89' lang='lat' dir='ltr'><strong>ut</strong></span> <span class='ocrx_word' id='word_1_45' title='bbox 116 842 244 894; x_wconf 79' lang='lat' dir='ltr'><strong>inventis</strong></span> <span class='ocrx_word' id='word_1_46' title='bbox 263 857 401 916; x_wconf 78' lang='lat' dir='ltr'><strong>magnum</strong></span> <span class='ocrx_word' id='word_1_47' title='bbox 419 841 490 912; x_wconf 88' lang='lat' dir='ltr'><strong>quid</strong></span> <span class='ocrx_word' id='word_1_48' title='bbox 507 840 692 894; x_wconf 88' lang='lat' dir='ltr'><strong>tribuendum</strong></span> <span class='ocrx_word' id='word_1_49' title='bbox 722 858 780 894; x_wconf 86' lang='lat' dir='ltr'><strong>esso</strong></span> <span class='ocrx_word' id='word_1_50' title='bbox 806 841 947 895; x_wconf 83' lang='lat' dir='ltr'><strong>rideatur.</strong></span> <span class='ocrx_word' id='word_1_51' title='bbox 985 842 1060 908; x_wconf 89' lang='lat' dir='ltr'><strong>Quae</strong></span> <span class='ocrx_word' id='word_1_52' title='bbox 1077 859 1148 898; x_wconf 79' lang='lat' dir='ltr'><strong>vero</strong></span> <span class='ocrx_word' id='word_1_53' title='bbox 1165 844 1227 897; x_wconf 88' lang='lat' dir='ltr'><strong>ani·</strong></span> 
     </span>
     <span class='ocr_line' id='line_1_7' title="bbox 61 909 1104 982; baseline 0 -17"><span class='ocrx_word' id='word_1_54' title='bbox 61 913 257 965; x_wconf 80' lang='lat' dir='ltr'><strong>madvertisse</strong></span> <span class='ocrx_word' id='word_1_55' title='bbox 275 913 306 963; x_wconf 91' lang='lat' dir='ltr'><strong>in</strong></span> <span class='ocrx_word' id='word_1_56' title='bbox 325 912 355 965; x_wconf 91' lang='lat' dir='ltr'><strong>lo</strong></span> <span class='ocrx_word' id='word_1_57' title='bbox 399 913 406 927; x_wconf 89' lang='lat'>&#39;</span> <span class='ocrx_word' id='word_1_58' title='bbox 426 912 530 966; x_wconf 86' lang='lat' dir='ltr'><strong>laboris</strong></span> <span class='ocrx_word' id='word_1_59' title='bbox 548 926 635 982; x_wconf 86' lang='lat' dir='ltr'><strong>opere</strong></span> <span class='ocrx_word' id='word_1_60' title='bbox 653 909 728 963; x_wconf 86' lang='lat' dir='ltr'><strong>mibi</strong></span> <span class='ocrx_word' id='word_1_61' title='bbox 746 911 825 964; x_wconf 81' lang='lat' dir='ltr'><strong>visus</strong></span> <span class='ocrx_word' id='word_1_62' title='bbox 843 931 916 978; x_wconf 91' lang='lat' dir='ltr'><strong>sum,</strong></span> <span class='ocrx_word' id='word_1_63' title='bbox 934 913 1007 966; x_wconf 84' lang='lat' dir='ltr'><strong>haec</strong></span> <span class='ocrx_word' id='word_1_64' title='bbox 1024 912 1104 966; x_wconf 89' lang='lat' dir='ltr'><strong>habe.</strong></span> 
     </span>
    </p>

    <p class='ocr_par' dir='ltr' id='par_1_3' title="bbox 61 982 1238 2410">
     <span class='ocr_line' id='line_1_8' title="bbox 134 982 1227 1068; baseline 0 -32"><span class='ocrx_word' id='word_1_65' title='bbox 134 983 243 1036; x_wconf 89' lang='lat' dir='ltr'><strong>Nullus</strong></span> <span class='ocrx_word' id='word_1_66' title='bbox 269 982 366 1037; x_wconf 80' lang='lat' dir='ltr'><strong>Codex</strong></span> <span class='ocrx_word' id='word_1_67' title='bbox 417 983 446 1037; x_wconf 83' lang='lat' dir='ltr'><strong>S.</strong></span> <span class='ocrx_word' id='word_1_68' title='bbox 474 982 613 1038; x_wconf 85' lang='lat' dir='ltr'><strong>eiusmodi</strong></span> <span class='ocrx_word' id='word_1_69' title='bbox 641 990 693 1049; x_wconf 87' lang='lat' dir='ltr'><strong>est,</strong></span> <span class='ocrx_word' id='word_1_70' title='bbox 723 992 758 1035; x_wconf 88' lang='lat' dir='ltr'><strong>ut</strong></span> <span class='ocrx_word' id='word_1_71' title='bbox 784 984 923 1049; x_wconf 89' lang='lat' dir='ltr'><strong>omnibus,</strong></span> <span class='ocrx_word' id='word_1_72' title='bbox 950 1001 1023 1054; x_wconf 86' lang='lat' dir='ltr'><strong>quae</strong></span> <span class='ocrx_word' id='word_1_73' title='bbox 1049 984 1161 1068; x_wconf 77' lang='lat' dir='ltr'><strong>pridem</strong></span> <span class='ocrx_word' id='word_1_74' title='bbox 1178 985 1227 1039; x_wconf 82' lang='lat' dir='ltr'><strong>rel</strong></span> 
     </span>
     <span class='ocr_line' id='line_1_9' title="bbox 61 1055 1229 1199; baseline 0.003 -22"><span class='ocrx_word' id='word_1_75' title='bbox 61 1055 1229 1199; x_wconf 45' lang='lat' dir='ltr'><strong>ffixttdtl⁶”⁵⁹‘.is¹10tzt⁰i:s.lt¹&amp;immittitis</strong></span> 
     </span>
     <span class='ocr_line' id='line_1_10' title="bbox 61 1197 1229 1268; baseline 0.002 -18"><span class='ocrx_word' id='word_1_76' title='bbox 61 1214 124 1250; x_wconf 86' lang='lat' dir='ltr'><strong>cos:</strong></span> <span class='ocrx_word' id='word_1_77' title='bbox 144 1215 201 1250; x_wconf 89' lang='lat' dir='ltr'><strong>nec</strong></span> <span class='ocrx_word' id='word_1_78' title='bbox 219 1197 323 1250; x_wconf 87' lang='lat' dir='ltr'><strong>desunt</strong></span> <span class='ocrx_word' id='word_1_79' title='bbox 353 1198 409 1263; x_wconf 91' lang='lat' dir='ltr'><strong>oci,</strong></span> <span class='ocrx_word' id='word_1_80' title='bbox 437 1197 539 1268; x_wconf 74' lang='lat' dir='ltr'><strong>qrribm</strong></span> <span class='ocrx_word' id='word_1_81' title='bbox 557 1197 675 1252; x_wconf 84' lang='lat' dir='ltr'><strong>Codices</strong></span> <span class='ocrx_word' id='word_1_82' title='bbox 698 1198 886 1250; x_wconf 80' lang='lat' dir='ltr'><strong>vetustissimi</strong></span> <span class='ocrx_word' id='word_1_83' title='bbox 910 1198 1069 1251; x_wconf 87' lang='lat' dir='ltr'><strong>certissima</strong></span> <span class='ocrx_word' id='word_1_84' title='bbox 1098 1199 1229 1253; x_wconf 89' lang='lat' dir='ltr'><strong>emenda-</strong></span> 
     </span>
     <span class='ocr_line' id='line_1_11' title="bbox 62 1268 1226 1344; baseline 0.001 -24"><span class='ocrx_word' id='word_1_85' title='bbox 62 1269 145 1321; x_wconf 87' lang='lat' dir='ltr'><strong>tione</strong></span> <span class='ocrx_word' id='word_1_86' title='bbox 164 1285 202 1322; x_wconf 85' lang='lat' dir='ltr'><strong>ex</strong></span> <span class='ocrx_word' id='word_1_87' title='bbox 220 1268 432 1322; x_wconf 88' lang='lat' dir='ltr'><strong>recentioribus</strong></span> <span class='ocrx_word' id='word_1_88' title='bbox 450 1269 562 1344; x_wconf 86' lang='lat' dir='ltr'><strong>corrigi</strong></span> <span class='ocrx_word' id='word_1_89' title='bbox 581 1284 638 1322; x_wconf 91' lang='lat' dir='ltr'><strong>non</strong></span> <span class='ocrx_word' id='word_1_90' title='bbox 656 1268 766 1338; x_wconf 78' lang='lat' dir='ltr'><strong>possint</strong></span> <span class='ocrx_word' id='word_1_91' title='bbox 783 1269 886 1334; x_wconf 90' lang='lat' dir='ltr'><strong>solum,</strong></span> <span class='ocrx_word' id='word_1_92' title='bbox 910 1271 959 1323; x_wconf 86' lang='lat' dir='ltr'><strong>sed</strong></span> <span class='ocrx_word' id='word_1_93' title='bbox 983 1271 1070 1322; x_wconf 90' lang='lat' dir='ltr'><strong>etiam</strong></span> <span class='ocrx_word' id='word_1_94' title='bbox 1098 1271 1226 1324; x_wconf 90' lang='lat' dir='ltr'><strong>debeant.</strong></span> 
     </span>
     <span class='ocr_line' id='line_1_12' title="bbox 63 1339 1229 1411; baseline 0.003 -19"><span class='ocrx_word' id='word_1_95' title='bbox 63 1340 118 1392; x_wconf 78' lang='lat' dir='ltr'><strong>Est</strong></span> <span class='ocrx_word' id='word_1_96' title='bbox 134 1348 238 1393; x_wconf 69' lang='lat' dir='ltr'><strong>umen</strong></span> <span class='ocrx_word' id='word_1_97' title='bbox 255 1341 333 1410; x_wconf 82' lang='lat' dir='ltr'><strong>quod</strong></span> <span class='ocrx_word' id='word_1_98' title='bbox 349 1341 502 1405; x_wconf 77' lang='lat' dir='ltr'><strong>laetemur,</strong></span> <span class='ocrx_word' id='word_1_99' title='bbox 525 1357 602 1392; x_wconf 89' lang='lat' dir='ltr'><strong>nunc</strong></span> <span class='ocrx_word' id='word_1_100' title='bbox 628 1339 745 1392; x_wconf 87' lang='lat' dir='ltr'><strong>tandem</strong></span> <span class='ocrx_word' id='word_1_101' title='bbox 763 1341 923 1393; x_wconf 72' lang='lat' dir='ltr'><strong>accuratius</strong></span> <span class='ocrx_word' id='word_1_102' title='bbox 951 1358 1037 1411; x_wconf 88' lang='lat' dir='ltr'><strong>quam</strong></span> <span class='ocrx_word' id='word_1_103' title='bbox 1055 1341 1137 1411; x_wconf 91' lang='lat' dir='ltr'><strong>prius</strong></span> <span class='ocrx_word' id='word_1_104' title='bbox 1163 1343 1229 1408; x_wconf 89' lang='lat' dir='ltr'><strong>(nec</strong></span> 
     </span>
     <span class='ocr_line' id='line_1_13' title="bbox 64 1410 1228 1483; baseline 0.002 -20"><span class='ocrx_word' id='word_1_105' title='bbox 64 1419 163 1464; x_wconf 80' lang='lat' dir='ltr'><strong>tamen</strong></span> <span class='ocrx_word' id='word_1_106' title='bbox 185 1412 256 1464; x_wconf 91' lang='lat' dir='ltr'><strong>satis</strong></span> <span class='ocrx_word' id='word_1_107' title='bbox 281 1410 425 1476; x_wconf 87' lang='lat' dir='ltr'><strong>accurate)</strong></span> <span class='ocrx_word' id='word_1_108' title='bbox 448 1427 598 1465; x_wconf 87' lang='lat' dir='ltr'><strong>excussum</strong></span> <span class='ocrx_word' id='word_1_109' title='bbox 624 1411 742 1464; x_wconf 83' lang='lat' dir='ltr'><strong>osselle</strong></span> <span class='ocrx_word' id='word_1_110' title='bbox 765 1411 824 1463; x_wconf 87' lang='lat' dir='ltr'><strong>&#39;um</strong></span> <span class='ocrx_word' id='word_1_111' title='bbox 851 1411 1101 1482; x_wconf 79' lang='lat' dir='ltr'><strong>antiquissimum:</strong></span> <span class='ocrx_word' id='word_1_112' title='bbox 1129 1430 1228 1483; x_wconf 71' lang='lat' dir='ltr'><strong>quam</strong></span> 
     </span>
     <span class='ocr_line' id='line_1_14' title="bbox 67 1481 1226 1554; baseline 0.001 -20"><span class='ocrx_word' id='word_1_113' title='bbox 67 1500 162 1551; x_wconf 79' lang='lat' dir='ltr'><strong>quarn,</strong></span> <span class='ocrx_word' id='word_1_114' title='bbox 192 1483 219 1534; x_wconf 89' lang='lat' dir='ltr'><strong>si</strong></span> <span class='ocrx_word' id='word_1_115' title='bbox 238 1483 313 1535; x_wconf 88' lang='lat' dir='ltr'><strong>mihi</strong></span> <span class='ocrx_word' id='word_1_116' title='bbox 340 1499 373 1536; x_wconf 92' lang='lat' dir='ltr'><strong>eo</strong></span> <span class='ocrx_word' id='word_1_117' title='bbox 392 1483 453 1554; x_wconf 85' lang='lat' dir='ltr'><strong>ipso</strong></span> <span class='ocrx_word' id='word_1_118' title='bbox 475 1483 521 1535; x_wconf 91' lang='lat' dir='ltr'><strong>uti</strong></span> <span class='ocrx_word' id='word_1_119' title='bbox 545 1481 686 1544; x_wconf 72' lang='lat' dir='ltr'><strong>licuisset,</strong></span> <span class='ocrx_word' id='word_1_120' title='bbox 709 1498 745 1535; x_wconf 81' lang='lat' dir='ltr'><strong>ve</strong></span> <span class='ocrx_word' id='word_1_121' title='bbox 778 1482 887 1535; x_wconf 89' lang='lat' dir='ltr'><strong>Orellio</strong></span> <span class='ocrx_word' id='word_1_122' title='bbox 906 1492 1014 1549; x_wconf 89' lang='lat' dir='ltr'><strong>nostro,</strong></span> <span class='ocrx_word' id='word_1_123' title='bbox 1042 1492 1138 1537; x_wconf 87' lang='lat' dir='ltr'><strong>certus</strong></span> <span class='ocrx_word' id='word_1_124' title='bbox 1153 1502 1226 1552; x_wconf 88' lang='lat' dir='ltr'><strong>sum,</strong></span> 
     </span>
     <span class='ocr_line' id='line_1_15' title="bbox 66 1551 1228 1622; baseline 0.002 -16"><span class='ocrx_word' id='word_1_125' title='bbox 66 1553 129 1622; x_wconf 82' lang='lat' dir='ltr'><strong>plus</strong></span> <span class='ocrx_word' id='word_1_126' title='bbox 148 1554 291 1606; x_wconf 73' lang='lat' dir='ltr'><strong>utilitatis</strong></span> <span class='ocrx_word' id='word_1_127' title='bbox 310 1563 339 1607; x_wconf 85' lang='lat' dir='ltr'><strong>et</strong></span> <span class='ocrx_word' id='word_1_128' title='bbox 357 1553 499 1607; x_wconf 88' lang='lat' dir='ltr'><strong>commodi</strong></span> <span class='ocrx_word' id='word_1_129' title='bbox 524 1553 591 1606; x_wconf 87' lang='lat' dir='ltr'><strong>inde</strong></span> <span class='ocrx_word' id='word_1_130' title='bbox 617 1553 652 1605; x_wconf 90' lang='lat' dir='ltr'><strong>ad</strong></span> <span class='ocrx_word' id='word_1_131' title='bbox 669 1551 758 1606; x_wconf 89' lang='lat' dir='ltr'><strong>libros</strong></span> <span class='ocrx_word' id='word_1_132' title='bbox 776 1562 887 1607; x_wconf 89' lang='lat' dir='ltr'><strong>nostros</strong></span> <span class='ocrx_word' id='word_1_133' title='bbox 912 1554 1100 1608; x_wconf 84' lang='lat' dir='ltr'><strong>emendandos</strong></span> <span class='ocrx_word' id='word_1_134' title='bbox 1123 1555 1228 1608; x_wconf 88' lang='lat' dir='ltr'><strong>redun-</strong></span> 
     </span>
     <span class='ocr_line' id='line_1_16' title="bbox 64 1624 1226 1680; baseline 0.003 -4"><span class='ocrx_word' id='word_1_135' title='bbox 64 1624 203 1676; x_wconf 78' lang='lat' dir='ltr'><strong>daturum</strong></span> <span class='ocrx_word' id='word_1_136' title='bbox 221 1626 321 1678; x_wconf 82' lang='lat' dir='ltr'><strong>fuisse.</strong></span> <span class='ocrx_word' id='word_1_137' title='bbox 357 1624 491 1679; x_wconf 74' lang='lat' dir='ltr'><strong>sarcitur</strong></span> <span class='ocrx_word' id='word_1_138' title='bbox 511 1632 609 1678; x_wconf 85' lang='lat' dir='ltr'><strong>tamen</strong></span> <span class='ocrx_word' id='word_1_139' title='bbox 632 1625 693 1677; x_wconf 89' lang='lat' dir='ltr'><strong>eius</strong></span> <span class='ocrx_word' id='word_1_140' title='bbox 711 1624 735 1676; x_wconf 93' lang='lat' dir='ltr'><strong>si</strong></span> <span class='ocrx_word' id='word_1_141' title='bbox 754 1642 811 1678; x_wconf 92' lang='lat' dir='ltr'><strong>non</strong></span> <span class='ocrx_word' id='word_1_142' title='bbox 836 1625 963 1678; x_wconf 85' lang='lat' dir='ltr'><strong>iacturae</strong></span> <span class='ocrx_word' id='word_1_143' title='bbox 987 1635 1066 1680; x_wconf 90' lang='lat' dir='ltr'><strong>certe</strong></span> <span class='ocrx_word' id='word_1_144' title='bbox 1090 1627 1226 1680; x_wconf 88' lang='lat' dir='ltr'><strong>desiderii</strong></span> 
     </span>
     <span class='ocr_line' id='line_1_17' title="bbox 66 1695 1229 1774; baseline 0.003 -26"><span class='ocrx_word' id='word_1_145' title='bbox 66 1695 283 1749; x_wconf 81' lang='lat' dir='ltr'><strong>incommedum</strong></span> <span class='ocrx_word' id='word_1_146' title='bbox 301 1695 375 1760; x_wconf 84' lang='lat' dir='ltr'><strong>aliis,</strong></span> <span class='ocrx_word' id='word_1_147' title='bbox 394 1713 467 1766; x_wconf 87' lang='lat' dir='ltr'><strong>quae</strong></span> <span class='ocrx_word' id='word_1_148' title='bbox 486 1698 577 1748; x_wconf 79' lang='lat' dir='ltr'><strong>fausta</strong></span> <span class='ocrx_word' id='word_1_149' title='bbox 596 1695 676 1748; x_wconf 89' lang='lat' dir='ltr'><strong>nobis</strong></span> <span class='ocrx_word' id='word_1_150' title='bbox 693 1695 810 1748; x_wconf 72' lang='lat' dir='ltr'><strong>fortuna</strong></span> <span class='ocrx_word' id='word_1_151' title='bbox 829 1697 938 1761; x_wconf 85' lang='lat' dir='ltr'><strong>attulit,</strong></span> <span class='ocrx_word' id='word_1_152' title='bbox 957 1697 1131 1750; x_wconf 89' lang='lat' dir='ltr'><strong>adiumentis</strong></span> <span class='ocrx_word' id='word_1_153' title='bbox 1140 1698 1229 1774; x_wconf 80' lang='lat' dir='ltr'><strong>longe</strong></span> 
     </span>
     <span class='ocr_line' id='line_1_18' title="bbox 66 1764 1230 1842; baseline 0.004 -24"><span class='ocrx_word' id='word_1_154' title='bbox 66 1767 299 1838; x_wconf 72' lang='lat' dir='ltr'><strong>exoptatissimis.</strong></span> <span class='ocrx_word' id='word_1_155' title='bbox 334 1766 428 1819; x_wconf 84' lang='lat' dir='ltr'><strong>Ducat</strong></span> <span class='ocrx_word' id='word_1_156' title='bbox 452 1767 546 1842; x_wconf 89' lang='lat' dir='ltr'><strong>igitur</strong></span> <span class='ocrx_word' id='word_1_157' title='bbox 569 1783 623 1837; x_wconf 90' lang='lat' dir='ltr'><strong>per</strong></span> <span class='ocrx_word' id='word_1_158' title='bbox 649 1782 696 1818; x_wconf 89' lang='lat' dir='ltr'><strong>me</strong></span> <span class='ocrx_word' id='word_1_159' title='bbox 723 1764 795 1820; x_wconf 90' lang='lat' dir='ltr'><strong>licet</strong></span> <span class='ocrx_word' id='word_1_160' title='bbox 817 1765 958 1819; x_wconf 80' lang='lat' dir='ltr'><strong>farniliam</strong></span> <span class='ocrx_word' id='word_1_161' title='bbox 982 1768 1106 1837; x_wconf 72' lang='lat' dir='ltr'><strong>Regitur</strong></span> <span class='ocrx_word' id='word_1_162' title='bbox 1141 1769 1230 1824; x_wconf 85' lang='lat' dir='ltr'><strong>habet</strong></span> 
     </span>
     <span class='ocr_line' id='line_1_19' title="bbox 65 1836 1228 1915; baseline 0.003 -25"><span class='ocrx_word' id='word_1_163' title='bbox 65 1836 269 1891; x_wconf 73' lang='lat' dir='ltr'><strong>honestissimo</strong></span> <span class='ocrx_word' id='word_1_164' title='bbox 288 1838 359 1890; x_wconf 89' lang='lat' dir='ltr'><strong>item</strong></span> <span class='ocrx_word' id='word_1_165' title='bbox 376 1838 440 1890; x_wconf 93' lang='lat' dir='ltr'><strong>loco</strong></span> <span class='ocrx_word' id='word_1_166' title='bbox 458 1846 558 1889; x_wconf 89' lang='lat' dir='ltr'><strong>natum</strong></span> <span class='ocrx_word' id='word_1_167' title='bbox 576 1837 656 1908; x_wconf 86' lang='lat' dir='ltr'><strong>quasi</strong></span> <span class='ocrx_word' id='word_1_168' title='bbox 676 1853 857 1911; x_wconf 87' lang='lat' dir='ltr'><strong>germanum,</strong></span> <span class='ocrx_word' id='word_1_169' title='bbox 876 1845 955 1890; x_wconf 89' lang='lat' dir='ltr'><strong>certe</strong></span> <span class='ocrx_word' id='word_1_170' title='bbox 974 1841 1228 1915; x_wconf 86' lang='lat' dir='ltr'><strong>consanguineum,</strong></span> 
     </span>
     <span class='ocr_line' id='line_1_20' title="bbox 67 1908 1238 1981; baseline 0.002 -19"><span class='ocrx_word' id='word_1_171' title='bbox 67 1908 232 1962; x_wconf 71' lang='lat' dir='ltr'><strong>Gadium</strong></span> <span class='ocrx_word' id='word_1_172' title='bbox 248 1910 380 1978; x_wconf 71' lang='lat' dir='ltr'><strong>primaeva,</strong></span> <span class='ocrx_word' id='word_1_173' title='bbox 399 1926 453 1962; x_wconf 90' lang='lat' dir='ltr'><strong>nec</strong></span> <span class='ocrx_word' id='word_1_174' title='bbox 469 1923 540 1960; x_wconf 82' lang='lat' dir='ltr'><strong>vero</strong></span> <span class='ocrx_word' id='word_1_175' title='bbox 559 1925 624 1961; x_wconf 91' lang='lat' dir='ltr'><strong>eum</strong></span> <span class='ocrx_word' id='word_1_176' title='bbox 642 1908 728 1978; x_wconf 86' lang='lat' dir='ltr'><strong>plane</strong></span> <span class='ocrx_word' id='word_1_177' title='bbox 746 1909 906 1981; x_wconf 83' lang='lat' dir='ltr'><strong>geminum,</strong></span> <span class='ocrx_word' id='word_1_178' title='bbox 934 1909 974 1961; x_wconf 89' lang='lat' dir='ltr'><strong>ita</strong></span> <span class='ocrx_word' id='word_1_179' title='bbox 992 1918 1089 1962; x_wconf 88' lang='lat' dir='ltr'><strong>tamen</strong></span> <span class='ocrx_word' id='word_1_180' title='bbox 1108 1919 1137 1962; x_wconf 89' lang='lat' dir='ltr'><strong>et</strong></span> <span class='ocrx_word' id='word_1_181' title='bbox 1156 1908 1238 1964; x_wconf 53' lang='lat' dir='ltr'><strong>eius?</strong></span> 
     </span>
     <span class='ocr_line' id='line_1_21' title="bbox 67 1978 1228 2051; baseline 0.003 -20"><span class='ocrx_word' id='word_1_182' title='bbox 67 1980 133 2031; x_wconf 84' lang='lat' dir='ltr'><strong>dem</strong></span> <span class='ocrx_word' id='word_1_183' title='bbox 159 1981 240 2049; x_wconf 86' lang='lat' dir='ltr'><strong>quasi</strong></span> <span class='ocrx_word' id='word_1_184' title='bbox 265 1981 356 2051; x_wconf 86' lang='lat' dir='ltr'><strong>patris</strong></span> <span class='ocrx_word' id='word_1_185' title='bbox 381 1996 439 2033; x_wconf 88' lang='lat' dir='ltr'><strong>esse</strong></span> <span class='ocrx_word' id='word_1_186' title='bbox 465 1979 553 2032; x_wconf 69' lang='lat' dir='ltr'><strong>facile</strong></span> <span class='ocrx_word' id='word_1_187' title='bbox 580 1979 635 2030; x_wconf 88' lang='lat' dir='ltr'><strong>tibi</strong></span> <span class='ocrx_word' id='word_1_188' title='bbox 658 1980 835 2050; x_wconf 78' lang='lat' dir='ltr'><strong>persuadeas.</strong></span> <span class='ocrx_word' id='word_1_189' title='bbox 879 1979 1000 2033; x_wconf 83' lang='lat' dir='ltr'><strong>Accedit</strong></span> <span class='ocrx_word' id='word_1_190' title='bbox 1024 1980 1058 2034; x_wconf 90' lang='lat' dir='ltr'><strong>ad</strong></span> <span class='ocrx_word' id='word_1_191' title='bbox 1081 1978 1133 2034; x_wconf 86' lang='lat' dir='ltr'><strong>bos</strong></span> <span class='ocrx_word' id='word_1_192' title='bbox 1160 1981 1228 2036; x_wconf 81' lang='lat' dir='ltr'><strong>cod.</strong></span> 
     </span>
     <span class='ocr_line' id='line_1_22' title="bbox 67 2050 1229 2121; baseline 0.003 -17"><span class='ocrx_word' id='word_1_193' title='bbox 67 2051 233 2115; x_wconf 65' lang='lat' dir='ltr'><strong>mas,</strong></span> <span class='ocrx_word' id='word_1_194' title='bbox 252 2051 287 2104; x_wconf 89' lang='lat' dir='ltr'><strong>de</strong></span> <span class='ocrx_word' id='word_1_195' title='bbox 347 2067 467 2121; x_wconf 85' lang='lat' dir='ltr'><strong>osnpra</strong></span> <span class='ocrx_word' id='word_1_196' title='bbox 484 2050 585 2103; x_wconf 87' lang='lat' dir='ltr'><strong>monui</strong></span> <span class='ocrx_word' id='word_1_197' title='bbox 611 2067 640 2101; x_wconf 91' lang='lat' dir='ltr'><strong>n.</strong></span> <span class='ocrx_word' id='word_1_198' title='bbox 660 2052 686 2105; x_wconf 82' lang='grc'><strong>8.</strong></span> <span class='ocrx_word' id='word_1_199' title='bbox 710 2050 769 2116; x_wconf 89' lang='lat' dir='ltr'><strong>ubi,</strong></span> <span class='ocrx_word' id='word_1_200' title='bbox 797 2068 851 2102; x_wconf 91' lang='lat' dir='ltr'><strong>cur</strong></span> <span class='ocrx_word' id='word_1_201' title='bbox 878 2067 913 2103; x_wconf 85' lang='lat' dir='ltr'><strong>ex</strong></span> <span class='ocrx_word' id='word_1_202' title='bbox 938 2051 1093 2106; x_wconf 88' lang='lat' dir='ltr'><strong>collatione</strong></span> <span class='ocrx_word' id='word_1_203' title='bbox 1117 2051 1152 2104; x_wconf 86' lang='lat' dir='ltr'><strong>ad</strong></span> <span class='ocrx_word' id='word_1_204' title='bbox 1178 2069 1229 2107; x_wconf 85' lang='lat' dir='ltr'><strong>nos</strong></span> 
     </span>
     <span class='ocr_line' id='line_1_23' title="bbox 67 2119 1229 2192; baseline 0.003 -18"><span class='ocrx_word' id='word_1_205' title='bbox 67 2122 180 2192; x_wconf 81' lang='lat' dir='ltr'><strong>perlata</strong></span> <span class='ocrx_word' id='word_1_206' title='bbox 196 2122 301 2175; x_wconf 86' lang='lat' dir='ltr'><strong>multis</strong></span> <span class='ocrx_word' id='word_1_207' title='bbox 330 2122 390 2174; x_wconf 86' lang='lat' dir='ltr'><strong>ocis</strong></span> <span class='ocrx_word' id='word_1_208' title='bbox 408 2121 478 2174; x_wconf 84' lang='lat' dir='ltr'><strong>libri</strong></span> <span class='ocrx_word' id='word_1_209' title='bbox 497 2121 559 2174; x_wconf 86' lang='lat' dir='ltr'><strong>eius</strong></span> <span class='ocrx_word' id='word_1_210' title='bbox 577 2119 734 2174; x_wconf 87' lang='lat' dir='ltr'><strong>lectionem</strong></span> <span class='ocrx_word' id='word_1_211' title='bbox 757 2123 808 2173; x_wconf 83' lang='lat' dir='ltr'><strong>rix</strong></span> <span class='ocrx_word' id='word_1_212' title='bbox 830 2139 863 2174; x_wconf 93' lang='lat' dir='ltr'><strong>ac</strong></span> <span class='ocrx_word' id='word_1_213' title='bbox 881 2139 918 2175; x_wconf 86' lang='lat' dir='ltr'><strong>ne</strong></span> <span class='ocrx_word' id='word_1_214' title='bbox 942 2123 993 2174; x_wconf 83' lang='lat' dir='ltr'><strong>vix</strong></span> <span class='ocrx_word' id='word_1_215' title='bbox 1017 2123 1135 2192; x_wconf 85' lang='lat' dir='ltr'><strong>quidem</strong></span> <span class='ocrx_word' id='word_1_216' title='bbox 1152 2124 1229 2177; x_wconf 83' lang='lat' dir='ltr'><strong>divi·</strong></span> 
     </span>
     <span class='ocr_line' id='line_1_24' title="bbox 68 2191 1227 2264; baseline 0.002 -18"><span class='ocrx_word' id='word_1_217' title='bbox 68 2210 136 2246; x_wconf 83' lang='lat' dir='ltr'><strong>nare</strong></span> <span class='ocrx_word' id='word_1_218' title='bbox 163 2192 263 2258; x_wconf 90' lang='lat' dir='ltr'><strong>liceat,</strong></span> <span class='ocrx_word' id='word_1_219' title='bbox 293 2194 483 2264; x_wconf 84' lang='lat' dir='ltr'><strong>exposuimus.</strong></span> <span class='ocrx_word' id='word_1_220' title='bbox 530 2191 658 2262; x_wconf 83' lang='lat' dir='ltr'><strong>Optimae</strong></span> <span class='ocrx_word' id='word_1_221' title='bbox 684 2192 737 2244; x_wconf 89' lang='lat' dir='ltr'><strong>ille</strong></span> <span class='ocrx_word' id='word_1_222' title='bbox 760 2210 843 2264; x_wconf 89' lang='lat' dir='ltr'><strong>saepe</strong></span> <span class='ocrx_word' id='word_1_223' title='bbox 866 2194 1005 2247; x_wconf 88' lang='lat' dir='ltr'><strong>lectiones</strong></span> <span class='ocrx_word' id='word_1_224' title='bbox 1028 2195 1140 2248; x_wconf 86' lang='lat' dir='ltr'><strong>tirmat:</strong></span> <span class='ocrx_word' id='word_1_225' title='bbox 1175 2204 1227 2263; x_wconf 90' lang='lat' dir='ltr'><strong>est,</strong></span> 
     </span>
     <span class='ocr_line' id='line_1_25' title="bbox 67 2263 1229 2341; baseline 0.004 -26"><span class='ocrx_word' id='word_1_226' title='bbox 67 2263 116 2315; x_wconf 85' lang='lat' dir='ltr'><strong>ubi</strong></span> <span class='ocrx_word' id='word_1_227' title='bbox 133 2263 221 2317; x_wconf 84' lang='lat' dir='ltr'><strong>solus.</strong></span> <span class='ocrx_word' id='word_1_228' title='bbox 258 2264 418 2317; x_wconf 80' lang='lat' dir='ltr'><strong>Verborum</strong></span> <span class='ocrx_word' id='word_1_229' title='bbox 436 2263 568 2316; x_wconf 79' lang='lat' dir='ltr'><strong>ordinem</strong></span> <span class='ocrx_word' id='word_1_230' title='bbox 587 2279 623 2316; x_wconf 83' lang='lat' dir='ltr'><strong>ex</strong></span> <span class='ocrx_word' id='word_1_231' title='bbox 640 2278 674 2316; x_wconf 88' lang='lat' dir='ltr'><strong>ea</strong></span> <span class='ocrx_word' id='word_1_232' title='bbox 691 2263 846 2317; x_wconf 85' lang='lat' dir='ltr'><strong>collatione</strong></span> <span class='ocrx_word' id='word_1_233' title='bbox 863 2281 921 2318; x_wconf 92' lang='lat' dir='ltr'><strong>non</strong></span> <span class='ocrx_word' id='word_1_234' title='bbox 939 2265 1040 2341; x_wconf 89' lang='lat' dir='ltr'><strong>magis,</strong></span> <span class='ocrx_word' id='word_1_235' title='bbox 1066 2267 1115 2320; x_wconf 90' lang='lat' dir='ltr'><strong>sed</strong></span> <span class='ocrx_word' id='word_1_236' title='bbox 1132 2268 1229 2320; x_wconf 91' lang='lat' dir='ltr'><strong>minus</strong></span> 
     </span>
     <span class='ocr_line' id='line_1_26' title="bbox 69 2333 1229 2410; baseline 0.004 -23"><span class='ocrx_word' id='word_1_237' title='bbox 69 2334 168 2398; x_wconf 73' lang='lat' dir='ltr'><strong>etism,</strong></span> <span class='ocrx_word' id='word_1_238' title='bbox 191 2335 338 2400; x_wconf 85' lang='lat' dir='ltr'><strong>discimus,</strong></span> <span class='ocrx_word' id='word_1_239' title='bbox 363 2351 451 2405; x_wconf 77' lang='lat' dir='ltr'><strong>quam</strong></span> <span class='ocrx_word' id='word_1_240' title='bbox 478 2351 514 2387; x_wconf 89' lang='lat' dir='ltr'><strong>ex</strong></span> <span class='ocrx_word' id='word_1_241' title='bbox 540 2333 626 2410; x_wconf 77' lang='lat' dir='ltr'><strong>liegii</strong></span> <span class='ocrx_word' id='word_1_242' title='bbox 654 2334 706 2387; x_wconf 83' lang='lat' dir='ltr'><strong>illa</strong></span> <span class='ocrx_word' id='word_1_243' title='bbox 732 2336 893 2388; x_wconf 87' lang='lat' dir='ltr'><strong>Parisiensi.</strong></span> <span class='ocrx_word' id='word_1_244' title='bbox 930 2337 1062 2406; x_wconf 78' lang='lat' dir='ltr'><strong>Uterque</strong></span> <span class='ocrx_word' id='word_1_245' title='bbox 1089 2337 1175 2390; x_wconf 87' lang='lat' dir='ltr'><strong>etiam</strong></span> <span class='ocrx_word' id='word_1_246' title='bbox 1192 2337 1229 2392; x_wconf 86' lang='lat' dir='ltr'><strong>ad</strong></span> 
     </span>
    </p>
   </div>
   <div class='ocr_carea' id='block_1_3' title="bbox 69 2404 1325 2477">
    <p class='ocr_par' dir='ltr' id='par_1_4' title="bbox 69 2404 1325 2477">
     <span class='ocr_line' id='line_1_27' title="bbox 69 2404 1325 2477; baseline 0 -16"><span class='ocrx_word' id='word_1_247' title='bbox 69 2405 278 2477; x_wconf 65' lang='grc' dir='ltr'><strong>ὄρθογμφίαν,</strong></span> <span class='ocrx_word' id='word_1_248' title='bbox 298 2423 384 2474; x_wconf 86' lang='lat' dir='ltr'><strong>quam</strong></span> <span class='ocrx_word' id='word_1_249' title='bbox 398 2405 510 2469; x_wconf 87' lang='lat' dir='ltr'><strong>dicunt,</strong></span> <span class='ocrx_word' id='word_1_250' title='bbox 530 2404 623 2458; x_wconf 89' lang='lat' dir='ltr'><strong>denuo</strong></span> <span class='ocrx_word' id='word_1_251' title='bbox 641 2405 700 2458; x_wconf 88' lang='lat' dir='ltr'><strong>erit</strong></span> <span class='ocrx_word' id='word_1_252' title='bbox 717 2406 871 2476; x_wconf 85' lang='lat' dir='ltr'><strong>aliquando</strong></span> <span class='ocrx_word' id='word_1_253' title='bbox 889 2407 1086 2460; x_wconf 86' lang='lat' dir='ltr'><strong>excutiendus.</strong></span> <span class='ocrx_word' id='word_1_254' title='bbox 1116 2405 1230 2462; x_wconf 73' lang='lat' dir='ltr'><strong>Piatss·</strong></span> <span class='ocrx_word' id='word_1_255' title='bbox 1321 2443 1325 2448; x_wconf 93' lang='lat'>-</span> 
     </span>
    </p>
   </div>
   <div class='ocr_carea' id='block_1_4' title="bbox 25 2475 1260 4539">
    <p class='ocr_par' dir='ltr' id='par_1_5' title="bbox 25 2475 1260 4539">
     <span class='ocr_line' id='line_1_28' title="bbox 68 2475 1230 2599; baseline 0.003 -71"><span class='ocrx_word' id='word_1_256' title='bbox 68 2491 152 2528; x_wconf 77' lang='lat' dir='ltr'><strong>usura</strong></span> <span class='ocrx_word' id='word_1_257' title='bbox 171 2475 319 2530; x_wconf 81' lang='lat' dir='ltr'><strong>Gebhardi</strong></span> <span class='ocrx_word' id='word_1_258' title='bbox 337 2478 362 2529; x_wconf 88' lang='lat' dir='ltr'><strong>si</strong></span> <span class='ocrx_word' id='word_1_259' title='bbox 381 2493 439 2529; x_wconf 92' lang='lat' dir='ltr'><strong>non</strong></span> <span class='ocrx_word' id='word_1_260' title='bbox 456 2476 550 2546; x_wconf 88' lang='lat' dir='ltr'><strong>ipsum</strong></span> <span class='ocrx_word' id='word_1_261' title='bbox 568 2475 691 2599; x_wconf 48' lang='lat' dir='ltr'><strong>lligdium</strong></span> <span class='ocrx_word' id='word_1_262' title='bbox 710 2493 778 2541; x_wconf 86' lang='lat' dir='ltr'><strong>esse,</strong></span> <span class='ocrx_word' id='word_1_263' title='bbox 806 2494 872 2529; x_wconf 91' lang='lat' dir='ltr'><strong>cum</strong></span> <span class='ocrx_word' id='word_1_264' title='bbox 891 2477 980 2552; x_wconf 81' lang='lat' dir='ltr'><strong>Regio</strong></span> <span class='ocrx_word' id='word_1_265' title='bbox 1004 2486 1083 2530; x_wconf 91' lang='lat' dir='ltr'><strong>certe</strong></span> <span class='ocrx_word' id='word_1_266' title='bbox 1100 2478 1230 2563; x_wconf 84' lang='lat' dir='ltr'><strong>plerum·</strong></span> 
     </span>
     <span class='ocr_line' id='line_1_29' title="bbox 108 2546 1230 2618; baseline 0.004 -18"><span class='ocrx_word' id='word_1_267' title='bbox 108 2565 125 2600; x_wconf 90' lang='lat' dir='ltr'><strong>e</strong></span> <span class='ocrx_word' id='word_1_268' title='bbox 143 2547 311 2618; x_wconf 83' lang='lat' dir='ltr'><strong>conspirare</strong></span> <span class='ocrx_word' id='word_1_269' title='bbox 328 2547 431 2600; x_wconf 85' lang='lat' dir='ltr'><strong>scribit</strong></span> <span class='ocrx_word' id='word_1_270' title='bbox 449 2546 575 2600; x_wconf 88' lang='lat' dir='ltr'><strong>Orellius</strong></span> <span class='ocrx_word' id='word_1_271' title='bbox 638 2548 759 2617; x_wconf 88' lang='lat' dir='ltr'><strong>.pecul.</strong></span> <span class='ocrx_word' id='word_1_272' title='bbox 779 2565 807 2617; x_wconf 88' lang='lat' dir='ltr'><strong>p.</strong></span> <span class='ocrx_word' id='word_1_273' title='bbox 826 2551 852 2604; x_wconf 86' lang='grc'><strong>6.</strong></span> <span class='ocrx_word' id='word_1_274' title='bbox 889 2549 951 2601; x_wconf 90' lang='lat' dir='ltr'><strong>Nec</strong></span> <span class='ocrx_word' id='word_1_275' title='bbox 968 2564 1039 2602; x_wconf 79' lang='lat' dir='ltr'><strong>vero</strong></span> <span class='ocrx_word' id='word_1_276' title='bbox 1065 2546 1152 2603; x_wconf 78' lang='lat' dir='ltr'><strong>husus</strong></span> <span class='ocrx_word' id='word_1_277' title='bbox 1175 2550 1230 2605; x_wconf 86' lang='lat' dir='ltr'><strong>Co·</strong></span> 
     </span>
     <span class='ocr_line' id='line_1_30' title="bbox 68 2565 1229 2688; baseline 0.003 -17"><span class='ocrx_word' id='word_1_278' title='bbox 68 2565 140 2671; x_wconf 42' lang='lat' dir='ltr'><strong>{incia</strong></span> <span class='ocrx_word' id='word_1_279' title='bbox 170 2619 312 2672; x_wconf 86' lang='lat' dir='ltr'><strong>lectiones</strong></span> <span class='ocrx_word' id='word_1_280' title='bbox 340 2625 473 2671; x_wconf 87' lang='lat' dir='ltr'><strong>accurate</strong></span> <span class='ocrx_word' id='word_1_281' title='bbox 498 2617 640 2682; x_wconf 79' lang='lat' dir='ltr'><strong>novimas,</strong></span> <span class='ocrx_word' id='word_1_282' title='bbox 678 2634 767 2687; x_wconf 83' lang='lat' dir='ltr'><strong>quum</strong></span> <span class='ocrx_word' id='word_1_283' title='bbox 795 2619 892 2688; x_wconf 85' lang='lat' dir='ltr'><strong>paucis</strong></span> <span class='ocrx_word' id='word_1_284' title='bbox 918 2627 1031 2672; x_wconf 89' lang='lat' dir='ltr'><strong>tantum</strong></span> <span class='ocrx_word' id='word_1_285' title='bbox 1057 2621 1130 2674; x_wconf 90' lang='lat' dir='ltr'><strong>locis</strong></span> <span class='ocrx_word' id='word_1_286' title='bbox 1162 2638 1229 2676; x_wconf 87' lang='lat' dir='ltr'><strong>eum</strong></span> 
     </span>
     <span class='ocr_line' id='line_1_31' title="bbox 71 2688 1228 2760; baseline 0.005 -19"><span class='ocrx_word' id='word_1_287' title='bbox 71 2690 78 2702; x_wconf 92' lang='lat'>&#39;</span> <span class='ocrx_word' id='word_1_288' title='bbox 134 2690 232 2742; x_wconf 83' lang='lat' dir='ltr'><strong>exerit</strong></span> <span class='ocrx_word' id='word_1_289' title='bbox 249 2691 298 2742; x_wconf 80' lang='lat' dir='ltr'><strong>vir</strong></span> <span class='ocrx_word' id='word_1_290' title='bbox 315 2689 369 2743; x_wconf 88' lang='lat' dir='ltr'><strong>ille</strong></span> <span class='ocrx_word' id='word_1_291' title='bbox 386 2689 521 2743; x_wconf 76' lang='lat' dir='ltr'><strong>Palatinis</strong></span> <span class='ocrx_word' id='word_1_292' title='bbox 539 2689 597 2740; x_wconf 89' lang='lat' dir='ltr'><strong>suis</strong></span> <span class='ocrx_word' id='word_1_293' title='bbox 615 2688 699 2758; x_wconf 87' lang='lat' dir='ltr'><strong>plane</strong></span> <span class='ocrx_word' id='word_1_294' title='bbox 717 2691 925 2760; x_wconf 87' lang='lat' dir='ltr'><strong>emancipatus:</strong></span> <span class='ocrx_word' id='word_1_295' title='bbox 951 2691 1033 2743; x_wconf 90' lang='lat' dir='ltr'><strong>cuius</strong></span> <span class='ocrx_word' id='word_1_296' title='bbox 1055 2700 1152 2747; x_wconf 87' lang='lat' dir='ltr'><strong>tamen</strong></span> <span class='ocrx_word' id='word_1_297' title='bbox 1169 2710 1228 2747; x_wconf 90' lang='lat' dir='ltr'><strong>me·</strong></span> 
     </span>
     <span class='ocr_line' id='line_1_32' title="bbox 71 2759 1228 2835; baseline 0.004 -22"><span class='ocrx_word' id='word_1_298' title='bbox 71 2761 136 2824; x_wconf 84' lang='lat' dir='ltr'><strong>rita,</strong></span> <span class='ocrx_word' id='word_1_299' title='bbox 154 2776 210 2830; x_wconf 85' lang='lat' dir='ltr'><strong>pro</strong></span> <span class='ocrx_word' id='word_1_300' title='bbox 229 2760 319 2813; x_wconf 90' lang='lat' dir='ltr'><strong>seculi</strong></span> <span class='ocrx_word' id='word_1_301' title='bbox 337 2759 428 2813; x_wconf 85' lang='lat' dir='ltr'><strong>nostri</strong></span> <span class='ocrx_word' id='word_1_302' title='bbox 446 2759 571 2824; x_wconf 77' lang='lat' dir='ltr'><strong>fastidio,</strong></span> <span class='ocrx_word' id='word_1_303' title='bbox 591 2759 711 2812; x_wconf 89' lang='lat' dir='ltr'><strong>minoris</strong></span> <span class='ocrx_word' id='word_1_304' title='bbox 729 2761 818 2835; x_wconf 86' lang='lat' dir='ltr'><strong>vulgo</strong></span> <span class='ocrx_word' id='word_1_305' title='bbox 843 2762 988 2814; x_wconf 89' lang='lat' dir='ltr'><strong>aestimari</strong></span> <span class='ocrx_word' id='word_1_306' title='bbox 1011 2763 1114 2830; x_wconf 86' lang='lat' dir='ltr'><strong>solent,</strong></span> <span class='ocrx_word' id='word_1_307' title='bbox 1141 2782 1228 2834; x_wconf 84' lang='lat' dir='ltr'><strong>quam</strong></span> 
     </span>
     <span class='ocr_line' id='line_1_33' title="bbox 68 2828 1228 2901; baseline 0.006 -18"><span class='ocrx_word' id='word_1_308' title='bbox 68 2830 198 2884; x_wconf 79' lang='lat' dir='ltr'><strong>habenda</strong></span> <span class='ocrx_word' id='word_1_309' title='bbox 216 2840 293 2884; x_wconf 75' lang='lat' dir='ltr'><strong>sunt.</strong></span> <span class='ocrx_word' id='word_1_310' title='bbox 330 2828 627 2901; x_wconf 62' lang='lat' dir='ltr'><strong>ambianiensium</strong></span> <span class='ocrx_word' id='word_1_311' title='bbox 653 2847 709 2901; x_wconf 82' lang='lat' dir='ltr'><strong>quo</strong></span> <span class='ocrx_word' id='word_1_312' title='bbox 727 2849 794 2883; x_wconf 89' lang='lat' dir='ltr'><strong>usus</strong></span> <span class='ocrx_word' id='word_1_313' title='bbox 821 2839 864 2884; x_wconf 90' lang='lat' dir='ltr'><strong>est</strong></span> <span class='ocrx_word' id='word_1_314' title='bbox 881 2832 908 2886; x_wconf 90' lang='lat' dir='ltr'><strong>J.</strong></span> <span class='ocrx_word' id='word_1_315' title='bbox 928 2835 965 2886; x_wconf 87' lang='grc' dir='ltr'><strong>Μ.</strong></span> <span class='ocrx_word' id='word_1_316' title='bbox 984 2834 1099 2901; x_wconf 86' lang='lat' dir='ltr'><strong>Brutus,</strong></span> <span class='ocrx_word' id='word_1_317' title='bbox 1124 2837 1148 2888; x_wconf 88' lang='lat' dir='ltr'><strong>si</strong></span> <span class='ocrx_word' id='word_1_318' title='bbox 1176 2835 1228 2890; x_wconf 85' lang='lat' dir='ltr'><strong>ba·</strong></span> 
     </span>
     <span class='ocr_line' id='line_1_34' title="bbox 68 2900 1228 3026; baseline 0.008 -72"><span class='ocrx_word' id='word_1_319' title='bbox 68 2902 202 2955; x_wconf 73' lang='lat' dir='ltr'><strong>bereum</strong></span> <span class='ocrx_word' id='word_1_320' title='bbox 228 2902 384 2956; x_wconf 81' lang='lat' dir='ltr'><strong>lectionem</strong></span> <span class='ocrx_word' id='word_1_321' title='bbox 407 2904 563 2976; x_wconf 87' lang='lat' dir='ltr'><strong>integram,</strong></span> <span class='ocrx_word' id='word_1_322' title='bbox 586 2919 676 2972; x_wconf 84' lang='lat' dir='ltr'><strong>quum</strong></span> <span class='ocrx_word' id='word_1_323' title='bbox 700 2900 735 2953; x_wconf 92' lang='lat' dir='ltr'><strong>ad</strong></span> <span class='ocrx_word' id='word_1_324' title='bbox 758 2903 840 3026; x_wconf 69' lang='lat' dir='ltr'><strong>liegii</strong></span> <span class='ocrx_word' id='word_1_325' title='bbox 865 2907 1068 2974; x_wconf 87' lang='lat' dir='ltr'><strong>praestantiam</strong></span> <span class='ocrx_word' id='word_1_326' title='bbox 1095 2908 1228 2978; x_wconf 82' lang='lat' dir='ltr'><strong>proxime</strong></span> 
     </span>
     <span class='ocr_line' id='line_1_35' title="bbox 69 2970 1228 3044; baseline 0.006 -18"><span class='ocrx_word' id='word_1_327' title='bbox 69 2973 220 3026; x_wconf 86' lang='lat' dir='ltr'><strong>accessisse</strong></span> <span class='ocrx_word' id='word_1_328' title='bbox 248 2974 390 3038; x_wconf 87' lang='lat' dir='ltr'><strong>videatur,</strong></span> <span class='ocrx_word' id='word_1_329' title='bbox 420 2990 593 3044; x_wconf 80' lang='lat' dir='ltr'><strong>quaanuam</strong></span> <span class='ocrx_word' id='word_1_330' title='bbox 618 2981 681 3026; x_wconf 90' lang='lat' dir='ltr'><strong>erat</strong></span> <span class='ocrx_word' id='word_1_331' title='bbox 704 2970 795 3044; x_wconf 73' lang='grc' dir='ltr'><strong><em>ἀκέφα</em></strong></span> <span class='ocrx_word' id='word_1_332' title='bbox 812 2991 849 3038; x_wconf 83' lang='grc' dir='ltr'><strong>ος,</strong></span> <span class='ocrx_word' id='word_1_333' title='bbox 873 2990 967 3041; x_wconf 86' lang='lat' dir='ltr'><strong>neque</strong></span> <span class='ocrx_word' id='word_1_334' title='bbox 991 2977 1042 3030; x_wconf 80' lang='lat' dir='ltr'><strong>vir</strong></span> <span class='ocrx_word' id='word_1_335' title='bbox 1065 2977 1118 3032; x_wconf 88' lang='lat' dir='ltr'><strong>ille</strong></span> <span class='ocrx_word' id='word_1_336' title='bbox 1136 2979 1228 3033; x_wconf 83' lang='lat' dir='ltr'><strong>seculi</strong></span> 
     </span>
     <span class='ocr_line' id='line_1_36' title="bbox 69 3044 1230 3119; baseline 0.007 -24"><span class='ocrx_word' id='word_1_337' title='bbox 69 3045 113 3095; x_wconf 81' lang='lat' dir='ltr'><strong>sui</strong></span> <span class='ocrx_word' id='word_1_338' title='bbox 132 3061 247 3098; x_wconf 89' lang='lat' dir='ltr'><strong>morem</strong></span> <span class='ocrx_word' id='word_1_339' title='bbox 265 3045 347 3114; x_wconf 83' lang='lat' dir='ltr'><strong>sequi</strong></span> <span class='ocrx_word' id='word_1_340' title='bbox 365 3044 520 3110; x_wconf 72' lang='lat' dir='ltr'><strong>maluisset,</strong></span> <span class='ocrx_word' id='word_1_341' title='bbox 540 3062 643 3119; x_wconf 87' lang='lat' dir='ltr'><strong>magua</strong></span> <span class='ocrx_word' id='word_1_342' title='bbox 661 3045 761 3096; x_wconf 89' lang='lat' dir='ltr'><strong>multis</strong></span> <span class='ocrx_word' id='word_1_343' title='bbox 779 3046 850 3098; x_wconf 87' lang='lat' dir='ltr'><strong>locis</strong></span> <span class='ocrx_word' id='word_1_344' title='bbox 868 3064 945 3099; x_wconf 91' lang='lat' dir='ltr'><strong>nunc</strong></span> <span class='ocrx_word' id='word_1_345' title='bbox 969 3049 1125 3102; x_wconf 85' lang='lat' dir='ltr'><strong>emendatis</strong></span> <span class='ocrx_word' id='word_1_346' title='bbox 1148 3067 1230 3103; x_wconf 89' lang='lat' dir='ltr'><strong>acce·</strong></span> 
     </span>
     <span class='ocr_line' id='line_1_37' title="bbox 69 3114 1229 3196; baseline 0.005 -30"><span class='ocrx_word' id='word_1_347' title='bbox 69 3114 153 3167; x_wconf 89' lang='lat' dir='ltr'><strong>deret</strong></span> <span class='ocrx_word' id='word_1_348' title='bbox 172 3117 337 3181; x_wconf 88' lang='lat' dir='ltr'><strong>auctoritas,</strong></span> <span class='ocrx_word' id='word_1_349' title='bbox 364 3115 517 3169; x_wconf 89' lang='lat' dir='ltr'><strong>nonnullos</strong></span> <span class='ocrx_word' id='word_1_350' title='bbox 536 3117 653 3168; x_wconf 79' lang='lat' dir='ltr'><strong>fortasse</strong></span> <span class='ocrx_word' id='word_1_351' title='bbox 670 3116 838 3170; x_wconf 83' lang='lat' dir='ltr'><strong>haberemus</strong></span> <span class='ocrx_word' id='word_1_352' title='bbox 862 3118 1077 3172; x_wconf 85' lang='lat' dir='ltr'><strong>emendatiores.</strong></span> <span class='ocrx_word' id='word_1_353' title='bbox 1115 3119 1229 3196; x_wconf 80' lang='lat' dir='ltr'><strong>Agmen</strong></span> 
     </span>
     <span class='ocr_line' id='line_1_38' title="bbox 69 3186 1260 3268; baseline 0.003 -31"><span class='ocrx_word' id='word_1_354' title='bbox 69 3186 183 3238; x_wconf 82' lang='lat' dir='ltr'><strong>claudit</strong></span> <span class='ocrx_word' id='word_1_355' title='bbox 199 3186 432 3255; x_wconf 79' lang='lat' dir='ltr'><strong>Mardurgeaaia,</strong></span> <span class='ocrx_word' id='word_1_356' title='bbox 451 3187 486 3239; x_wconf 87' lang='lat' dir='ltr'><strong>de</strong></span> <span class='ocrx_word' id='word_1_357' title='bbox 505 3203 561 3256; x_wconf 86' lang='lat' dir='ltr'><strong>quo</strong></span> <span class='ocrx_word' id='word_1_358' title='bbox 579 3203 665 3268; x_wconf 89' lang='lat' dir='ltr'><strong>supra</strong></span> <span class='ocrx_word' id='word_1_359' title='bbox 682 3188 794 3240; x_wconf 86' lang='lat' dir='ltr'><strong>locutus</strong></span> <span class='ocrx_word' id='word_1_360' title='bbox 818 3206 881 3239; x_wconf 90' lang='lat' dir='ltr'><strong>sum</strong></span> <span class='ocrx_word' id='word_1_361' title='bbox 900 3189 923 3241; x_wconf 94' lang='lat'><strong>1.</strong></span> <span class='ocrx_word' id='word_1_362' title='bbox 945 3191 987 3243; x_wconf 74' lang='lat'><strong>14.</strong></span> <span class='ocrx_word' id='word_1_363' title='bbox 1025 3189 1079 3255; x_wconf 88' lang='lat' dir='ltr'><strong>Qui</strong></span> <span class='ocrx_word' id='word_1_364' title='bbox 1103 3191 1127 3242; x_wconf 90' lang='lat' dir='ltr'><strong>si</strong></span> <span class='ocrx_word' id='word_1_365' title='bbox 1153 3191 1229 3244; x_wconf 90' lang='lat' dir='ltr'><strong>solus</strong></span> <span class='ocrx_word' id='word_1_366' title='bbox 1254 3224 1260 3241; x_wconf 84' lang='grc'><strong>.</strong></span> 
     </span>
     <span class='ocr_line' id='line_1_39' title="bbox 69 3256 1229 3335; baseline 0.003 -25"><span class='ocrx_word' id='word_1_367' title='bbox 69 3266 199 3311; x_wconf 78' lang='lat' dir='ltr'><strong>exstaret</strong></span> <span class='ocrx_word' id='word_1_368' title='bbox 255 3258 356 3329; x_wconf 87' lang='lat' dir='ltr'><strong>pisque</strong></span> <span class='ocrx_word' id='word_1_369' title='bbox 380 3266 512 3311; x_wconf 88' lang='lat' dir='ltr'><strong>accurate</strong></span> <span class='ocrx_word' id='word_1_370' title='bbox 532 3256 731 3311; x_wconf 77' lang='lat' dir='ltr'><strong>exscribendus</strong></span> <span class='ocrx_word' id='word_1_371' title='bbox 756 3259 920 3312; x_wconf 88' lang='lat' dir='ltr'><strong>traderetur</strong></span> <span class='ocrx_word' id='word_1_372' title='bbox 938 3259 1129 3335; x_wconf 81' lang='lat' dir='ltr'><strong>typographo,</strong></span> <span class='ocrx_word' id='word_1_373' title='bbox 1158 3262 1229 3315; x_wconf 90' lang='lat' dir='ltr'><strong>ridi·</strong></span> 
     </span>
     <span class='ocr_line' id='line_1_40' title="bbox 70 3328 1228 3403; baseline 0.005 -23"><span class='ocrx_word' id='word_1_374' title='bbox 70 3329 173 3380; x_wconf 88' lang='lat' dir='ltr'><strong>culum</strong></span> <span class='ocrx_word' id='word_1_375' title='bbox 196 3328 365 3381; x_wconf 86' lang='lat' dir='ltr'><strong>haeremus</strong></span> <span class='ocrx_word' id='word_1_376' title='bbox 390 3328 569 3382; x_wconf 83' lang='lat' dir='ltr'><strong>Ciceronem.</strong></span> <span class='ocrx_word' id='word_1_377' title='bbox 615 3328 684 3381; x_wconf 85' lang='lat' dir='ltr'><strong>Fuit</strong></span> <span class='ocrx_word' id='word_1_378' title='bbox 707 3329 786 3382; x_wconf 90' lang='lat' dir='ltr'><strong>enim</strong></span> <span class='ocrx_word' id='word_1_379' title='bbox 807 3330 917 3382; x_wconf 90' lang='lat' dir='ltr'><strong>codicis</strong></span> <span class='ocrx_word' id='word_1_380' title='bbox 943 3329 1079 3401; x_wconf 87' lang='lat' dir='ltr'><strong>scriptor,</strong></span> <span class='ocrx_word' id='word_1_381' title='bbox 1114 3332 1137 3383; x_wconf 87' lang='lat' dir='ltr'><strong>si</strong></span> <span class='ocrx_word' id='word_1_382' title='bbox 1163 3333 1228 3403; x_wconf 87' lang='lat' dir='ltr'><strong>quia</strong></span> 
     </span>
     <span class='ocr_line' id='line_1_41' title="bbox 70 3399 1228 3470; baseline 0.004 -19"><span class='ocrx_word' id='word_1_383' title='bbox 70 3400 155 3465; x_wconf 88' lang='lat' dir='ltr'><strong>alius,</strong></span> <span class='ocrx_word' id='word_1_384' title='bbox 174 3399 262 3453; x_wconf 88' lang='lat' dir='ltr'><strong>bomo</strong></span> <span class='ocrx_word' id='word_1_385' title='bbox 278 3400 364 3470; x_wconf 84' lang='lat' dir='ltr'><strong>plane</strong></span> <span class='ocrx_word' id='word_1_386' title='bbox 383 3399 522 3465; x_wconf 90' lang='lat' dir='ltr'><strong>indoctus,</strong></span> <span class='ocrx_word' id='word_1_387' title='bbox 542 3399 582 3451; x_wconf 89' lang='lat' dir='ltr'><strong>ita</strong></span> <span class='ocrx_word' id='word_1_388' title='bbox 601 3407 634 3451; x_wconf 86' lang='lat' dir='ltr'><strong>ut</strong></span> <span class='ocrx_word' id='word_1_389' title='bbox 651 3399 804 3452; x_wconf 88' lang='lat' dir='ltr'><strong>literarum</strong></span> <span class='ocrx_word' id='word_1_390' title='bbox 823 3401 1009 3466; x_wconf 86' lang='lat' dir='ltr'><strong>Graecarum,</strong></span> <span class='ocrx_word' id='word_1_391' title='bbox 1032 3402 1057 3454; x_wconf 90' lang='lat' dir='ltr'><strong>si</strong></span> <span class='ocrx_word' id='word_1_392' title='bbox 1080 3412 1173 3456; x_wconf 87' lang='lat' dir='ltr'><strong>essent</strong></span> <span class='ocrx_word' id='word_1_393' title='bbox 1197 3405 1228 3456; x_wconf 91' lang='lat' dir='ltr'><strong>in</strong></span> 
     </span>
     <span class='ocr_line' id='line_1_42' title="bbox 69 3470 1229 3548; baseline 0.004 -25"><span class='ocrx_word' id='word_1_394' title='bbox 69 3471 217 3524; x_wconf 80' lang='lat' dir='ltr'><strong>contextis</strong></span> <span class='ocrx_word' id='word_1_395' title='bbox 236 3471 375 3525; x_wconf 88' lang='lat' dir='ltr'><strong>eiusmodi</strong></span> <span class='ocrx_word' id='word_1_396' title='bbox 392 3487 486 3536; x_wconf 83' lang='lat' dir='ltr'><strong>voces,</strong></span> <span class='ocrx_word' id='word_1_397' title='bbox 505 3488 541 3523; x_wconf 90' lang='lat' dir='ltr'><strong>ne</strong></span> <span class='ocrx_word' id='word_1_398' title='bbox 560 3470 666 3544; x_wconf 82' lang='lat' dir='ltr'><strong>figuras</strong></span> <span class='ocrx_word' id='word_1_399' title='bbox 685 3471 801 3538; x_wconf 89' lang='lat' dir='ltr'><strong>quidem</strong></span> <span class='ocrx_word' id='word_1_400' title='bbox 819 3471 875 3523; x_wconf 90' lang='lat' dir='ltr'><strong>nisi</strong></span> <span class='ocrx_word' id='word_1_401' title='bbox 894 3473 1099 3548; x_wconf 84' lang='lat' dir='ltr'><strong>prodigialiter</strong></span> <span class='ocrx_word' id='word_1_402' title='bbox 1125 3475 1229 3529; x_wconf 84' lang='lat' dir='ltr'><strong>distor-</strong></span> 
     </span>
     <span class='ocr_line' id='line_1_43' title="bbox 69 3540 1229 3641; baseline 0.004 -47"><span class='ocrx_word' id='word_1_403' title='bbox 69 3540 114 3594; x_wconf 79' lang='lat' dir='ltr'><strong>tas</strong></span> <span class='ocrx_word' id='word_1_404' title='bbox 134 3542 292 3641; x_wconf 80' lang='lat' dir='ltr'><strong>depingere</strong></span> <span class='ocrx_word' id='word_1_405' title='bbox 310 3551 413 3613; x_wconf 83' lang='lat' dir='ltr'><strong>posset,</strong></span> <span class='ocrx_word' id='word_1_406' title='bbox 432 3542 604 3612; x_wconf 86' lang='lat' dir='ltr'><strong>plerumque</strong></span> <span class='ocrx_word' id='word_1_407' title='bbox 622 3558 691 3595; x_wconf 86' lang='lat' dir='ltr'><strong>vero</strong></span> <span class='ocrx_word' id='word_1_408' title='bbox 711 3559 810 3595; x_wconf 91' lang='lat' dir='ltr'><strong>eorum</strong></span> <span class='ocrx_word' id='word_1_409' title='bbox 829 3543 893 3595; x_wconf 92' lang='lat' dir='ltr'><strong>loco</strong></span> <span class='ocrx_word' id='word_1_410' title='bbox 912 3543 1067 3598; x_wconf 87' lang='lat' dir='ltr'><strong>scriberet:</strong></span> <span class='ocrx_word' id='word_1_411' title='bbox 1087 3546 1229 3609; x_wconf 84' lang='lat' dir='ltr'><strong>„verbum</strong></span> 
     </span>
     <span class='ocr_line' id='line_1_44' title="bbox 70 3613 1230 3683; baseline 0.003 -16"><span class='ocrx_word' id='word_1_412' title='bbox 70 3614 250 3668; x_wconf 84' lang='lat' dir='ltr'><strong>Graecum.‘</strong></span> <span class='ocrx_word' id='word_1_413' title='bbox 285 3613 325 3666; x_wconf 80' lang='lat' dir='ltr'><strong>Et</strong></span> <span class='ocrx_word' id='word_1_414' title='bbox 342 3622 439 3666; x_wconf 86' lang='lat' dir='ltr'><strong>tamen</strong></span> <span class='ocrx_word' id='word_1_415' title='bbox 461 3613 581 3664; x_wconf 89' lang='lat' dir='ltr'><strong>minime</strong></span> <span class='ocrx_word' id='word_1_416' title='bbox 607 3621 649 3665; x_wconf 89' lang='lat' dir='ltr'><strong>est</strong></span> <span class='ocrx_word' id='word_1_417' title='bbox 668 3613 842 3683; x_wconf 90' lang='lat' dir='ltr'><strong>spernendus</strong></span> <span class='ocrx_word' id='word_1_418' title='bbox 866 3614 950 3669; x_wconf 89' lang='lat' dir='ltr'><strong>liber.</strong></span> <span class='ocrx_word' id='word_1_419' title='bbox 988 3616 1131 3669; x_wconf 82' lang='lat' dir='ltr'><strong>Convenit</strong></span> <span class='ocrx_word' id='word_1_420' title='bbox 1150 3618 1230 3672; x_wconf 90' lang='lat' dir='ltr'><strong>enim</strong></span> 
     </span>
     <span class='ocr_line' id='line_1_45' title="bbox 36 3683 1231 3761; baseline 0.006 -24"><span class='ocrx_word' id='word_1_421' title='bbox 36 3724 39 3729; x_wconf 48' lang='grc'>,</span> <span class='ocrx_word' id='word_1_422' title='bbox 68 3685 237 3756; x_wconf 79' lang='lat' dir='ltr'><strong>saepissime</strong></span> <span class='ocrx_word' id='word_1_423' title='bbox 255 3701 323 3737; x_wconf 87' lang='lat' dir='ltr'><strong>cum</strong></span> <span class='ocrx_word' id='word_1_424' title='bbox 340 3684 471 3738; x_wconf 82' lang='lat' dir='ltr'><strong>Gudiano</strong></span> <span class='ocrx_word' id='word_1_425' title='bbox 510 3683 594 3748; x_wconf 91' lang='lat' dir='ltr'><strong>rimo,</strong></span> <span class='ocrx_word' id='word_1_426' title='bbox 613 3684 663 3748; x_wconf 91' lang='lat' dir='ltr'><strong>ita,</strong></span> <span class='ocrx_word' id='word_1_427' title='bbox 691 3691 724 3736; x_wconf 91' lang='lat' dir='ltr'><strong>ut</strong></span> <span class='ocrx_word' id='word_1_428' title='bbox 741 3702 813 3753; x_wconf 87' lang='lat' dir='ltr'><strong>quae</strong></span> <span class='ocrx_word' id='word_1_429' title='bbox 832 3686 982 3740; x_wconf 83' lang='lat' dir='ltr'><strong>manifesto</strong></span> <span class='ocrx_word' id='word_1_430' title='bbox 1009 3697 1076 3741; x_wconf 85' lang='lat' dir='ltr'><strong>sunt</strong></span> <span class='ocrx_word' id='word_1_431' title='bbox 1095 3698 1231 3761; x_wconf 86' lang='lat' dir='ltr'><strong>corrupta</strong></span> 
     </span>
     <span class='ocr_line' id='line_1_46' title="bbox 70 3702 1230 3831; baseline 0.006 -23"><span class='ocrx_word' id='word_1_432' title='bbox 70 3758 102 3808; x_wconf 90' lang='lat' dir='ltr'><strong>in</strong></span> <span class='ocrx_word' id='word_1_433' title='bbox 121 3755 331 3831; x_wconf 84' lang='lat' dir='ltr'><strong>Marburgensi,</strong></span> <span class='ocrx_word' id='word_1_434' title='bbox 350 3774 433 3827; x_wconf 87' lang='lat' dir='ltr'><strong>saepe</strong></span> <span class='ocrx_word' id='word_1_435' title='bbox 452 3702 547 3809; x_wconf 51' lang='lat' dir='ltr'><strong>eadem</strong></span> <span class='ocrx_word' id='word_1_436' title='bbox 565 3752 667 3810; x_wconf 81' lang='lat' dir='ltr'><strong>habeat</strong></span> <span class='ocrx_word' id='word_1_437' title='bbox 686 3756 759 3808; x_wconf 88' lang='lat' dir='ltr'><strong>Gud.</strong></span> <span class='ocrx_word' id='word_1_438' title='bbox 782 3760 805 3809; x_wconf 92' lang='lat' dir='ltr'><strong>l.</strong></span> <span class='ocrx_word' id='word_1_439' title='bbox 830 3755 878 3808; x_wconf 88' lang='lat' dir='ltr'><strong>sed</strong></span> <span class='ocrx_word' id='word_1_440' title='bbox 894 3774 979 3829; x_wconf 86' lang='lat' dir='ltr'><strong>supra</strong></span> <span class='ocrx_word' id='word_1_441' title='bbox 1001 3757 1108 3812; x_wconf 89' lang='lat' dir='ltr'><strong>lineam</strong></span> <span class='ocrx_word' id='word_1_442' title='bbox 1133 3777 1230 3816; x_wconf 88' lang='lat' dir='ltr'><strong>corre·</strong></span> 
     </span>
     <span class='ocr_line' id='line_1_47' title="bbox 71 3825 1230 3902; baseline 0.006 -22"><span class='ocrx_word' id='word_1_443' title='bbox 71 3835 126 3880; x_wconf 83' lang='lat' dir='ltr'><strong>cta.</strong></span> <span class='ocrx_word' id='word_1_444' title='bbox 167 3827 262 3893; x_wconf 88' lang='lat' dir='ltr'><strong>Quare</strong></span> <span class='ocrx_word' id='word_1_445' title='bbox 277 3828 453 3898; x_wconf 83' lang='lat' dir='ltr'><strong>descriptum</strong></span> <span class='ocrx_word' id='word_1_446' title='bbox 472 3843 530 3880; x_wconf 90' lang='lat' dir='ltr'><strong>esse</strong></span> <span class='ocrx_word' id='word_1_447' title='bbox 550 3825 616 3880; x_wconf 91' lang='lat' dir='ltr'><strong>Cod.</strong></span> <span class='ocrx_word' id='word_1_448' title='bbox 641 3825 874 3902; x_wconf 74' lang='lat' dir='ltr'><strong>limburgensem</strong></span> <span class='ocrx_word' id='word_1_449' title='bbox 898 3846 933 3882; x_wconf 85' lang='lat' dir='ltr'><strong>ex</strong></span> <span class='ocrx_word' id='word_1_450' title='bbox 953 3829 1039 3895; x_wconf 91' lang='lat' dir='ltr'><strong>libro,</strong></span> <span class='ocrx_word' id='word_1_451' title='bbox 1066 3832 1117 3901; x_wconf 82' lang='lat' dir='ltr'><strong>qui</strong></span> <span class='ocrx_word' id='word_1_452' title='bbox 1144 3833 1230 3887; x_wconf 91' lang='lat' dir='ltr'><strong>illum</strong></span> 
     </span>
     <span class='ocr_line' id='line_1_48' title="bbox 71 3898 1231 3969; baseline 0.006 -17"><span class='ocrx_word' id='word_1_453' title='bbox 71 3900 162 3952; x_wconf 87' lang='lat' dir='ltr'><strong>etiam</strong></span> <span class='ocrx_word' id='word_1_454' title='bbox 184 3906 277 3952; x_wconf 85' lang='lat' dir='ltr'><strong>aetate</strong></span> <span class='ocrx_word' id='word_1_455' title='bbox 303 3898 493 3961; x_wconf 89' lang='lat' dir='ltr'><strong>antecederet,</strong></span> <span class='ocrx_word' id='word_1_456' title='bbox 524 3898 690 3950; x_wconf 88' lang='lat' dir='ltr'><strong>existimare</strong></span> <span class='ocrx_word' id='word_1_457' title='bbox 713 3898 794 3962; x_wconf 87' lang='lat' dir='ltr'><strong>licet,</strong></span> <span class='ocrx_word' id='word_1_458' title='bbox 820 3900 1088 3969; x_wconf 79' lang='lat' dir='ltr'><strong>praesertim-cum</strong></span> <span class='ocrx_word' id='word_1_459' title='bbox 1113 3904 1231 3959; x_wconf 90' lang='lat' dir='ltr'><strong>subinde</strong></span> 
     </span>
     <span class='ocr_line' id='line_1_49' title="bbox 71 3968 1231 4050; baseline 0.006 -27"><span class='ocrx_word' id='word_1_460' title='bbox 71 3970 160 4023; x_wconf 87' lang='lat' dir='ltr'><strong>etiam</strong></span> <span class='ocrx_word' id='word_1_461' title='bbox 179 3969 395 4040; x_wconf 84' lang='lat' dir='ltr'><strong>antiquissimae</strong></span> <span class='ocrx_word' id='word_1_462' title='bbox 414 3968 630 4023; x_wconf 87' lang='lat' dir='ltr'><strong>scribendorum</strong></span> <span class='ocrx_word' id='word_1_463' title='bbox 646 3969 851 4024; x_wconf 82' lang='lat' dir='ltr'><strong>vocabulorum</strong></span> <span class='ocrx_word' id='word_1_464' title='bbox 870 3971 990 4023; x_wconf 89' lang='lat' dir='ltr'><strong>rationis</strong></span> <span class='ocrx_word' id='word_1_465' title='bbox 1012 3975 1135 4050; x_wconf 83' lang='lat' dir='ltr'><strong>vestigia</strong></span> <span class='ocrx_word' id='word_1_466' title='bbox 1153 3992 1231 4030; x_wconf 87' lang='lat' dir='ltr'><strong>com·</strong></span> 
     </span>
     <span class='ocr_line' id='line_1_50' title="bbox 108 4039 1231 4118; baseline 0.006 -25"><span class='ocrx_word' id='word_1_467' title='bbox 108 4049 201 4106; x_wconf 68' lang='lat' dir='ltr'><strong>retunt,</strong></span> <span class='ocrx_word' id='word_1_468' title='bbox 227 4040 319 4094; x_wconf 86' lang='lat' dir='ltr'><strong>veluti</strong></span> <span class='ocrx_word' id='word_1_469' title='bbox 338 4041 392 4094; x_wconf 91' lang='lat'><strong>111.</strong></span> <span class='ocrx_word' id='word_1_470' title='bbox 412 4040 437 4095; x_wconf 75' lang='lat'><strong>2.</strong></span> <span class='ocrx_word' id='word_1_471' title='bbox 463 4039 622 4093; x_wconf 81' lang='lat' dir='ltr'><strong>ommonebo</strong></span> <span class='ocrx_word' id='word_1_472' title='bbox 644 4057 696 4111; x_wconf 90' lang='lat' dir='ltr'><strong>pro</strong></span> <span class='ocrx_word' id='word_1_473' title='bbox 722 4041 880 4094; x_wconf 79' lang='lat' dir='ltr'><strong>admonebo.</strong></span> <span class='ocrx_word' id='word_1_474' title='bbox 925 4042 1046 4095; x_wconf 83' lang='lat' dir='ltr'><strong>Accedit</strong></span> <span class='ocrx_word' id='word_1_475' title='bbox 1067 4047 1144 4116; x_wconf 85' lang='lat' dir='ltr'><strong>quod</strong></span> <span class='ocrx_word' id='word_1_476' title='bbox 1170 4047 1231 4118; x_wconf 88' lang='lat' dir='ltr'><strong>ipse</strong></span> 
     </span>
     <span class='ocr_line' id='line_1_51' title="bbox 86 4111 1230 4201; baseline 0.006 -37"><span class='ocrx_word' id='word_1_477' title='bbox 86 4112 188 4164; x_wconf 78' lang='lat' dir='ltr'><strong>&#39;brasii</strong></span> <span class='ocrx_word' id='word_1_478' title='bbox 214 4120 315 4183; x_wconf 91' lang='lat' dir='ltr'><strong>stupor</strong></span> <span class='ocrx_word' id='word_1_479' title='bbox 339 4111 426 4165; x_wconf 83' lang='lat' dir='ltr'><strong>iidem</strong></span> <span class='ocrx_word' id='word_1_480' title='bbox 453 4111 533 4175; x_wconf 83' lang='lat' dir='ltr'><strong>iacit,</strong></span> <span class='ocrx_word' id='word_1_481' title='bbox 561 4127 618 4164; x_wconf 89' lang='lat' dir='ltr'><strong>nou</strong></span> <span class='ocrx_word' id='word_1_482' title='bbox 637 4112 724 4164; x_wconf 82' lang='lat' dir='ltr'><strong>luisse</strong></span> <span class='ocrx_word' id='word_1_483' title='bbox 744 4130 776 4164; x_wconf 88' lang='lat' dir='ltr'><strong>ea</strong></span> <span class='ocrx_word' id='word_1_484' title='bbox 795 4130 830 4165; x_wconf 84' lang='lat' dir='ltr'><strong>ex</strong></span> <span class='ocrx_word' id='word_1_485' title='bbox 848 4112 966 4185; x_wconf 87' lang='lat' dir='ltr'><strong>ingenio</strong></span> <span class='ocrx_word' id='word_1_486' title='bbox 990 4114 1062 4179; x_wconf 90' lang='lat' dir='ltr'><strong>eius,</strong></span> <span class='ocrx_word' id='word_1_487' title='bbox 1089 4117 1166 4201; x_wconf 71' lang='lat' dir='ltr'><strong>quod</strong></span> <span class='ocrx_word' id='word_1_488' title='bbox 1184 4119 1230 4171; x_wconf 85' lang='lat' dir='ltr'><strong>ed·</strong></span> 
     </span>
     <span class='ocr_line' id='line_1_52' title="bbox 73 4183 1167 4253; baseline 0.005 -19"><span class='ocrx_word' id='word_1_489' title='bbox 73 4184 189 4237; x_wconf 91' lang='lat' dir='ltr'><strong>modum</strong></span> <span class='ocrx_word' id='word_1_490' title='bbox 206 4183 309 4236; x_wconf 86' lang='lat' dir='ltr'><strong>habuit</strong></span> <span class='ocrx_word' id='word_1_491' title='bbox 328 4184 415 4248; x_wconf 89' lang='lat' dir='ltr'><strong>exile,</strong></span> <span class='ocrx_word' id='word_1_492' title='bbox 434 4184 574 4253; x_wconf 82' lang='lat' dir='ltr'><strong>profecta,</strong></span> <span class='ocrx_word' id='word_1_493' title='bbox 593 4199 664 4252; x_wconf 85' lang='lat' dir='ltr'><strong>quae</strong></span> <span class='ocrx_word' id='word_1_494' title='bbox 683 4184 788 4236; x_wconf 86' lang='lat' dir='ltr'><strong>ceteris</strong></span> <span class='ocrx_word' id='word_1_495' title='bbox 806 4192 945 4253; x_wconf 85' lang='lat' dir='ltr'><strong>apparent</strong></span> <span class='ocrx_word' id='word_1_496' title='bbox 964 4187 1167 4241; x_wconf 76' lang='lat' dir='ltr'><strong>emendatiora.</strong></span> 
     </span>
     <span class='ocr_line' id='line_1_53' title="bbox 143 4252 1230 4329; baseline 0.006 -23"><span class='ocrx_word' id='word_1_497' title='bbox 143 4254 225 4320; x_wconf 88' lang='lat' dir='ltr'><strong>Quod</strong></span> <span class='ocrx_word' id='word_1_498' title='bbox 241 4255 296 4307; x_wconf 86' lang='lat' dir='ltr'><strong>alii</strong></span> <span class='ocrx_word' id='word_1_499' title='bbox 315 4270 429 4324; x_wconf 86' lang='lat' dir='ltr'><strong>quoque</strong></span> <span class='ocrx_word' id='word_1_500' title='bbox 448 4254 533 4307; x_wconf 84' lang='lat' dir='ltr'><strong>Codd.</strong></span> <span class='ocrx_word' id='word_1_501' title='bbox 553 4253 584 4304; x_wconf 89' lang='lat' dir='ltr'><strong>in</strong></span> <span class='ocrx_word' id='word_1_502' title='bbox 602 4252 701 4305; x_wconf 90' lang='lat' dir='ltr'><strong>multis</strong></span> <span class='ocrx_word' id='word_1_503' title='bbox 728 4271 794 4305; x_wconf 88' lang='lat' dir='ltr'><strong>cum</strong></span> <span class='ocrx_word' id='word_1_504' title='bbox 812 4255 902 4329; x_wconf 80' lang='lat' dir='ltr'><strong>Regio</strong></span> <span class='ocrx_word' id='word_1_505' title='bbox 925 4258 1118 4324; x_wconf 87' lang='lat' dir='ltr'><strong>consentiunt,</strong></span> <span class='ocrx_word' id='word_1_506' title='bbox 1145 4259 1230 4312; x_wconf 78' lang='lat' dir='ltr'><strong>Pala·</strong></span> 
     </span>
     <span class='ocr_line' id='line_1_54' title="bbox 74 4324 1230 4399; baseline 0.003 -23"><span class='ocrx_word' id='word_1_507' title='bbox 74 4326 195 4379; x_wconf 71' lang='lat' dir='ltr'><strong>tinorum</strong></span> <span class='ocrx_word' id='word_1_508' title='bbox 210 4325 334 4394; x_wconf 71' lang='lat' dir='ltr'><strong>primm,</strong></span> <span class='ocrx_word' id='word_1_509' title='bbox 353 4324 468 4390; x_wconf 82' lang='lat' dir='ltr'><strong>tertius,</strong></span> <span class='ocrx_word' id='word_1_510' title='bbox 487 4330 611 4392; x_wconf 77' lang='lat' dir='ltr'><strong>quartus,</strong></span> <span class='ocrx_word' id='word_1_511' title='bbox 630 4324 757 4394; x_wconf 80' lang='lat' dir='ltr'><strong>quintus,</strong></span> <span class='ocrx_word' id='word_1_512' title='bbox 777 4325 924 4379; x_wconf 77' lang='lat' dir='ltr'><strong>Gudianus</strong></span> <span class='ocrx_word' id='word_1_513' title='bbox 941 4328 1079 4383; x_wconf 78' lang='lat' dir='ltr'><strong>secundus</strong></span> <span class='ocrx_word' id='word_1_514' title='bbox 1097 4340 1125 4383; x_wconf 90' lang='lat' dir='ltr'><strong>et</strong></span> <span class='ocrx_word' id='word_1_515' title='bbox 1144 4346 1230 4399; x_wconf 88' lang='lat' dir='ltr'><strong>quem</strong></span> 
     </span>
     <span class='ocr_line' id='line_1_55' title="bbox 74 4395 1229 4468; baseline 0.003 -21"><span class='ocrx_word' id='word_1_516' title='bbox 74 4414 122 4448; x_wconf 80' lang='lat' dir='ltr'><strong>nos</strong></span> <span class='ocrx_word' id='word_1_517' title='bbox 140 4397 318 4468; x_wconf 87' lang='lat' dir='ltr'><strong>simpliciter</strong></span> <span class='ocrx_word' id='word_1_518' title='bbox 336 4396 493 4451; x_wconf 76' lang='lat' dir='ltr'><strong>Gadicnum</strong></span> <span class='ocrx_word' id='word_1_519' title='bbox 511 4395 633 4448; x_wconf 90' lang='lat' dir='ltr'><strong>dicimus</strong></span> <span class='ocrx_word' id='word_1_520' title='bbox 661 4396 695 4462; x_wconf 92' lang='lat'><strong>(1.</strong></span> <span class='ocrx_word' id='word_1_521' title='bbox 716 4399 771 4463; x_wconf 82' lang='lat'><strong>10.)</strong></span> <span class='ocrx_word' id='word_1_522' title='bbox 806 4397 1063 4463; x_wconf 79' lang='lat' dir='ltr'><strong>„Vindobonenaa‘a</strong></span> <span class='ocrx_word' id='word_1_523' title='bbox 1085 4398 1229 4462; x_wconf 81' lang='lat' dir='ltr'><strong>secundus,</strong></span> 
     </span>
     <span class='ocr_line' id='line_1_56' title="bbox 25 4465 1252 4539; baseline 0.002 -17"><span class='ocrx_word' id='word_1_524' title='bbox 25 4473 28 4478; x_wconf 88' lang='grc'><strong>’</strong></span> <span class='ocrx_word' id='word_1_525' title='bbox 74 4465 304 4538; x_wconf 70' lang='lat' dir='ltr'><strong>Reids&#39;gers&#39;oaaa</strong></span> <span class='ocrx_word' id='word_1_526' title='bbox 323 4466 391 4524; x_wconf 73' lang='lat' dir='ltr'><strong>ideo</strong></span> <span class='ocrx_word' id='word_1_527' title='bbox 415 4477 444 4524; x_wconf 87' lang='lat' dir='ltr'><strong>et</strong></span> <span class='ocrx_word' id='word_1_528' title='bbox 461 4466 696 4537; x_wconf 58' lang='lat' dir='ltr'><strong>vetuariensis,</strong></span> <span class='ocrx_word' id='word_1_529' title='bbox 721 4485 757 4525; x_wconf 79' lang='lat' dir='ltr'><strong>ex</strong></span> <span class='ocrx_word' id='word_1_530' title='bbox 774 4466 978 4526; x_wconf 77' lang='lat' dir='ltr'><strong>anaiaaaidaa</strong></span> <span class='ocrx_word' id='word_1_531' title='bbox 1000 4470 1124 4539; x_wconf 83' lang='lat' dir='ltr'><strong>denique</strong></span> <span class='ocrx_word' id='word_1_532' title='bbox 1142 4469 1228 4524; x_wconf 86' lang='lat' dir='ltr'><strong>codd.</strong></span> <span class='ocrx_word' id='word_1_533' title='bbox 1245 4486 1252 4498; x_wconf 93' lang='lat'><strong>·</strong></span> 
     </span>
    </p>
   </div>
   <div class='ocr_carea' id='block_1_5' title="bbox 0 0 1432 5070">
    <p class='ocr_par' dir='ltr' id='par_1_6' title="bbox 0 0 1432 5070">
     <span class='ocr_line' id='line_1_57' title="bbox 0 0 1432 5070; baseline 0 0"><span class='ocrx_word' id='word_1_534' title='bbox 0 0 1432 5070; x_wconf 95' lang='lat' dir='ltr'><strong> </strong></span> 
     </span>
    </p>
   </div>
  </div>
 </body>
</html>
