2828 5070
565 269 693 333 LIBER
714 270 757 350 ll,
788 272 838 337 26.
1225 276 1290 345 599

125 437 192 499 tibi
212 439 242 498 ni
264 444 357 498 recte
379 435 534 518 probanti
556 437 710 516 placebis,
737 447 809 501 tnm
833 441 899 498 no'n
932 436 1031 502 modo
1052 446 1122 504 tete
1150 445 1287 523 viceris,

125 519 217 602 quod
239 521 349 602 paullo
371 529 448 580 ante
470 521 727 601 praecipiebam,
749 520 808 584 ned
829 539 944 583 ornnes
973 530 1007 584 et
1035 526 1156 589 omnia.
1207 526 1284 590 Hoc
1301 528 1345 583 64-

123 605 234 687 igitur
254 605 317 664 tibi
339 621 501 683 propone,
523 603 776 683 amplitudinem
798 599 924 683 [animi]
953 613 988 665 et
1009 610 1102 688 qnasi
1122 609 1287 690 quandam

125 688 415 772 exaggerationem
438 706 533 766 quam
554 687 746 749 altissimam
768 689 883 765 animi,
905 709 988 768 quae
1005 691 1146 753 maxime
1162 697 1287 756 eminet

128 816 203 824 .--··-
234 816 302 824 ...u-1
313 817 324 822 ..
340 816 594 824 ...α-ι--ο-ι-κ
602 816 630 823 a..

123 859 209 910 bene:
231 856 305 910 Gud.
326 859 352 912 ².
373 857 458 910 habet
477 864 523 912 tua
538 858 660 926 igitar
677 820 804 912 indicti).
817 820 894 934 nugs
910 820 1020 913 omittit
1038 820 1287 919 callidi—sbi]-

122 930 172 980 bet
190 927 218 981 ri
235 927 299 1052 app,
319 944 376 981 non
395 929 507 995 melius,
527 947 613 997 quem
630 929 684 984 tibi
702 936 756 984 tao.
776 931 851 1006 Aug.
870 931 921 984 eir
940 937 1032 996 recta;
1060 952 1132 986 unus
1151 934 1201 987 Ox.
1218 951 1286 1004 pro-

122 1001 213 1053 bante.
289 1014 315 1050 r.
1327 1054 1334 1062 ,

122 1141 169 1192 Ed
195 1079 232 1123 tu
258 1085 312 1123 non
340 1070 420 1123 modo
446 1070 522 1137 tete]
559 1072 691 1147 „Vulgg.
718 1080 787 1126 tam
811 1088 867 1126 non
885 1074 1021 1127 orodota
1048 1074 1122 1128 te:“
1158 1075 1232 1130 Dav.
1253 1077 1285 1130 in

170 1143 223 1194 ,2.
261 1143 321 1196 Mr.

197 1213 336 1267 Temnon
354 1215 437 1268 modo
461 1212 533 1278 tete]
570 1213 673 1287 Vulgo,
700 1222 759 1266 tum
778 1231 830 1267 non
848 1216 930 1269 niodo
947 1225 979 1268 tu
997 1224 1030 1270 te.
1069 1218 1127 1269 Nos
1155 1217 1225 1293 Reg.
1254 1227 1287 1272 et

122 1283 268 1336 Pithoean.
289 1287 446 1354 sequimur.
476 1286 548 1338 llled.
568 1284 663 1348 habet,
682 1293 710 1337 tu
730 1303 784 1339 non
802 1289 885 1340 modo
902 1295 928 1340 te
946 1288 1058 1340 oieaie.
1096 1287 1134 1343 D.

194 1362 253 1407 tam
275 1374 330 1410 non
353 1357 434 1409 modo
458 1354 548 1420 tete]
585 1358 630 1408 lta
653 1356 737 1409 Codd.
765 1360 805 1410 Re
828 1397 835 1410 .
859 1359 932 1411 Gud.
955 1363 978 1414 1.
999 1362 1024 1413 2.
1049 1360 1134 1412 Bern.
1159 1367 1284 1429 quatuor

123 1426 195 1477 Oxx.
221 1446 293 1479 unus
318 1429 398 1479 incid.
425 1430 498 1480 lion.
519 1431 544 1482 2.
576 1427 647 1479 Edd.
672 1435 729 1480 vet.
753 1429 793 1480 Bo
837 1429 906 1482 ierii
930 1430 998 1482 Dav.
1025 1429 1171 1485 nnwolf.
1200 1430 1283 1483 Koel.

123 1496 209 1549 Sche.
229 1517 291 1568 sqq.
322 1500 388 1552 Tute
405 1498 512 1551 habent
532 1498 661 1567 reliquae
680 1499 751 1554 Edd.
772 1499 838 1552 eod.
859 1501 954 1554 Duisb.
974 1509 1097 1569 quatuor
1115 1502 1185 1555 Oxx.
1206 1501 1284 1555 scri-

124 1568 204 1622 bitur
222 1575 312 1622 tamen
329 1587 383 1641 pro
402 1576 459 1622 tum
477 1572 507 1622 in
526 1586 584 1622 uuo
603 1570 669 1632 ΟΜ
688 1571 802 1622 turreio
820 1572 892 1623 Edd.
913 1571 945 1624 Α.
965 1573 995 1623 Β.
1016 1571 1045 1627 S.
1064 1573 1099 1625 Ε.
1119 1572 1149 1625 C.
1169 1572 1282 1626 V.Ilob.

123 1638 224 1709 Steph.
243 1643 324 1696 Junt.
344 1642 407 1693 Asc.
431 1646 453 1696 1.
473 1645 498 1696 2.
520 1643 589 1693 Ven.
611 1649 698 1693 nostr.
729 1644 765 1694 lu
782 1642 848 1695 eod.
877 1643 1006 1697 Vindl.
1048 1643 1097 1696 Ta
1124 1661 1178 1696 non
1203 1643 1284 1698 modo

123 1710 226 1763 viceris
245 1720 292 1777 te,
312 1712 386 1786 Aug.
406 1721 463 1766 tam
481 1730 534 1765 non
552 1713 634 1764 modo
655 1711 826 1767 oineeria
844 1720 896 1777 te,
921 1714 1020 1766 Duisb.
1045 1721 1104 1767 tam
1126 1732 1181 1768 non
1202 1715 1283 1769 moda

123 1790 232 1835 certe
256 1785 369 1847 ciceris,
396 1784 485 1839 llebd.
506 1784 590 1835 vind.
611 1785 636 1836 2.
656 1802 730 1835 unus
749 1786 799 1838 Ox.
820 1791 877 1836 tum
895 1801 949 1837 non
967 1785 1048 1838 modo
1072 1791 1105 1837 te
1128 1785 1282 1839 viceris.

123 1855 198 1905 Mon.
221 1859 244 1909 1.
265 1856 375 1906 omittit
394 1861 460 1909 tum.
488 1854 585 1906 lamb.
605 1853 691 1906 habet
710 1861 779 1906 tam
797 1861 832 1906 ta
851 1871 905 1909 non
924 1857 1004 1909 modo
1022 1862 1055 1909 te
1073 1855 1185 1911 viceris.
1220 1858 1281 1909 Mr.

195 1926 256 1976 liae
275 1952 308 1962 -
326 1924 550 1993 amplitudinem]
579 1960 597 1990 „
608 1925 707 1979 Pleni
713 1925 870 1979 tudinem
888 1925 980 1980 animi
998 1944 1050 1997 pro
1069 1927 1283 1996 amplitudinem

125 1994 209 2047 hebet
227 1996 341 2066 Gryph.
362 1997 471 2065 optimo
490 2014 582 2061 sensu,
602 1997 633 2049 ni
652 1998 752 2048 fallor:
773 2015 829 2064 qua
846 2014 916 2051 voce
935 1998 1032 2050 utitur
1045 1997 1155 2050 Auctor
1172 1999 1208 2051 ad
1226 1999 1284 2052 lle-

124 2083 185 2117 rcu.
211 2069 257 2119 lV.
288 2078 316 2120 ct
343 2067 503 2119 Columella
521 2070 568 2120 lV.
592 2071 634 2123 30.
662 2069 736 2122 Plin.
761 2068 822 2119 alii.
860 2069 912 2122 Est
940 2079 1037 2121 nutem
1059 2068 1129 2122 hacc
1152 2071 1284 2139 perfecta

124 2146 209 2205 atque
229 2139 355 2191 absoluta
373 2139 528 2191 virtutibus
548 2139 678 2192 clunibus
698 2139 848 2191 enimivis
867 2157 1025 2208 quaecum
1050 2139 1089 2191 ita
1113 2148 1155 2192 est
1174 2141 1283 2193 instru-

123 2216 169 2260 cta
186 2218 273 2278 atque
291 2211 411 2274 munita,
431 2211 528 2275 facile,
547 2211 680 2264 adversus
699 2211 827 2263 dolorem
851 2209 971 2275 invicta,
998 2209 1178 2263 difficillima
1196 2227 1282 2280 quae·

124 2297 180 2348 que
209 2291 296 2350 atque
328 2282 486 2351 asperrime
515 2282 684 2334 contemnit.
727 2281 802 2346 Quae
827 2296 1000 2350 quamquam
1031 2281 1070 2332 ita
1099 2283 1166 2342 sint,
1203 2280 1282 2333 nihil

124 2359 221 2403 tamen
244 2354 355 2404 muto.“
378 2354 497 2405 Bratar.
537 2354 639 2405 Merito
664 2351 741 2405 nihil
766 2352 905 2406 mutavit:
931 2370 997 2404 nam
1021 2350 1110 2404 animi
1125 2351 1283 2418 plenitudo,

123 2439 156 2473 ea
180 2423 332 2486 sententie,
359 2441 431 2490 quae
454 2423 504 2475 hic
522 2424 693 2493 requiritur,
726 2423 828 2476 Cicero
852 2422 948 2477 dicere
974 2439 1033 2475 non
1059 2423 1162 2492 patuit.
1195 2422 1281 2476 Codd.

124 2494 222 2548 Guelf.
256 2493 330 2545 Au.
360 2495 453 2545 llaec
485 2495 586 2561 igitar.
619 2494 716 2547 Duisb.
755 2494 817 2546 Hoc
841 2511 939 2562 ergo.
976 2493 1065 2548 uena.
1095 2508 1280 2564 praepone.

124 2566 212 2639 lllnrg.
233 2511 347 2618 barulh.
368 2565 455 2617 Goth
475 2582 511 2616 ex
528 2575 585 2619 ret.
605 2566 667 2618 cod.
685 2579 807 2634 propone
823 2564 889 2619 tibi.
927 2565 987 2620 Mr.

193 2636 408 2704 amplitudinem
432 2635 558 2702 animi]
596 2637 683 2701 „linc
711 2638 797 2689 etiam
825 2637 889 2690 loco
915 2645 946 2691 et
970 2645 1032 2707 post
1058 2637 1090 2690 eb
1109 2636 1283 2693 aaaamam

125 2708 256 2760 inserunt
274 2709 384 2760 Victor.
404 2709 534 2776 quinque
552 2707 646 2761 Poll.“
664 2704 802 2761 Gebhard.
839 2708 943 2761 Credas
966 2724 1013 2760 eos
1040 2708 1129 2761 libros
1147 2709 1189 2763 bis
1208 2709 1283 2764 inse-

123 2795 190 2831 rcre
207 2796 307 2831 vocem
324 2779 508 2842 altissimam,
536 2780 583 2832 sed
602 2779 732 2833 intrarunt
751 2777 843 2831 animi
861 2787 925 2848 post
941 2777 1152 2848 amplitudinem
1169 2788 1200 2832 et
1217 2788 1282 2850 post

124 2850 300 2902 altissimam.
339 2850 450 2902 Similis
473 2866 557 2903 ermr
581 2859 624 2903 ert
654 2849 685 2900 in
707 2866 773 2903 ann.
794 2849 862 2900 Dav.
888 2851 920 2902 in
943 2849 996 2903 ud.
1017 2852 1043 2906 2.
1063 2854 1088 2906 3·
1118 2860 1148 2906 et
1173 2852 1283 2922 partim

124 2922 212 2974 etiam
231 2922 428 2974 recentissime
447 2921 610 2986 oxoniensi,
633 2920 684 2973 ubi
707 2920 781 2993 legis
800 2920 885 2973 codd.
905 2920 974 2973 Pali
1001 2930 1031 2975 et
1049 2921 1160 2975 Davisii
1184 2939 1282 2976 amnes

123 2992 260 3046 exhibere
279 2992 518 3048 altitudinem
535 2990 636 3056 animi,
656 3008 722 3043 cum
741 3000 836 3044 tamen
854 2991 952 3043 nullus
970 2991 1056 3062 plana
1076 2994 1115 3047 ita
1136 2993 1281 3058 exhibent,

121 3064 170 3117 sed
193 3082 290 3118 omnes
317 3062 597 3132 amptitudinem
623 3063 720 3117 anna.
758 3064 819 3117 lloc
846 3078 962 3146 quaque
989 3062 1095 3115 falsum
1118 3071 1169 3128 est,
1195 3061 1282 3132 quod,

121 3136 184 3188 sine
202 3136 286 3189 dubio
306 3152 341 3187 ex
358 3153 511 3219 perperam
529 3135 679 3188 intellectu
697 3151 833 3204 perversa
856 3134 907 3187 illa
926 3132 1073 3187 Gebhardi
1096 3133 1282 3188 annotatione

123 3210 224 3271 refert,
243 3206 339 3270 Verb,
359 3225 390 3257 in
408 3207 461 3260 Ed.
478 3206 553 3259 Vint.
573 3213 602 3262 at
618 3204 696 3259 MSS.
716 3204 803 3258 scribi
819 3204 992 3261 altissimam
1009 3203 1283 3273 amplitudinem

122 3279 220 3340 aninii,
240 3293 308 3344 pane
327 3286 382 3330 etc.
419 3278 480 3331 Me.

192 3347 377 3402 Altitudiaem
401 3354 429 3401 et
453 3346 538 3417 quari
560 3347 703 3417 quandam
726 3346 976 3415 exaggerationem
999 3362 1080 3414 qaam
1106 3344 1283 3401 attierimam

121 3420 222 3487 animi]
260 3420 328 3473 Pell
349 3419 497 3488 nostrique
516 3419 633 3473 Codices
652 3417 799 3482 exhibent,
827 3417 1010 3473 altitudinem
1038 3418 1129 3471 animi
1152 3423 1180 3471 et
1198 3414 1284 3487 quasi

121 3493 263 3563 quandam
285 3491 539 3559 exaggerationem
561 3504 643 3557 aanor
665 3483 837 3542 altirrirnan‘i
864 3490 968 3543 animis
997 3505 1050 3544 nec
1077 3489 1165 3542 aliter
1191 3486 1283 3543 edidit

121 3565 297 3617 Gebhardus.
336 3565 373 3615 At
396 3580 462 3615 cum
485 3560 586 3631 putida
612 3563 650 3614 sit
678 3569 706 3613 et
731 3561 878 3636 inelegans
905 3559 995 3614 animi
1022 3560 1171 3630 repetitio,
1198 3574 1283 3612 nost

119 3637 265 3690 veteribus
282 3635 368 3688 editis
392 3643 506 3687 stannus.
542 3634 580 3687 D.

191 3707 403 3776 amplitudinem
428 3703 574 3770 [animi]
599 3711 626 3757 et
650 3703 731 3773 quari
756 3702 823 3769 eta]
859 3704 984 3758 Ilestitui
1009 3703 1106 3768 animi,
1131 3702 1189 3766 sed,
1217 3717 1284 3753 cum

122 3777 267 3832 FAWoli.
288 3788 317 3831 et
336 3780 382 3831 Or.
402 3777 518 3830 uncinis
537 3775 658 3827 inclusi:
682 3775 737 3827 hoc
756 3775 919 3828 iaciendum
945 3775 1012 3841 fuit,
1037 3776 1116 3844 quia,
1144 3768 1284 3841 quicquid

120 3850 271 3919 scripserit
289 3850 400 3911 Cicero,
420 3856 500 3900 certe
517 3864 577 3900 non
594 3847 636 3899 itu
654 3846 786 3916 scripsit:
808 3846 891 3911 illud,
909 3864 946 3899 ne
965 3846 1088 3919 vestigia
1106 3844 1284 3912 optimorum

120 3920 372 3988 plurimorumque
384 3919 523 3972 Codicum
540 3919 626 3989 plane
645 3917 821 3971 delerentur.
858 3919 911 3970 Est
930 3918 1008 3970 enim
1026 3914 1133 3978 animi,
1169 3914 1200 3965 in
1218 3921 1283 3967 octa

121 3993 191 4044 Oxx.
214 3990 346 4057 [quorum
367 3991 397 4040 in
416 4005 473 4042 nno
491 3990 640 4059 praecedit
669 4003 688 4040 a
703 3987 896 4054 multitudine]
920 3989 990 4062 Reg.
1020 3987 1094 4040 Gud.
1116 3991 1141 4041 1.
1160 3982 1232 4041 2.Α
1275 4024 1281 4035 .

109 4049 205 4116 'nera
224 4063 309 4115 aare.
322 4060 601 4114 noannoeane.
616 4066 639 4116 1.
656 4065 682 4117 o.
693 4063 767 4113 uon.
779 4064 801 4116 1.
813 4061 838 4114 s.
854 4059 938 4111 vnn.
951 4061 1009 4115 ns.
1029 4057 1100 4111 naa.
1111 4059 1140 4110 e.
1153 4055 1187 4109 A.
1201 4055 1233 4106 e.
1263 4094 1282 4137 ⁶.

120 4136 154 4186 E.
168 4136 198 4188 G.
211 4136 243 4185 V.
264 4135 334 4186 Ven.
355 4141 445 4185 nostr.
466 4132 529 4187 Asc.
551 4137 574 4187 1.
595 4136 621 4188 2.
640 4135 721 4186 Junt.
741 4130 851 4185 Sturm.
871 4131 912 4185 Ile
931 4131 986 4185 boc
1005 4149 1059 4185 usu
1080 4128 1161 4182 vocis
1179 4125 1283 4193 ampir-

121 4208 188 4258 tudo
207 4206 266 4258 vid.
286 4205 438 4259 Mencken.
459 4203 534 4257 Obss.
554 4207 587 4257 h.
606 4204 639 4257 1..
659 4220 688 4274 p.
708 4205 752 4258 ὅθ.
789 4205 854 4257 Mox
873 4220 946 4255 unus
965 4202 1016 4257 Ox.
1034 4201 1179 4272 quadarn
1196 4211 1284 4280 erag-

120 4276 290 4342 geratione.
328 4280 381 4330 Pro
400 4274 578 4329 altissimam
592 4288 674 4329 ‘unns
692 4272 772 4327 held.
792 4273 877 4328 habet
896 4271 1043 4339 altissimi,
1069 4282 1102 4326 ut
1128 4271 1222 4322 solent
1245 4266 1284 4319 ln-

121 4347 211 4400 brarii
230 4350 371 4401 adiectiva
389 4347 530 4418 proximis
548 4346 733 4401 substantivis
757 4345 979 4400 accommodare.
1018 4342 1079 4400 Mr.

193 4435 278 4486 qaae
295 4419 417 4475 inarime
435 4418 546 4487 eminet]
582 4416 651 4473 Der.
671 4418 704 4471 ‘m
720 4415 775 4471 Ed.
796 4417 821 4471 2.
841 4416 921 4475 (ledit
938 4416 997 4486 qai,
1024 4412 1107 4483 nulla
1123 4408 1218 4465 addita
1236 4424 1286 4465 an·
