2828 5070
129 287 248 349 XXthl
279 364 281 368 μ
397 285 538 350 INDEX
566 283 823 350 APPARA'I'US
845 282 1016 348 cttlt'lct.

130 469 156 506 σ.
177 463 209 521 ψ.
232 457 255 509 1.
276 456 302 509 2.
332 469 399 505 cum
426 452 479 504 Ed.
504 453 551 517 ii,
579 451 609 504 id
632 467 690 505 non
715 467 748 506 eo
772 451 856 505 debet
874 452 982 516 valere,
1008 459 1041 503 ut
1059 450 1107 503 vel
1126 452 1220 506 eidem
1239 471 1288 509 eos

129 527 205 578 fonti
237 525 405 588 tribuamus,
429 524 480 577 vel
503 523 629 577 similem
654 523 715 576 illis
746 523 947 576 auctoritatem
971 522 1165 577 concedamus.
1212 525 1288 580 Sunt

131 597 210 649 enim
227 596 260 648 in
278 596 380 648 iisdem
398 603 444 647 tot
460 603 596 665 tantaque
614 595 674 648 sive
693 594 882 649 correctionis
900 595 961 646 sive
982 595 1214 664 interpolationis
1237 615 1290 651 ve-

130 668 226 742 stigia,
245 676 279 719 ut
297 667 379 719 illius
397 665 527 722 familiae
545 666 667 719 adscribi
685 683 866 736 nequaquam
883 667 992 718 mereri
1000 665 1166 719 videantur:
1187 685 1300 737 quam·-

131 756 227 809 quam,
249 747 283 791 nt
308 755 354 792 eos
381 746 574 802 contemnam,
598 736 700 790 adduci
719 753 774 789 non
798 754 921 807 possum.
958 738 1077 791 Utinam
1095 745 1209 790 tantum
1227 756 1290 793 om·

131 811 213 864 nium
232 819 292 863 tam
310 816 473 862 accuratam
490 808 651 862 habuissem
670 808 865 874 collationem,
884 825 971 878 quam
990 808 1211 882 Rehdigeriani!

201 881 241 933 Et
267 880 318 933 hic
347 879 464 950 quidem
491 880 551 950 ipse
578 877 809 948 Retutgasam
834 897 901 932 cum
928 877 1148 947 Duiaburgeasi‚
1184 881 1291 950 quibua

70 995 72 998 Α
130 952 267 1007 accedere
286 950 411 1004 vidimus
429 951 810 1022 saepissimeAagustonum,
832 951 1064 1005 Viadoboaenaem
1078 952 1212 1020 primum,
1232 952 1290 1007 Gu-

132 1024 250 1078 diosuma
279 1031 309 1076 et
332 1022 705 1091 Oxom'ememu.1.‚illi,
730 1024 865 1092 inquam,
901 1022 956 1076 duo
983 1023 1084 1087 cndu,
1113 1039 1290 1093 quamquam

63 1109 66 1115 ·
130 1112 213 1167 saepe
231 1094 433 1165 discrepantes,
466 1095 497 1146 in
515 1110 573 1147 uno
591 1102 686 1146 tamen
709 1094 886 1147 conveniunt
911 1109 1020 1159 errore,
1043 1095 1184 1146 nimirum
1212 1095 1291 1164 quod

130 1175 190 1220 tam
208 1183 290 1237 saepe
308 1167 340 1218 in
359 1166 395 1218 iis
412 1165 548 1219 vocabula
564 1165 764 1230 traiiciuntur‚
788 1173 822 1216 ut
840 1164 981 1230 consulto,
1006 1165 1150 1240 augendae
1172 1165 1292 1220 scilicet

131 1237 291 1314 elegantiae
309 1238 412 1313 gratia,
432 1236 462 1289 id
479 1239 589 1289 factum
606 1253 665 1289 esse
683 1237 781 1288 statim
804 1246 946 1307 appareat.
983 1236 1063 1291 Adde
1087 1237 1290 1306 interpolatio·

131 1328 191 1376 nes,
211 1309 313 1379 quibus
330 1309 437 1362 borum
455 1307 598 1361 librorum
616 1308 713 1360 nullus
730 1324 835 1359 vacuus
848 1316 900 1371 est,
918 1307 1146 1380 liehdigerianus
1164 1308 1292 1362 nimium

131 1389 272 1505 ffism
296 1378 1292 1506 ‘tsitutstltttffltlttlltsslsrtttffifflb

133 1469 437 1598 nsunfflsgeuu
455 1520 570 1574 lissam
589 1521 699 1574 concis
718 1486 938 1594 emungens
955 1529 1118 1586 corrector3
1146 1522 1198 1592 qus
1216 1521 1294 1576 uass

132 1612 216 1664 saepe
235 1610 302 1646 cum
320 1593 437 1647 Ernesti
456 1591 671 1663 Guelferbytauo
698 1591 860 1655 concordat,
888 1609 1094 1662 nonnunquam
1120 1609 1186 1645 ctam
1206 1592 1293 1647 Golo-

132 1663 225 1720 m'ems‘
242 1664 389 1717 Francisci
400 1663 525 1718 Fabricii
542 1664 750 1728 Marcodurani,
770 1663 923 1733 aliquoties
943 1680 1009 1716 cum
1028 1663 1132 1717 Codice
1149 1661 1294 1736 ἀνυνύμφ

133 1739 164 1790 in
190 1736 320 1812 margine
338 1736 503 1812 Verburg'ii.
538 1734 595 1789 Sed
620 1753 688 1788 cum
712 1750 810 1787 omnes
834 1733 867 1785 bi
891 1734 960 1787 libri
983 1750 1042 1787 non
1066 1744 1200 1789 accurate
1223 1753 1295 1789 cum

133 1809 232 1879 aliquo
251 1807 327 1860 edito
345 1808 457 1860 fuerint
475 1806 584 1871 collati,
611 1805 661 1860 sed
688 1807 720 1857 in
738 1805 809 1859 locis
834 1805 918 1860 modo
937 1805 1030 1858 dubiis
1054 1806 1195 1877 inspecti:
1227 1808 1295 1878 quis

134 1888 187 1946 est,
206 1879 258 1949 qui
277 1879 351 1932 certi
368 1878 479 1949 aliquid
497 1880 533 1932 de
551 1878 586 1930 iis
603 1878 793 1949 pronuntiare
811 1877 910 1948 possit,
943 1892 1048 1948 eosque
1071 1878 1198 1932 familiae
1221 1877 1296 1932 huic

133 1951 231 2022 potius
250 1966 336 2020 quam
353 1949 442 2002 alteri
460 1951 507 2003 cui
530 1949 585 2001 iam
603 1948 763 2002 adscribere
787 1948 907 2001 audeat?

206 2019 373 2089 Morgiaem
399 2019 464 2074 ΜΕ.
557 2020 687 2081 ensianae
711 2028 824 2074 nostrae
851 2036 919 2072 cum
944 2019 997 2073 Ed.
1017 2020 1131 2072 Erasmi
1149 2021 1180 2072 in
1198 2021 1296 2091 pluri-

134 2092 372 2162 miseonspirare
390 2109 477 2161 supra
494 2091 633 2144 diximum
665 2089 750 2144 babet
767 2089 845 2144 liaud
868 2108 967 2161 pauca,
995 2108 1067 2159 quae
1091 2108 1158 2144 cum
1176 2093 1296 2162 optimis

135 2157 323 2218 consentiint.

206 2233 378 2288 simillimos
397 2250 456 2286 esse
475 2233 672 2288 Monacemem
687 2230 811 2301 primam
833 2239 863 2286 et
881 2232 1065 2287 oxoniensem
1082 2234 1118 2288 D.
1148 2233 1180 2283 in
1197 2240 1297 2303 poste·

134 2304 260 2360 rioribus
283 2305 398 2357 demum
424 2320 440 2358 o
462 2304 518 2357 eris
545 2304 674 2375 partibus
702 2302 891 2373 deprehendi:
925 2305 1024 2358 neutri
1047 2313 1143 2356 tamen
1167 2304 1297 2356 multum

136 2377 290 2431 tribuerim
310 2377 341 2429 in
359 2375 431 2428 locis
440 2321 541 2431 dubiis.
570 2375 664 2441 Quid?
682 2374 759 2444 quod
776 2373 828 2428 ille
847 2375 937 2428 multa
954 2374 1040 2429 habet
1058 2375 1297 2446 interpolationis

136 2467 172 2503 ex
190 2447 371 2502 Editionibus
393 2447 525 2520 vestigia.

210 2518 450 2574 Vindobonemem
463 2518 586 2585 primum
603 2517 766 2587 conspirare
784 2516 845 2568 vidi
863 2517 894 2567 in
913 2517 1012 2569 multis
1031 2535 1098 2569 cum
1115 2518 1296 2586 Aegaeum,

138 2593 168 2642 in
185 2589 261 2641 haud
279 2589 377 2659 paucis
394 2606 461 2641 cuin
479 2588 692 2657 neuburgensi
709 2596 738 2642 et
757 2587 894 2642 Gudiaao.
932 2588 1025 2643 Unius
1051 2596 1147 2641 tasnen
1167 2604 1214 2641 eos
1233 2605 1296 2644 esse

136 2661 264 2713 familiae
283 2660 457 2712 contendere
476 2676 534 2712 non
553 2661 657 2712 ausim:
676 2667 852 2730 praestantes
870 2677 1050 2729 nequaquam
1068 2659 1202 2712 dixerim.
1228 2662 1230 2665 ’

208 2732 286 2784 Haec
303 2731 366 2783 iere
384 2737 461 2794 sunt,
490 2748 562 2800 qnae
585 2730 723 2783 monenda
745 2730 925 2784 videbantur.
963 2730 1038 2795 Quae
1061 2732 1086 2782 si
1111 2730 1207 2783 minus
1233 2748 1299 2801 spe-

138 2801 224 2867 ciose,
252 2817 339 2872 quam
365 2818 435 2854 vere
460 2801 536 2854 dicta
563 2802 750 2872 apparebunt,
782 2802 905 2854 monitos
928 2802 1017 2854 velim
1042 2803 1175 2866 lectores,
1207 2802 1297 2873 plura

138 2889 227 2955 eaque
241 2870 393 2955 ‘splendida
409 2879 495 2941 atque
514 2873 666 2956 magnifica
680 2871 776 2926 dicere
796 2890 840 2926 me
852 2890 910 2927 non
925 2874 1061 2942 potuisse,
1080 2876 1181 2927 fucum
1198 2875 1297 2928 iacere

137 2944 301 2998 hominibus
320 2950 450 2998 oratione
469 2943 615 2998 asnbitiosa
632 2952 718 3015 atque
737 2946 884 3020 arroganti
903 2945 1036 2998 noluisse.
