2828 5070
568 324 700 389 mnne
721 323 765 405 11,
786 325 839 393 rs.
868 373 877 383 .,
1045 344 1081 375 ,·-
1219 322 1281 390 sos

126 518 227 582 quum
249 518 287 558 cx
310 494 447 556 renibus
469 493 652 569 laboraret,
684 493 814 574 ipsein
836 489 962 552 eiulatu
975 487 1174 569 clamitabat,
1201 489 1284 553 falsa

126 581 284 657 essedis,
306 599 389 663 qnae
411 585 508 639 entes
529 575 571 639 de
592 573 708 638 dolore
731 577 803 656 ipse
830 575 994 636 sensisset.
1045 574 1149 637 Quem
1181 593 1283 656 quum

127 663 300 726 Cleanthes
323 659 571 741 condiscipulus
593 665 742 746 rogaret,
763 676 923 740 quaenam
942 658 1029 718 ratio
1047 675 1123 718 enm
1145 655 1186 719 de
1207 677 1283 719 sen·

127 749 232 809 tentia
253 744 456 822 deduxisset,
479 742 664 826 respondit,
689 743 782 818 Ouio,
804 760 897 822 quum
910 749 1158 820 tontomoperoe
1175 739 1283 819 pbilo-

126 918 243 970 Ceusaun
258 917 284 968 ei
295 915 478 967 fuissehnius
497 914 706 965 inconstantiae
717 912 819 966 Cicero
837 912 879 962 ait
897 911 1028 962 morbum
1047 925 1159 974 renum,
1179 911 1285 964 dissen-

126 989 201 1040 tiens
221 995 249 1039 et
268 1005 283 1038 a
301 1004 330 1038 se
350 986 409 1056 ipso
429 994 457 1036 et
477 1002 492 1035 a
510 985 639 1061 Diogene
659 984 787 1044 Laertiot
813 1001 880 1035 nam
905 989 933 1035 et
952 981 1011 1052 ipse
1030 982 1061 1033 in
1079 982 1183 1035 ultime
1197 991 1282 1104 Earte

126 1058 224 1127 quinti
242 1057 312 1108 libri
336 1056 371 1108 de
390 1054 484 1108 Finib.
505 1055 546 1107 sic
565 1055 680 1110 scribit:
700 1052 791 1108 Nobis
809 1064 862 1108 etc.
884 1049 923 1118 [v.
944 1070 1007 1103 ann.
1028 1051 1110 1119 Dan]
1134 1052 1173 1105 Et
1222 1055 1285 1106 adr·

125 1129 184 1180 tius
204 1129 235 1179 in
251 1128 312 1178 vita
330 1127 463 1190 Zenonis,
482 1142 550 1178 cum
568 1127 628 1179 eius
654 1125 797 1178 auditores
822 1132 996 1189 recenseret,
1021 1123 1119 1195 inquit
1137 1126 1285 1187 Διονύσιος

125 1197 345 1267 ὁμοοαθέμενος
365 1218 389 1251 κ.
410 1220 433 1251 τ.
452 1199 475 1248 l.
508 1197 545 1263 [v.
572 1215 636 1248 ann.
663 1196 745 1262 Dan]
772 1213 825 1248 noc
850 1213 907 1248 non
934 1194 966 1246 in
987 1195 1048 1246 vita
1073 1195 1182 1247 Herilli
1207 1196 1284 1249 idem

126 1270 311 1322 confirmavit
335 1272 480 1328 Διονύσιος
497 1267 528 1319 δὲ
555 1269 571 1319 ὁ
596 1268 782 1338 μεταθέμενος
806 1267 877 1328 τέλος
903 1283 927 1322 κ,
946 1283 968 1317 ο.
988 1269 1011 1320 i.
1041 1264 1080 1331 [r.
1107 1284 1172 1317 ann.
1200 1265 1283 1337 Dan]

126 1340 206 1407 Quod
230 1349 326 1392 autem
354 1341 456 1392 Cicero
480 1338 560 1390 varie
579 1339 613 1390 de
637 1338 736 1391 eodem
753 1338 917 1402 tradiderit,
942 1337 1073 1390 accidere
1091 1337 1196 1408 potuit,
1216 1338 1285 1408 quia

125 1413 245 1465 fortasse
264 1410 315 1462 alii
335 1411 423 1464 etiam
441 1408 546 1462 Graeci
565 1410 721 1479 scriptores
739 1406 828 1462 aliter
845 1409 879 1461 de
899 1424 931 1460 eo
950 1407 1042 1460 locuti
1062 1408 1133 1461 sint:
1157 1408 1206 1460 val
1223 1408 1285 1463 fuit

124 1483 299 1555 μνημονικὸν
317 1482 476 1554 ἁμάρτημα,
514 1479 680 1532 Cuiusmodi
707 1495 819 1534 errores
843 1488 872 1533 et
897 1478 982 1549 parvi
1008 1480 1126 1532 omnino
1145 1478 1285 1533 momenti

124 1563 200 1618 sunt,
227 1562 256 1606 et
274 1553 307 1604 ab
332 1570 374 1618 eo,
400 1552 451 1622 qui
476 1551 568 1603 multa
590 1550 705 1613 scribat,
734 1568 819 1625 aegre
843 1550 932 1603 vitari
949 1549 1098 1620 possunt.“
1126 1549 1282 1605 Victorius.

125 1624 234 1677 Corum.
255 1622 399 1694 Anonym.
411 1642 455 1695 ap.
468 1622 591 1697 Leodeg.
612 1620 689 1686 aQu.
709 1622 809 1686 „Cum
827 1622 883 1674 hoc
901 1619 976 1686 loco,
994 1621 1044 1689 ait,
1064 1621 1170 1675 scribet
1182 1620 1284 1676 Ciceris

124 1694 292 1766 nephritide
311 1695 482 1765 Dionysium
508 1693 657 1757 laborasse,
682 1690 739 1745 alio
764 1693 828 1746 loco
855 1693 1009 1766 ὀφθαλμίᾳ,
1036 1694 1154 1745 fortasse
1179 1693 1237 1744 fuit
1259 1692 1284 1746 is

124 1775 249 1837 utroque
268 1766 366 1819 morbo
384 1762 565 1835 correptus.“
602 1764 686 1829 „Aut
705 1762 807 1816 Cicero
825 1763 935 1817 erravit
961 1771 1011 1814 aut
1029 1763 1110 1816 locus
1129 1766 1283 1835 corrupturi

125 1847 176 1890 est.
214 1837 298 1888 Nihil
325 1836 456 1890 decerno.
503 1835 605 1904 Neque
632 1833 765 1904 ineptum
792 1843 889 1887 temen
912 1841 1021 1904 putem,
1052 1835 1076 1886 si
1108 1833 1284 1888 coniecerim

124 1908 267 1978 scriptum
285 1907 386 1960 fuisse:
408 1921 473 1959 nam
490 1920 552 1958 cnm
571 1910 765 1958 extremum
784 1904 863 1957 visu
891 1903 1062 1956 laderaret.“
1079 1903 1192 1958 Nissen.
1217 1904 1285 1961 Sui·

125 1978 229 2030 ficiunt
248 1995 289 2041 ea,
318 1994 390 2047 quae
408 1977 554 2030 Victorius
574 1975 657 2039 dixit,
678 1975 833 2046 scriptores
849 1976 929 2027 varia
948 1977 1066 2028 sortasse
1085 1975 1119 2028 de
1135 1992 1167 2029 eo
1186 1975 1283 2048 philo-

124 2048 212 2119 sopho
231 2047 394 2101 tradidisse:
415 2065 486 2118 quse
505 2047 562 2099 fuit
581 2047 668 2100 etiam
687 2047 830 2099 sententia
847 2045 1013 2101 FAWolfii.
1040 2078 1074 2088 -
1099 2045 1185 2100 Codd.
1206 2046 1280 2102 Gud.

125 2128 155 2174 et
178 2119 266 2174 Rehd.
296 2119 436 2176 omittunt
461 2135 503 2182 ex,
528 2118 611 2170 Vind.
632 2118 658 2170 2.
686 2115 726 2170 in.
755 2114 828 2171 Gnd.
854 2125 883 2170 et
904 2116 1002 2170 Duisb.
1027 2116 1133 2170 habent
1160 2117 1190 2171 in
1207 2119 1222 2173 i
1239 2132 1280 2173 so.

124 2192 271 2245 Posterior
300 2199 364 2261 post
387 2189 442 2243 itta
472 2187 550 2241 addit
578 2188 680 2242 omnio.
724 2186 882 2263 Eregiam
907 2189 938 2240 in
962 2204 1040 2259 seqq.
1067 2188 1186 2242 exbibet
1212 2134 1280 2244 ἒοᾶ.

123 2262 213 2316 Rebd.
234 2262 475 2314 emendationem:
504 2265 731 2329 quaerentes
751 2207 897 2312 §actore
921 2258 981 2327 ipse
1008 2259 1148 2313 sensisset.
1177 2260 1231 2313 Ed.
1250 2260 1280 2313 P.

123 2334 210 2385 habet
228 2349 296 2402 quae
322 2332 354 2384 de
378 2333 476 2385 dolore
501 2337 564 2384 ante
588 2329 735 2384 sensisset:
754 2328 865 2383 omittit
892 2329 953 2396 ipse
971 2329 1057 2382 etiam
1082 2348 1161 2382 unus
1176 2330 1226 2383 Ox.
1248 2358 1282 2372 -

124 2403 195 2456 Edd.
216 2403 249 2453 A.
269 2404 299 2454 B.
321 2402 349 2455 S.
369 2404 403 2457 Ε.
424 2402 454 2454 G.
473 2401 507 2452 V.
527 2402 607 2453 Junt.
634 2403 704 2453 Ven.
727 2405 750 2456 l.
769 2403 795 2456 2.
815 2400 887 2453 Med.
909 2401 979 2463 1.2.
1006 2402 1077 2454 Ven.
1102 2410 1191 2454 nostr.
1216 2403 1280 2455 Asc.

126 2480 149 2531 1.
170 2475 196 2528 2.
217 2474 283 2526 liob.
305 2472 405 2542 Steph.
427 2471 549 2526 HWolf.
568 2471 674 2524 babent
693 2470 828 2524 sensisset
845 2471 916 2539 ipse.
954 2470 1013 2525 Mr.

195 2545 239 2596 lis
257 2543 371 2597 renibus
389 2542 541 2608 laboraret]
577 2544 665 2596 Ilecte
683 2542 797 2595 monuit
814 2544 874 2595 Pet.
888 2541 1044 2606 Victorius,
1063 2541 1231 2596 Ciceronem
1249 2543 1283 2597 sb

123 2615 188 2666 aliis
208 2623 236 2666 et
254 2633 269 2667 a
288 2631 316 2666 se
335 2615 396 2684 ipso
415 2614 581 2666 dissentire:
602 2631 667 2666 nam
686 2612 736 2664 lib.
756 2614 789 2664 V.
810 2612 844 2666 de
863 2612 928 2666 Fin.
949 2630 1009 2685 cap.
1028 2616 1071 2668 ³1.
1091 2614 1133 2666 sic
1151 2614 1204 2667 eit:
1224 2612 1283 2669 No·

123 2686 168 2738 dis
192 2686 371 2739 Heracleotes
397 2684 447 2737 ille
470 2682 624 2753 Dionysius
656 2681 800 2752 flagitiose
827 2683 978 2738 descivisse
1003 2683 1116 2738 videtur
1141 2700 1159 2737 ο
1178 2683 1283 2741 Stoicis

121 2763 236 2825 propter
259 2757 440 2809 oculorum
464 2755 633 2820 dolorem.
680 2755 812 2822 Laertius
836 2756 867 2807 in
893 2755 1009 2808 Zenone
1033 2754 1083 2807 lib.
1103 2755 1166 2809 Vll.
1194 2754 1216 2821 i.
1236 2759 1281 2812 st.

123 2831 270 2889 Διονύσιος
288 2828 304 2878 ό
321 2826 508 2899 μεταθέμενος
526 2825 564 2886 οἷς
581 2830 630 2895 τὴν
648 2822 764 2896 ἡδονήν·
784 2824 831 2878 διὰ
842 2822 1287 2899 γὰρσφοᾶράνὈΦΘΑΑΜΪΑΝ

123 2899 245 2964 ὤκνησεν
273 2897 313 2949 ἔτι
338 2898 426 2964 λέγειν
454 2899 504 2949 τὸν
528 2900 617 2952 πόνον
640 2895 815 2966 ἀδιάφορον·
843 2890 924 2959 οὗτος
946 2894 981 2964 ἢν
1006 2897 1201 2969 Ἡρακλεώτης.
1242 2899 1282 2954 Et

122 2969 144 3032 i.
168 2973 226 3025 166.
265 2970 409 3032 Διονύσιος
432 2969 570 3036 dissecti
593 2985 654 3030 ενος
675 2971 748 3031 τέλος
772 2960 830 3021 elne
848 2971 897 3036 τὴν
920 2966 1025 3037 ἡδονὴν
1048 2965 1096 3023 ded
1120 2978 1283 3041 περίστασιν

121 3033 370 3092 ’οΦΘΑΛΜΪΑΣ.
408 3041 487 3092 llanc
506 2987 623 3110 quislim
640 3045 788 3108 μετάθεσιν
806 3048 976 3104 memorant,
997 3039 1057 3092 eius
1075 3057 1147 3094 vero
1166 3056 1282 3095 causam

122 3127 181 3163 non
208 3113 335 3177 tradunt,
365 3113 507 3163 Lucienus
532 3111 575 3163 bis
603 3129 691 3164 accus.
721 3109 803 3163 Tom.
824 3110 861 3163 ll.
888 3126 954 3185 pag.
973 3112 1034 3166 227.
1065 3119 1094 3164 et
1115 3110 1281 3167 Athenaeus

122 3181 172 3232 lib.
192 3183 255 3233 Vll.
275 3200 339 3256 pag.
359 3184 420 3237 281.
442 3200 473 3235 ac
492 3182 541 3233 lib.
562 3183 595 3233 Χ.
615 3200 680 3257 pag.
701 3180 762 3236 43¹1.
800 3180 836 3233 D.
1053 3238 1056 3244 ,

194 3252 278 3307 Quem
296 3268 377 3320 quum
397 3250 544 3305 cleanthes
566 3249 788 3319 condiscipulus]
830 3250 884 3304 Est
907 3253 993 3329 idem,
1020 3254 1101 3307 cuius
1127 3255 1281 3330 egreium

121 3321 257 3374 babemus
276 3324 425 3392 Hymnum
443 3322 475 3373 in
492 3324 591 3375 lovem
610 3321 874 3396 (Poettanomicc.
895 3322 1073 3377 edllrunck.
1094 3341 1154 3377 cur.
1166 3272 1279 3382 sebast.

121 3410 150 3462 p·
170 3395 224 3448 203
242 3391 319 3461 sq.).¹
344 3392 395 3446 Sae
418 3394 460 3444 ius
479 3392 513 3444 de
533 3409 565 3446 eo
583 3393 717 3462 loquitur
734 3390 845 3459 Cicem,
871 3394 952 3446 cuius
976 3395 1053 3447 locos
1077 3395 1213 3451 collectos
1236 3398 1281 3451 ri·

123 3464 170 3515 des
190 3465 220 3514 in
240 3463 371 3517 Schiitzii
395 3412 462 3516 Rex.
481 3463 540 3515 Cic.
561 3464 584 3516 l.
609 3482 638 3535 p.
660 3467 718 3520 1³⁷.
755 3462 826 3516 Fuit
850 3463 1002 3518 Cleanthes
1025 3466 1149 3520 Zenonis
1171 3485 1281 3522 succes-

122 3550 176 3585 sor.
198 3566 230 3575 -
249 3536 304 3588 Pro
324 3551 404 3604 quum
421 3534 527 3586 habent
546 3535 610 3588 dum
628 3535 699 3587 Edd.
718 3536 750 3586 P.
769 3532 803 3590 A.
822 3534 854 3591 B.
874 3536 903 3590 S.
929 3534 964 3589 Ε.
989 3538 1069 3591 Junt.
1093 3538 1163 3592 Ἴου.
1189 3548 1277 3594 nostr.

121 3605 184 3658 Asc.
205 3610 228 3660 1,
249 3607 274 3660 2.
312 3606 393 3659 Unus
413 3606 462 3660 Ox.
483 3612 581 3657 tamen.
608 3606 696 3661 liehd.
715 3605 802 3658 habet
820 3606 983 3675 disciputus.
1021 3610 1086 3663 Post
1104 3609 1280 3680 condiscipu-

121 3676 167 3727 ltee
185 3676 291 3729 addunt
310 3675 370 3729 eins
388 3677 459 3729 Edd.
479 3674 511 3729 A.
530 3676 561 3731 B.
582 3676 609 3729 S.
629 3678 663 3729 E.
683 3677 713 3729 C.
734 3676 815 3731 Junt.
836 3679 907 3731 Ven.
925 3687 1013 3731 nostr.
1033 3677 1133 3737 esen.
1155 3682 1278 3740 llWolt,

121 3747 156 3797 ln
175 3747 275 3798 multis
294 3757 336 3800 est
356 3747 490 3801 Cleontes.
527 3747 607 3800 Unus
627 3750 677 3802 Ox.
697 3747 808 3799 omittit
826 3763 895 3815 eum,
915 3748 988 3802 elius
1004 3750 1092 3816 verbe¹
1118 3751 1153 3804 de
1172 3758 1279 3806 tenten-

122 3815 174 3867 tia.
203 3817 291 3869 ltehd.
316 3818 402 3870 habet
430 3834 448 3869 ο
474 3817 614 3882 sententia,
642 3818 823 3871 corrections
851 3820 936 3889 plens
960 3834 1184 3890 supervacanee:
1211 3840 1279 3878 nam

121 3886 254 3939 deducere
273 3889 313 3939 de
331 3915 365 3926 -
383 3889 476 3939 multo
494 3890 676 3957 frequentius
695 3888 770 3940 dixit
788 3888 900 3956 Cicero,
919 3906 1007 3961 mem
1025 3890 1085 3943 ded.
1105 3905 1133 3944 a.
1170 3893 1231 3947 Mr.

192 3957 361 4026 Quicumque
379 3985 412 3995 —
432 3957 563 4022 dedisset,
592 3958 717 4012 dolorem
744 3966 837 4012 tomen
855 3963 933 4028 ferre
958 3976 1013 4015 son
1030 3962 1135 4029 posset]
1171 3965 1278 4053 Vulgo,

121 4028 197 4099 quio,
217 4045 277 4080 curn
297 4029 497 4094 -dedissem,
529 4029 654 4083 delorem
679 4037 771 4083 tomen
793 4031 870 4095 ferre
894 4048 946 4085 non
962 4047 1082 4100 possem.
1115 4032 1171 4088 Sed
1188 4035 1277 4106 ipsius

120 4099 292 4174 syllogismi
311 4100 385 4152 ratio
404 4108 512 4152 certam
531 4100 627 4153 reddit
641 4101 830 4154 celeberrimi
848 4102 974 4157 Bentleii
992 4100 1151 4176 didododw.
1188 4107 1226 4160 D.

190 4170 272 4235 Quia,
299 4187 381 4242 quum
404 4175 511 4224 tontum
534 4187 636 4239 operae
659 4171 726 4238 etc]
763 4172 931 4227 Bentleiena
953 4176 1028 4227 ratio
1052 4177 1182 4247 placebat
1203 4179 1277 4231 Bou-

119 4238 225 4294 hierio.
244 4245 383 4296 Ernestus
409 4244 503 4309 „Non
514 4241 602 4308 bene,
627 4243 678 4307 sit,
703 4243 839 4298 cohaeret
856 4246 946 4300 locus.
984 4245 1102 4303 Conieoi
1119 4248 1277 4325 legendum

120 4328 192 4364 esse:
213 4310 245 4363 Si
264 4317 326 4381 quis
344 4346 377 4358 -
398 4314 583 4379 -dedisset,
603 4314 630 4370 d.
657 4315 735 4379 ferre
759 4331 813 4368 nos
827 4322 941 4384 possete
964 4316 1053 4387 idque
1075 4328 1145 4390 puto
1170 4318 1277 4372 melius

120 4399 178 4434 esse
196 4381 361 4436 Bentleiena
379 4386 499 4439 ratione.
538 4385 601 4439 lloc
619 4385 737 4455 quidem
755 4394 869 4442 certum
887 4396 939 4455 est,
963 4388 996 4442 in
1018 4387 1066 4442 his
1082 4390 1117 4442 de
1135 4389 1275 4459 Dionysio

119 4468 177 4504 non
202 4468 260 4506 esse
287 4469 453 4510 sermonem.
490 4456 581 4512 Debet
610 4457 688 4510 enim
712 4455 763 4510 hic
787 4473 833 4513 res
850 4459 985 4519 universe
1013 4459 1165 4517 snuucists
1183 4460 1275 4515 esse.“
