2828 5070
583 304 712 370 elnon
733 305 777 386 11,
802 307 850 371 m.
918 349 920 353 -
1226 311 1290 377 aas

134 466 267 554 experti
288 470 420 535 sumusl
454 473 552 536 Aetas
575 476 723 535 tironum
742 475 939 555 plerumque
961 473 1095 536 melior:
1116 473 1176 536 sed
1198 479 1289 538 terre

133 557 295 632 laborem,
318 566 529 618 contemnere
551 559 683 634 vulnus,
707 557 912 618 cousuetudo
935 556 1041 618 docet.
1079 559 1287 622 Quinetiam

133 639 286 701 videmus
322 660 360 700 ex
392 643 463 700 acie
486 643 602 701 efferri
631 660 727 721 saepe
753 644 901 703 saucios-t
941 648 976 703 et
1004 638 1136 721 quidem
1169 640 1287 704 rudem

132 723 230 784 illum
253 732 287 784 et
308 724 573 801 inexercitatum,
605 725 754 804 quamvis
783 725 851 785 levi
872 726 954 801 ictu,
983 724 1132 804 ploratus
1160 728 1288 807 turpis-

131 807 234 867 simos
253 805 362 868 edere.
404 807 552 870 atvero
574 807 631 867 ille
660 808 862 869 exercitatus
890 814 1054 883 etvetus,
1087 807 1131 867 ob
1151 826 1287 891 eamque
1343 835 1344 838 ¹

132 907 208 951 rem
228 891 363 963 sortior,
386 888 551 951 medicum
573 889 671 951 modo
693 892 880 973 requirens,
902 909 921 950 a
943 910 1008 972 quo
1032 890 1210 976 obligetur,

132 1055 229 1093 rumara
256 1039 292 1090 ad
320 1039 469 1108 sequentia
493 1039 582 1104 trahi,
613 1048 647 1092 ut
671 1039 816 1117 legamus:
844 1072 876 1083 -
915 1047 940 1093 et
967 1047 1085 1093 ueterem
1113 1043 1287 1096 exercitant

134 1112 272 1166 Ouontum
291 1111 399 1177 raperti
411 1128 513 1176 sarrana,
530 1119 610 1164 oetas
623 1111 742 1164 tironum
758 1113 921 1182 plerumque
938 1113 1053 1165 melior.-
1072 1119 1105 1166 ut
1116 1114 1154 1164 sit
1173 1122 1288 1168 senten·

132 1184 191 1235 tia:
221 1184 352 1251 quamvis
379 1191 452 1235 aetas
472 1184 601 1236 tironum
620 1185 713 1268 magis
731 1183 868 1237 videatur
887 1184 965 1237 bello
984 1184 1206 1250 accommodata,
1238 1203 1289 1239 ex·

131 1255 277 1324 perientia
300 1262 396 1306 tamen
422 1254 529 1318 docuit,
562 1256 678 1307 nonnisi
703 1255 909 1309 consuetudine
935 1254 1031 1309 doceri
1058 1255 1184 1308 militem
1208 1258 1286 1312 fem

131 1326 260 1380 laborem
280 1334 309 1379 et
328 1332 513 1378 contemnere
531 1326 661 1378 vulnera.
691 1323 745 1379 Sed
764 1325 844 1378 nulla
864 1335 908 1379 est
927 1328 1086 1379 mutatione
1105 1343 1184 1397 opus.
1202 1327 1286 1396 Ern,

132 1399 214 1468 quasi
239 1415 296 1451 non
321 1396 467 1450 habuisset
490 1406 678 1467 praeeuntem
713 1414 777 1450 curn
804 1399 935 1454 Bentleio
963 1397 1123 1461 varisium,
1157 1401 1286 1468 peiorem

134 1471 262 1524 servavit
282 1469 510 1533 distinctionem,
537 1477 565 1520 et
583 1467 657 1520 banc
685 1471 819 1538 apposuit
839 1471 1070 1525 annotationem:
1102 1469 1202 1535 „Cart
1228 1469 1287 1525 boc

131 1540 255 1595 verbum
274 1557 333 1593 non
351 1541 423 1593 bene
443 1541 579 1593 convenit
605 1542 736 1610 sequenti
763 1541 930 1595 sententiae.
960 1549 1031 1611 puto
1051 1550 1149 1593 natum
1171 1559 1207 1594 ex
1226 1550 1287 1596 ter·

132 1615 293 1666 minatione
319 1612 401 1666 verbi
427 1612 583 1673 videbitur,
618 1620 703 1682 atque
729 1612 918 1665 delendum.“
953 1612 1095 1666 illirabilis
1121 1621 1216 1667 antem
1243 1620 1287 1667 est

130 1686 263 1738 Nissenii
287 1692 383 1737 annot.
410 1693 438 1737 et
463 1686 646 1737 coniectura:
684 1681 818 1748 „Sensus
843 1692 896 1750 est,
931 1686 981 1745 ait,
1013 1692 1126 1736 tantum
1154 1685 1285 1739 rnilitum

132 1757 289 1810 discrimen
309 1775 379 1822 esse,
400 1764 539 1826 quantum
560 1754 757 1824 experientiae
776 1771 885 1808 eorum.
924 1752 979 1806 Sed
998 1773 1063 1807 cum
1086 1771 1136 1807 cur
1152 1753 1286 1810 Bentleio

132 1839 162 1882 et
180 1827 303 1880 Ernesto
323 1829 451 1881 alienum
469 1828 566 1880 risum
586 1832 668 1889 esset,
689 1825 774 1877 illum
786 1826 869 1898 Bipp.
890 1827 982 1879 secuti
1001 1826 1130 1880 edidere:
1151 1827 1210 1879 Cur
1224 1833 1286 1880 ton·

132 1908 189 1953 tum
210 1926 242 1935 -
263 1927 295 1936 -
315 1901 423 1965 experti
441 1899 556 1951 sumus?
584 1897 642 1965 Qua
667 1904 764 1948 tamen
789 1899 900 1950 ratione
926 1915 1024 1950 sensus
1044 1913 1101 1949 non
1119 1899 1286 1955 commodus

132 1971 269 2026 eflicitur.
308 1971 391 2022 Modo
409 1979 476 2024 ante
496 1975 605 2022 tantum
623 1968 803 2022 intellexeris
823 1969 889 2039 quia
916 1967 1066 2031 [nimirum
1095 1976 1128 2020 ut
1150 1969 1185 2021 ad
1205 1970 1285 2025 Curi

131 2043 362 2113 respondeaturl,
383 2061 448 2095 sana
467 2050 533 2094 sunt
552 2042 655 2092 omnia.
688 2039 743 2094 Sed
761 2057 854 2093 eunias
872 2039 946 2092 mihi
960 2058 1018 2094 non
1035 2041 1142 2111 placet.
1167 2043 1285 2096 Malima

132 2120 263 2178 parantum
287 2115 397 2181 experti
419 2117 502 2166 sont.
532 2113 614 2174 Vis,
645 2118 725 2166 aetna
744 2112 820 2166 etc.“
856 2112 949 2165 Verba
968 2121 995 2166 et
1012 2121 1130 2166 veterem
1150 2114 1286 2172 absunta

132 2186 200 2239 cod.
221 2189 296 2238 Mon.
318 2191 340 2240 1.
378 2185 459 2238 Unus
488 2185 537 2237 Ox.
564 2184 675 2236 omittit
700 2190 829 2249 veterem,
856 2182 1002 2238 ethabet:
1031 2191 1058 2236 et
1083 2187 1285 2250 exercitatum

131 2259 206 2311 alius
230 2258 342 2311 omittit
365 2257 524 2310 exercitam.
553 2255 628 2308 Gud.
647 2259 673 2310 2.
704 2253 792 2308 babet
810 2256 908 2324 quami
932 2272 986 2324 pro
1005 2262 1145 2324 qnantum.
1182 2255 1285 2311 Verbis

131 2336 262 2397 qnantum
286 2329 394 2396 experti
420 2344 512 2381 eumue
535 2327 658 2396 respicit
681 2325 792 2378 bellum
818 2326 905 2379 civile
924 2326 1138 2396 Pompeianum,
1169 2327 1201 2379 in
1228 2340 1285 2397 quo

131 2400 234 2453 Caesar
251 2399 353 2451 habuit
372 2409 573 2452 veteranorum
594 2396 707 2464 robora,
736 2399 785 2470 qui
808 2398 1003 2472 profligarunt
1024 2399 1213 2470 Pompeianos
1232 2413 1285 2451 no·

129 2488 180 2523 vos
198 2471 307 2524 milites
327 2479 356 2523 et
376 2471 587 2523 inexercitatos.
625 2469 685 2520 Mr.
1058 2479 1060 2484 ·

201 2542 274 2597 Quin
294 2541 382 2593 etiam
400 2539 535 2604 ridemur]
561 2538 712 2595 Bouhierii
730 2539 783 2594 Ed.
804 2548 886 2594 vetus
906 2539 1003 2594 Quid?
1022 2539 1118 2596 Etiam
1137 2548 1192 2594 etc.
1228 2537 1285 2594 Sed

129 2613 191 2683 ipse
211 2615 317 2665 merito
338 2612 415 2664 nihil
434 2611 604 2664 mutandum
624 2611 745 2664 censuit.
784 2610 866 2663 Unus
885 2612 934 2664 Ox.
963 2611 1050 2665 habet
1072 2613 1161 2665 ratde
1187 2611 1283 2679 etiam,

130 2685 204 2736 alius
227 2683 386 2750 quoniam
411 2684 505 2737 etiam.
549 2682 649 2757 Pergit
677 2680 744 2735 Cod.
768 2683 855 2735 Vind.
882 2688 906 2737 1.
937 2684 1036 2749 efferri
1060 2700 1094 2738 ex
1117 2684 1194 2747 ocie3
1226 2684 1283 2737 duo
1363 2713 1365 2717 v

129 2755 199 2806 (lxx.
221 2755 330 2820 offerri.
367 2755 461 2809 Verba
484 2760 512 2807 et
536 2754 642 2820 quidem
664 2784 695 2796 —
715 2755 927 2806 iriexercitotnm
952 2755 1062 2807 omittit
1094 2753 1160 2807 cod.
1190 2755 1282 2820 Gud3

131 2825 206 2877 Gud.
228 2831 252 2881 2.
271 2826 358 2879 habet
377 2826 570 2879 inexercitum.
600 2824 680 2891 Quod
697 2826 852 2896 aliquando
872 2827 985 2880 conieci
1004 2826 1105 2879 leuiter
1123 2828 1209 2879 ictum
1228 2840 1282 2898 pro

128 2898 183 2950 leri
202 2898 271 2961 ictu,
292 2916 369 2950 nunc
388 2899 472 2952 video
492 2915 552 2950 esse
571 2897 602 2948 in
621 2912 678 2948 uno
694 2897 761 2952 Cod.
781 2895 850 2950 Dav.
872 2898 915 2963 [in
933 2915 998 2950 ann.
1012 2897 1120 2965 Bentl]
1140 2906 1169 2950 et
1187 2914 1281 2971 marg.

81 3024 84 3031 ,
127 2969 180 3032 Ed.
204 2969 280 3021 Crat.
320 2969 376 3021 Sed
394 2977 491 3021 tamen
510 2985 596 3030 nunc,
629 2985 792 3037 quanquam
816 2969 890 3022 idem
918 2970 1030 3045 corrigi
1054 2968 1180 3021 voluisse
1198 2969 1282 3021 video

127 3058 269 3092 summum
289 3040 464 3103 Bentleiunn,
484 3039 599 3091 etiamsi
615 3039 715 3107 plures
730 3040 902 3093 accederent
920 3040 1000 3102 libri,
1021 3039 1180 3092 correctori
1199 3038 1282 3091 illam

128 3113 318 3181 scriptionem
338 3111 494 3163 tribuerim
512 3109 560 3162 vel
578 3110 745 3177 interpreti,
766 3111 846 3161 cuius
860 3111 957 3185 glossa
975 3111 1063 3164 sitin
1081 3109 1220 3161 orationis
1239 3126 1283 3162 se·

126 3182 201 3232 riem
221 3189 344 3250 recepta.
382 3181 464 3246 Quod
483 3182 561 3232 euim
581 3179 616 3231 de
635 3181 824 3253 ambiguitate
843 3181 999 3233 locutionis
1024 3180 1159 3249 loquitor
1176 3178 1281 3247 Banu,

126 3251 157 3302 id
177 3252 298 3302 minime
317 3259 359 3302 est
378 3251 553 3303 curandum:
581 3249 617 3302 ad
642 3251 697 3302 leot
721 3251 778 3302 ictu
796 3254 993 3321 unusquisque
1011 3268 1047 3305 ex
1065 3251 1149 3304 modo
1169 3260 1282 3304 antece·

125 3320 260 3372 dentibus
280 3321 429 3395 intelliget
448 3323 568 3373 concion
601 3322 636 3372 ln
655 3338 731 3389 seqq.
753 3322 809 3373 duo
826 3324 895 3376 Oxx.
915 3323 969 3375 ille
988 3324 1140 3384 exercitaret
1158 3341 1233 3374 unus
1253 3328 1282 3375 et

125 3392 199 3447 Gud.
221 3393 345 3444 obeam
372 3408 427 3460 pro
446 3394 478 3443 ob
505 3407 650 3458 eamque.
689 3392 819 3469 Egregie
836 3411 910 3446 unus
930 3394 979 3446 Ox.
1001 3395 1032 3445 in
1051 3411 1129 3464 seqq.
1158 3393 1282 3446 mediam

123 3480 179 3535 pro
198 3463 340 3518 medicum.
379 3464 438 3514 Mr.

196 3534 330 3586 medicum
349 3534 493 3599 requirens
508 3531 602 3598 modo]
623 3534 779 3601 „Reqrer'rit
790 3533 905 3607 legitur
915 3536 947 3587 in
959 3535 1088 3605 antiquo,
1103 3536 1281 3589 etrnelius.“

124 3604 254 3657 Uiuiano.
275 3605 376 3675 Neque
387 3604 466 3657 hunc
478 3605 632 3657 verborum
648 3607 780 3659 ordinem
793 3607 872 3658 ullus
885 3605 971 3659 habet
983 3606 1059 3660 liber
1071 3624 1166 3677 neque
1178 3609 1281 3662 lectio-

123 3693 190 3726 nem
211 3676 343 3744 requirit,
373 3695 460 3745 quam
484 3693 537 3727 cur
561 3677 776 3730 commendaret
793 3678 916 3730 Ursinus
941 3694 1007 3730 cum
1030 3677 1147 3730 Darisio
1166 3677 1280 3733 nnllam

124 3762 186 3798 esse
206 3764 319 3798 causam
340 3748 471 3800 idoneam
491 3763 607 3812 crnse03
632 3747 721 3815 ltebd.
743 3756 772 3801 et
791 3747 865 3800 Gud.
885 3747 992 3800 habent
1010 3749 1145 3817 requiret.
1183 3750 1242 3801 Mr.

196 3817 340 3868 Medicum
358 3819 439 3870 modo
457 3819 622 3887 requirens]
648 3819 698 3870 Ait
717 3819 841 3871 Ursinus
861 3820 892 3870 in
912 3835 962 3871 suo
981 3821 1053 3871 Moto
1071 3820 1132 3894 legi
1150 3819 1280 3889 requirit,

123 3886 201 3955 quod
227 3886 331 3939 molius
348 3890 533 3958 pronunciat.
571 3888 701 3940 Fallitur
718 3891 851 3955 omnino;
878 3907 945 3942 narn
970 3892 1098 3948 σύνταξις
1116 3899 1168 3956 est,
1191 3890 1280 3943 medi·

122 3973 184 4009 eom
204 3959 284 4009 modo
302 3960 450 4026 requirens
469 3960 570 4027 inquit,
591 3961 613 4013 0
631 3961 777 4013 Patrocles
798 3969 851 4014 etc.
889 3960 1028 4013 Movenda
1045 3961 1141 4039 igitur
1157 3978 1216 4014 non
1234 3968 1280 4016 est

121 4031 212 4083 lectio
233 4047 305 4097 qnae
323 4031 447 4098 reliquis
467 4031 598 4082 omnibus
615 4031 699 4082 libris
716 4033 834 4084 nititur.
872 4032 908 4083 Di

193 4101 332 4153 medicum
360 4102 441 4153 modo
465 4102 631 4170 requirens]
669 4102 750 4155 Unus
774 4104 825 4156 Ox.
857 4109 888 4154 et
918 4105 991 4178 Aug.
1024 4118 1090 4156 non
1121 4101 1276 4173 requirent.

121 4172 219 4224 Duisb.
239 4189 324 4225 vero
343 4173 506 4243 raptorem.-
538 4182 661 4243 uterque
680 4189 765 4226 error
782 4191 818 4227 ex
835 4190 990 4244 perperam
1014 4174 1091 4228 lecto
1108 4175 1279 4245 compendio

122 4249 203 4295 ortus
228 4251 280 4296 est.
318 4245 378 4296 Mr.

120 4372 122 4379 Ι
194 4311 383 4367 OPotrocter
409 4316 481 4382 etc]
518 4317 617 4381 „Mira
640 4323 804 4370 commenta
829 4324 860 4370 ct
875 4333 974 4370 merae
992 4333 1086 4394 nugae
1105 4318 1164 4370 dici
1183 4314 1279 4368 solent

123 4381 155 4432 in
171 4379 294 4437 huiusce
313 4386 371 4437 loci
391 4389 591 4458 implicatione
610 4389 712 4463 magis,
738 4406 824 4458 quam
849 4389 1051 4459 explicatione.
1091 4387 1210 4453 Quidam
1228 4402 1279 4438 ex-

120 4460 251 4522 ponunt:
271 4453 296 4506 0
313 4455 478 4525 Patricoles,
497 4461 690 4530 omunicipes
707 4460 980 4531 necsquamosa
996 4460 1122 4530 patriam
1139 4456 1276 4511 colentes.
1294 4484 1299 4498 ·
