2828 5070
483 382 486 389 ¹
576 297 841 376 missust.
1226 299 1290 363 ros

134 465 272 527 omittat
309 463 484 546 timorem3
529 466 576 527 sic
610 465 808 552 urgentibus
844 468 973 550 asperis
1002 475 1035 528 31
1072 465 1197 530 odiosis
1231 463 1287 530 do-

132 548 277 621 loribus,
312 551 341 611 si
378 550 463 610 tanti
493 568 560 611 non
588 550 633 611 sit
661 559 701 611 ut
726 548 859 612 ferendi
874 552 974 625 sint,
1003 571 1067 632 quo
1100 552 1146 614 sit
1175 552 1290 613 contu-

144 676 211 683 ⁸—-
229 678 234 683 .
241 678 288 684 .....-.
294 676 502 684 ..—--·----—-
509 677 592 683 -—--
598 678 620 684 ...ι
628 676 744 684 -ψ-ωμοω-
752 677 783 684 ..-
789 677 1040 684 ——-----—-—-.

299 737 409 804 Mater,
429 743 455 790 te
473 736 593 805 appello,
613 750 682 806 qaae
700 751 798 789 curam
815 750 909 788 somno
927 749 1127 803 ruspensem
1143 737 1226 791 lenas.

128 810 186 860 Pro
211 805 350 876 excipient
375 807 443 862 cod.
469 807 542 882 Aug.
567 807 654 861 habet
680 807 829 874 excipiant.
866 807 901 859 13
924 806 996 859 Edd.
1023 805 1050 858 S.
1070 807 1105 858 Ε.
1132 817 1174 860 est
1199 807 1247 878 qni
1264 816 1291 861 te

130 878 282 947 excipient,
311 880 343 931 in
366 882 437 933 Van.
461 889 551 935 nostr.
579 885 607 932 te
629 880 788 949 repositum
815 885 858 930 ast
882 886 949 931 ante
969 879 1122 946 perferent.
1161 881 1195 932 ln
1221 880 1289 934 God.

130 951 230 1003 Dnisb.
252 958 281 1002 et
300 949 356 1003 MS.
378 951 409 1001 in
427 968 516 1035 marg.
537 951 620 1003 Verb.
641 951 669 1003 le
692 951 752 1002 itur
770 955 797 1004 et
814 965 880 1017 qua
899 949 978 1005 vetis.
1016 950 1076 1003 Mr.

204 1021 318 1076 Omnem
343 1022 457 1075 omittas
484 1021 623 1088 timorem]
690 1023 758 1097 ulgo
787 1020 909 1075 omittat.
955 1019 1012 1075 Sed
1043 1022 1112 1097 Reg.
1143 1021 1289 1074 Pithoean.

128 1091 241 1145 Elicns.
261 1101 329 1159 tert.
351 1102 379 1145 et
397 1093 512 1146 Balliol.
531 1102 564 1146 31
583 1093 732 1146 edidimus.
769 1093 806 1147 D.

204 1181 310 1218 omnem
328 1164 473 1218 omittat
492 1164 629 1231 timorem]
664 1167 740 1218 Vera
757 1164 847 1218 lectio
865 1165 987 1228 uariunt,
1007 1165 1157 1217 referenda
1184 1166 1219 1218 nd
1246 1183 1292 1217 su-

152 1235 246 1289 331333
264 1236 293 1289 si
311 1235 358 1288 cui
376 1236 526 1306 naviganti
545 1268 578 1280 -
598 1235 665 1289 deus
684 1236 733 1307 qui
749 1235 866 1301 dimit,
891 1245 1004 1287 snature
1028 1235 1180 1289 obliterata
1199 1236 1258 1289 fuit
1275 1254 1292 1289 a

128 1252 268 1370 iibrariis,
288 1309 339 1376 qui
357 1307 390 1359 ad
408 1309 542 1378 proxima
560 1307 688 1361 solebant
706 1308 850 1377 respicere
869 1315 899 1358 et
916 1307 1057 1376 proximis
1077 1307 1292 1361 accommodare

129 1379 292 1501 {effluentia
325 1396 413 1449 quare
437 1379 587 1463 reperitur
608 1380 697 1432 etiam
719 1378 835 1431 omittas
862 1378 893 1429 in
912 1378 1022 1499 aliqppt
1047 1394 1148 1461 recens
1167 1379 1290 1432 collatis.

129 1466 181 1571 oi.
201 1457 330 1576 titt.
350 1466 450 1572 t'tt
474 1449 964 1591 imiii.¹¹²ii.p⁰i.⁶‘¹i.i.⁰t⁰2⁰55..
994 1450 1293 1589 §.admittat

128 1590 211 1643 Brut.
241 1592 326 1646 Leod.
352 1592 487 1647 Hwolf.·
501 1592 581 1662 sylb.
611 1591 703 1644 Gebh.
730 1592 803 1644 Lall.
824 1592 895 1644 Ern.
916 1590 990 1644 Oliv.
1010 1609 1072 1660 sqq.
1110 1592 1191 1646 Unus
1209 1592 1291 1646 haid.

127 1659 215 1715 habet
239 1662 379 1726 omittes,
406 1682 480 1715 unus
504 1666 554 1718 Ox.
582 1662 680 1715 Duisb.
710 1672 739 1716 et
762 1662 818 1715 MS.
849 1662 880 1713 in
898 1680 960 1714 mar
982 1700 988 1713 .
1009 1663 1093 1715 Verb.
1119 1664 1290 1718 omittamus.

129 1731 251 1787 omissae
271 1734 427 1808 legendum
453 1752 512 1788 esse
538 1734 597 1787 fuit
622 1734 710 1787 etiam
727 1733 871 1787 sententia
889 1681 1066 1802 Wopfiiensii
1089 1734 1110 1786 1.
1131 1751 1156 1789 c.
1180 1753 1208 1805 p.
1231 1737 1290 1790 130.

128 1801 204 1869 [182.
225 1805 328 1871 Hand]
347 1805 497 1859 Bouhierii
517 1813 547 1857 et
564 1804 731 1870 Fawolfii,
759 1806 810 1873 qui
828 1812 907 1857 recte
927 1804 1084 1877 intelligit:
1114 1803 1291 1870 ratrammo,

127 1875 176 1927 eni
194 1875 262 1929 deus
280 1875 394 1928 dixerit.
421 1877 499 1940 Fuit,
519 1894 609 1945 quum
627 1892 663 1928 ex
680 1876 839 1945 scriptione
857 1875 996 1928 Codicum
1015 1875 1191 1928 coniicerem
1209 1876 1292 1930 omit·
1350 1870 1352 1876 ⁴
1388 1912 1391 1917 ·

129 1951 186 1998 tot
203 1947 249 1999 ir:
268 1947 316 2000 sed
335 1963 391 1998 uon
411 1955 453 2000 est
471 1947 674 2011 necessarium,
699 1947 724 1997 si
743 1947 808 2015 quis
826 1953 906 1999 recte
925 1946 960 1998 ad
983 1946 1181 1998 antecedentia
1197 1955 1294 2001 atten-

127 2016 185 2069 dat.
223 2020 277 2070 Pro
300 2017 469 2084 argentium
495 2036 568 2070 unus
591 2017 641 2079 os.
672 2016 843 2084 ingentibus.
880 2017 969 2071 Rehd.
1002 2017 1188 2086 asperisque
1213 2019 1293 2074 odio·

130 2091 181 2143 sis.
218 2090 279 2143 Mr.

201 2160 230 2213 si
248 2159 320 2214 tanti
337 2160 425 2228 rint,
445 2168 476 2214 ut
494 2160 609 2228 ferendi
627 2177 692 2215 noa
711 2159 802 2225 siat]
839 2159 913 2225 „Sic
931 2159 1097 2234 legendum,
1117 2176 1184 2226 non,
1207 2170 1240 2213 ut
1259 2163 1293 2215 in

126 2231 212 2283 libris
231 2233 366 2307 vulgatis,
386 2235 413 2286 si
430 2234 506 2287 tanti
530 2249 595 2287 non
614 2232 707 2297 sint,
729 2238 761 2284 ut
777 2231 889 2296 serendi
905 2231 991 2284 siut.
1030 2232 1152 2305 Negatio
1177 2233 1293 2286 scilicet

126 2302 192 2354 loco
211 2320 261 2355 suo
280 2313 357 2356 mota
374 2307 480 2370 iuerat,
500 2314 528 2358 et
547 2305 578 2356 in
597 2304 727 2356 alienum
745 2301 913 2355 translata.“
933 2301 1095 2355 Lambinus.
1132 2303 1293 2356 Probamnt

126 2374 518 2428 Lambini'emendationem
544 2376 641 2429 Ursin.
674 2382 702 2427 et
727 2375 808 2425 Brut.
845 2389 969 2443 quorum
994 2373 1138 2444 posterior
1172 2391 1235 2426 eam
1260 2375 1293 2426 in

126 2462 208 2495 suam
228 2444 271 2496 ed.
292 2446 424 2514 recepit:
439 2446 515 2498 idem
534 2446 606 2498 iecit
624 2446 673 2497 Fr.
693 2444 804 2497 Fabric.
824 2444 1041 2495 hanubiuianam
1067 2444 1224 2496 lectionem
1250 2445 1292 2498 ita

126 2516 290 2584 explicans:
312 2517 358 2578 „i.
378 2533 400 2570 e.
422 2516 445 2567 si
467 2518 524 2568 sint
543 2515 750 2579 intolerabiles,
770 2524 798 2567 et
817 2516 947 2577 iustiores,
975 2532 1061 2584 quam
1084 2523 1118 2566 ut
1134 2515 1209 2567 ferri
1228 2532 1292 2585 pos-

125 2587 196 2652 sint,
217 2594 265 2638 331
284 2587 370 2638 etiam
389 2587 518 2651 debeant,
537 2596 671 2656 paratum
689 2595 731 2639 est
750 2588 850 2642 rnortis
874 2584 1074 2659 perfugium.“
1110 2586 1292 2660 „Vulgatam

126 2657 266 2711 exhibent
284 2657 361 2711 MSS.
381 2659 525 2727 plerique.
545 2658 749 2722 at‚Victorius‚
771 2657 829 2712 Pal.
850 2666 943 2726 quart.
964 2659 991 2711 si
1010 2658 1086 2709 tanti
1104 2659 1170 2722 rint,
1198 2663 1230 2709 ut
1248 2659 1292 2725 fe·

125 2729 211 2783 rendi
229 2732 295 2782 sint.
325 2728 478 2780 Lambinus
497 2737 607 2781 temere
626 2729 758 2792 mutarit,
777 2745 834 2780 non
854 2744 975 2796 expensa
995 2728 1127 2780 lectionis
1156 2729 1291 2851 vulqptse

126 2800 295 2854 acrimonia.
317 2800 418 2851 Melius
438 2799 577 2852 Gulielm.
599 2801 626 2853 ss'
645 2799 719 2851 tanti
737 2815 790 2853 non
808 2799 843 2850 si
851 2804 877 2863 t,
897 2800 946 2850 sed
967 2815 1003 2851 ex
1022 2799 1198 2855 coniectura.
1240 2816 1291 2852 ou·

125 2872 239 2925 hierius
258 2872 351 2924 refert
369 2889 383 2922 a
402 2870 516 2922 Davisio
535 2871 664 2940 primum
681 2869 838 2923 lectionem
862 2869 1010 2944 vulgatam
1033 2870 1074 2922 ita
1097 2871 1184 2923 fuisse
1205 2888 1291 2942 expo·

126 2944 227 2995 sitam:
248 2945 276 2997 ai
294 2942 405 2995 dotem
424 2941 490 2995 illos
506 2943 637 3008 perferre
655 2947 708 2993 non
727 2941 766 2994 eit
785 2942 1045 3009 operaepretium:
1073 2943 1195 2994 eundem
1218 2959 1289 2997 vero

126 3021 225 3084 postea
250 3031 285 3066 ex
302 3013 427 3066 Bentleii
453 3013 596 3064 sententia
619 3011 739 3064 edidisse
766 3014 793 3066 ei
817 3011 892 3063 tanti
916 3027 969 3065 non
995 3016 1056 3065 sit:
1083 3012 1136 3064 sibi
1160 3029 1230 3065 vero
1248 3014 1290 3066 ait

126 3084 228 3138 Ursini
248 3093 277 3137 et
296 3083 427 3136 Lambini
446 3085 588 3137 rationem
606 3082 730 3152 probari.
768 3083 829 3135 Mr.

200 3154 233 3208 Si
250 3157 326 3208 tanti
344 3170 398 3207 non
416 3154 465 3220 sit]
502 3154 595 3277 milo
615 3169 671 3206 non
689 3155 755 3207 sint.
794 3153 1032 3207 Eruendationem
1051 3155 1289 3223 Gulielmianam,

589 3241 604 3277 e

125 3242 213 3292 quam
239 3223 371 3294 probavit
396 3225 482 3277 etiam
502 3224 545 3278 ct.
605 3225 722 3288 ntleius,
749 3223 920 3277 admisimus.
958 3226 1029 3278 Vide
1056 3227 1094 3278 sis
1111 3224 1290 3298 Euripidem

125 3297 196 3347 Heo.
216 3312 256 3346 vs.
279 3299 354 3350 11⁰7.
389 3295 427 3349 D.
687 3336 690 3341 -

199 3364 228 3421 ei
246 3367 320 3419 tanti
338 3383 390 3420 non
408 3365 474 3432 sit,
492 3375 523 3420 ut
540 3368 652 3435 terendi
669 3368 749 3435 siat]
786 3369 859 3424 hall.
878 3368 993 3421 Davisio
1012 3370 1213 3439 adstipulatur,
1232 3373 1290 3426 Er·

125 3445 225 3490 uestus
250 3438 397 3502 harabiae,
436 3457 608 3509 quamquam
641 3440 700 3492 eius
731 3440 961 3492 emendationem
993 3448 1026 3491 ut
1058 3460 1137 3494 suam
1163 3446 1287 3513 profert.

126 3509 260 3562 Nissenio
286 3509 365 3561 nihil
392 3510 530 3562 interesse
561 3510 721 3573 videbatur,
753 3520 851 3563 utrum
879 3512 1026 3585 vulgatam
1055 3530 1177 3582 sequens
1211 3515 1289 3590 legas

125 3582 200 3634 tanti
216 3596 278 3634 nost
298 3584 388 3646 rint,
408 3600 443 3632 an
461 3581 573 3646 ferendi
589 3597 657 3636 333
675 3584 762 3647 sint,
783 3582 802 3633 i.
824 3601 847 3635 e.
867 3591 967 3634 utrum
986 3584 1170 3657 negationem
1188 3586 1289 3656 priore

125 3669 163 3703 an
182 3652 340 3734 posteriore
360 3652 423 3705 loco
441 3669 537 3722 ponas.
574 3656 685 3719 „Nam‚
704 3653 754 3716 ait,
773 3660 868 3706 tentus
885 3670 938 3723 pro
957 3653 1026 3707 tulis
1044 3653 1163 3720 dicitur,
1186 3665 1245 3721 aut,
1263 3658 1288 3710 si

125 3721 220 3788 malis,
239 3732 268 3776 et
287 3729 586 3794 temporariasque,
614 3741 647 3776 ac
666 3728 721 3776 lam
739 3725 890 3792 niagnurf‘
926 3724 1001 3778 Satis
1028 3742 1171 3793 perverse.
1209 3726 1289 3780 Reis-

125 3794 192 3845 13133
218 3811 331 3863 quoquc
359 3796 389 3845 in
414 3795 541 3859 eandem,
576 3796 840 3863 inmanitatis,
866 3797 1061 3847 coniecturam
1080 3797 1195 3861 incidit,
1221 3816 1288 3851 enn-

123 3866 247 3933 demque
265 3874 330 3933 post
347 3865 419 3917 Ern.
441 3867 551 3937 recepit
569 3865 734 3919 Schiitzius.
772 3866 918 3920 FAWolf.
940 3867 971 3916 in
990 3864 1094 3917 scholis
1114 3867 1288 3922 Gulielmiu-

123 3936 501 4006 nampraefertexplicans:
523 3956 651 4002 „wenu
667 3953 702 3988 es
722 3936 810 3989 cbeu
830 3935 933 3987 nicht
951 3936 1082 3988 darauf
1097 3939 1285 4005 aukommt‚

125 4007 182 4059 die
218 4005 439 4060 Schmerzen
476 4008 740 4071 ausuuhalten5
777 4007 846 4059 oder
875 4024 980 4059 wenn
1012 4023 1045 4058 es
1082 4009 1213 4063 nichts
1250 4029 1287 4066 so

123 4077 339 4150 Wichtigos
360 4079 423 4143 ist,
444 4078 518 4130 dass
536 4078 597 4130 das
615 4078 861 4150 Sittengesetz
888 4095 920 4130 es
945 4096 987 4128 au
1011 4086 1139 4152 tragen
1162 4082 1287 4156 gabio.
1323 4099 1328 4109 =

123 4149 211 4202 tet.“
250 4150 283 4202 13
303 4148 421 4200 eandem
440 4149 612 4200 sententiam
631 4157 711 4201 recte
730 4148 896 4201 Kiihnerus:
917 4148 940 4199 si
960 4166 1017 4200 non
1035 4165 1138 4217 operae
1156 4155 1287 4223 pretium

123 4223 162 4272 sit
181 4221 293 4272 dolores
311 4220 389 4270 ferre
407 4237 427 4269 s.
449 4219 473 4268 si
491 4218 622 4270 officium
646 4219 720 4272 tanti
744 4235 801 4270 non
825 4220 871 4282 sit,
897 4229 928 4270 ut
954 4227 1008 4275 etc.
1045 4221 1166 4277 Ferrarii
1191 4224 1287 4298 igitur

95 4309 96 4313 ¹
120 4307 180 4343 uon
200 4300 241 4342 est
261 4292 279 4342 i.
302 4310 329 4360 q.
350 4291 516 4344 tolerabiles.
543 4289 680 4342 Ceterum
697 4290 844 4363 vulgatam
863 4291 1030 4355 lectionem,
1050 4310 1123 4361 quae
1143 4296 1286 4362 quomodo

120 4371 185 4413 orta
203 4363 240 4412 sit
259 4363 345 4414 facila
365 4372 406 4414 est
426 4361 460 4413 ad
478 4360 712 4435 intelligendum,
732 4361 837 4412 habent
857 4362 998 4430 plerique.
1028 4364 1108 4416 Unus
1128 4365 1178 4419 Ox.
1199 4365 1284 4421 habet

119 4440 148 4487 ut
166 4432 277 4498 serendi
294 4449 367 4484 oran
377 4434 411 4486 ia
431 4436 496 4499 sint,
516 4433 589 4485 alius
608 4431 720 4485 omittit
737 4432 823 4484 verba
842 4439 871 4484 ut
894 4463 924 4475 -
944 4436 1014 4500 siat,
1041 4433 1097 4487 duo
1115 4450 1182 4491 oum
1200 4438 1285 4496 13333,

150 4565 230 4608 Cicero
245 4563 310 4609 Ture.
325 4564 392 4621 Disp.
407 4566 442 4607 ed.
461 4565 546 4610 Moser.
565 4565 588 4609 Τ.
604 4566 623 4611 t.
992 4539 1034 4606 39
