2828 5070
530 358 546 420 ἡ
562 340 692 406 tstttttlt
705 340 757 424 lt,
778 342 828 409 22.
1207 348 1271 414 stt

121 509 176 586 sit,
199 505 242 569 ob
264 524 400 591 eamque
423 525 554 568 causam
586 515 712 590 pereat,
741 524 987 590 nonnumquam
1009 510 1111 572 etiem
1139 511 1274 596 integro
1314 522 1317 529 ’

122 607 276 672 corpore,
299 610 399 673 quum
422 591 465 665 ei,
487 591 542 672 qui
564 593 706 662 steterit,
733 590 817 651 nihil
838 591 904 652 tale
924 593 1094 654 evenerits
1125 596 1187 672 sic,
1216 594 1274 677 qui

121 673 248 735 doloris
275 675 417 755 speciem
446 674 538 734 ferre
563 692 630 736 non
656 680 806 756 possunt,
839 672 1003 736 abliciunt
1028 693 1074 753 se,
1102 683 1202 760 etque
1226 679 1275 740 ita

119 757 236 817 aillicti
257 762 292 817 et
311 756 490 818 exanimati
510 757 636 818 iscents
659 757 717 838 qui
738 764 848 819 eutem
870 756 1078 836 restiterunt,
1100 757 1277 822 discedunt

121 841 313 920 saepissime
334 841 535 920 superiores.
580 839 665 900 Sunt
687 841 775 900 enim
797 838 956 922 quaedam
989 842 1093 901 animi
1122 842 1276 904 similitu.

121 920 216 983 dines
238 941 313 983 cum
336 939 489 1001 corpore.
532 921 578 984 Ut
599 938 700 984 onera
728 923 893 985 contentis
914 923 1116 1005 corporibus
1143 925 1358 987 faciliusve&-

121 1006 289 1075 feruntur,
319 1007 469 1064 remissis
498 1006 710 1086 opprimunt:
736 1005 906 1067 simillime
931 1009 1061 1067 animus
1089 1008 1277 1070 intentione
1303 997 1327 1032 ⁸·

121 1106 182 1148 sua
209 1085 342 1169 depellit
370 1106 522 1167 pressum
551 1106 681 1150 omnem
712 1088 910 1169 ponderum,
941 1090 1137 1151 remissione
1164 1098 1278 1154 autem

918 1216 1058 1223 --—--——-
1064 1218 1080 1224 -.
1094 1217 1259 1226 —-..---

123 1286 270 1339 nunquam
290 1269 366 1322 dixit
384 1270 488 1325 Cicero
507 1290 535 1324 v.
556 1290 580 1323 c.
600 1273 680 1325 beel.
702 1275 747 1336 16,
766 1273 814 1328 592
846 1273 922 1326 unde
936 1275 1069 1327 ,oninium
1093 1274 1216 1329 obiicere
1234 1275 1278 1330 di-

122 1349 232 1393 xerunt
256 1343 449 1396 recentiores:
488 1342 590 1397 Cicero
616 1358 675 1395 non
704 1344 785 1396 item.
827 1342 882 1397 Pro
913 1343 1015 1410 afflicti
1043 1344 1113 1398 Cod.
1137 1346 1223 1399 Vind.
1250 1352 1276 1404 Ι.

122 1412 224 1476 affecti.
263 1412 391 1482 Sequens
415 1420 441 1466 et
464 1415 605 1466 omittunt
624 1412 710 1466 Godd.
731 1413 822 1468 Rebd.
843 1423 872 1468 et
890 1416 978 1468 lilarb.
1015 1416 1075 1469 Mr.

194 1484 248 1538 Qui
266 1491 355 1536 antem
373 1485 557 1552 restiterunt,]
578 1485 682 1537 blerito
700 1501 759 1537 nen
777 1485 908 1539 obsecuti
926 1494 994 1538 sunt
1013 1487 1136 1541 editores
1145 1484 1278 1542 Bentleio

124 1571 160 1606 ex
177 1555 252 1606 Vict.
283 1562 312 1608 et
337 1571 395 1608 uno
422 1555 491 1611 Cod.
518 1556 629 1609 Davisii
653 1559 808 1611 restiterint
830 1557 1001 1634 corrigenti.
1039 1556 1214 1628 Quamquam
1234 1564 1279 1612 est

123 1629 279 1679 restiterint
299 1626 329 1678 in
348 1626 456 1680 duobus
476 1627 546 1682 Oxx.
566 1634 604 1681 et
622 1635 722 1679 nostro
742 1629 816 1679 Mon.
837 1633 869 1682 l:
896 1636 1045 1699 praeterea
1065 1630 1095 1681 in
1114 1627 1187 1681 Edd.
1206 1631 1278 1683 Ven.

85 1750 89 1757 ,
128 1703 148 1745 Ι.
170 1700 195 1752 2.
216 1698 288 1752 Med.
311 1701 334 1751 l·
354 1701 381 1754 2.
402 1699 484 1751 tunt.
505 1699 533 1752 S.
551 1696 614 1751 Asc.
633 1702 657 1752 1.
673 1700 698 1754 2.
718 1698 788 1751 Ven.
809 1706 899 1751 nostr.
920 1699 1028 1753 Sturm.
1049 1699 1182 1755 ttwolr.
1203 1698 1277 1752 Lall.

122 1768 222 1837 Neque
242 1777 294 1831 est,
329 1770 379 1839 qui
399 1770 519 1835 nesciat,
547 1785 632 1891 qqam
656 1786 740 1839 saepe
759 1769 790 1820 in
809 1767 898 1822 codd.
919 1772 950 1823 in
974 1770 1119 1834 flexionis,
1134 1762 1215 1842 'quas
1233 1769 1279 1822 di-

124 1848 203 1902 cunt,
230 1839 351 1909 syllabis
377 1841 518 1892 turbetur.
584 1840 669 1892 abent
687 1848 838 1911 praeterea
862 1837 917 1893 duo
936 1840 1006 1894 01¹.
1031 1843 1175 1906 resistant,
1203 1858 1278 1894 unus

123 1913 292 1963 resisterent.
314 1910 387 1962 Gud.
408 1916 548 1963 steterunt.
584 1911 687 1988 Pergit
702 1908 787 1964 Vind.
811 1916 834 1965 1.
856 1911 996 1979 decedunt,
1020 1911 1095 1966 Gud.
1115 1915 1140 1967 2.
1168 1914 1280 1965 descen·

125 1984 201 2047 dunt,
227 1998 294 2033 curn
312 1979 419 2034 duobus
439 1983 509 2036 Oxx.
548 1983 608 2034 Mr.

193 2052 262 2104 Sunt
280 2055 352 2106 enim
371 2053 504 2123 quaedum
522 2051 611 2107 animi
629 2053 697 2121 etc]
716 2052 810 2108 bamb.
832 2051 926 2107 dedit:
955 2060 987 2108 et
1013 2053 1087 2111 (tunt
1106 2057 1179 2110 enim
1197 2070 1280 2120 quae·

124 2126 189 2175 (lum
207 2125 296 2177 enimi
314 2123 513 2178 similitudines
531 2141 592 2176 cum
610 2127 736 2192 corpore)
755 2131 784 2177 ut
802 2141 885 2178 onera
905 2133 959 2179 etc.
995 2126 1036 2180 Et
1063 2127 1106 2179 sic
1123 2125 1172 2180 Fr.
1192 2126 1278 2184 Febr.

123 2193 178 2247 hae
196 2197 382 2248 annotatione
402 2195 510 2248 addita:
539 2195 623 2261 „Hoc
646 2196 729 2248 modo
747 2195 819 2249 haec
838 2203 905 2249 sunt
929 2194 1018 2249 distin
1042 2196 1151 2250 nenda:
1190 2215 1279 2268 quum

126 2268 203 2320 enirn
223 2266 344 2320 alterum
364 2267 588 2321 similitudinem
609 2285 625 2318 s
644 2283 765 2336 corpore
784 2265 818 2319 ad
829 2267 960 2320 animum
979 2267 1010 2320 in
1025 2283 1090 2321 erre
1111 2268 1280 2345 ingredere-

124 2347 183 2401 tur,
210 2339 354 2390 rstionem
374 2337 538 2412 generalem
565 2335 600 2390 de
623 2336 865 2391 similitudinibus
889 2337 980 2391 animi
999 2354 1065 2390 cum
1085 2354 1207 2410 corpore
1226 2355 1280 2409 per

125 2405 312 2477 parenthesin
346 2407 541 2477 interponit.“
574 2408 681 2462 Nullus
714 2424 784 2462 vero
810 2407 879 2461 (lod.
914 2409 970 2462 MS.
1000 2410 1155 2463 consentit.
1197 2410 1279 2464 Unus

125 2480 176 2532 01.
204 2479 316 2530 omittit
338 2481 419 2533 enim.
456 2480 514 2531 Mr.

199 2548 235 2601 Ut
253 2564 339 2602 onera
358 2552 491 2602 contentis
514 2550 679 2620 cor-poribus
698 2549 765 2616 etc]
795 2549 830 2603 ln
849 2568 939 2625 marg.
960 2549 1015 2604 Ed.
1038 2552 1109 2604 Ven.
1130 2552 1189 2606 stt.
1207 2551 1279 2609 baec

125 2623 283 2696 leguntur:
304 2619 442 2683 „Ovidius
461 2621 493 2674 in
511 2622 589 2674 libre
608 2620 643 2674 de
661 2623 765 2674 Ponto:
788 2619 840 2686 [ex
858 2623 948 2675 Ponto
965 2623 1003 2674 11.
1025 2624 1050 2675 7.
1072 2625 1106 2676 77
1127 2623 1187 2692 sq]

230 2689 377 2744 sustineus
395 2699 424 2743 nt
443 2708 511 2745 onus
528 2693 671 2745 nitendum
689 2699 738 2745 est
756 2693 860 2747 venire
878 2700 968 2746 recto
988 2692 1026 2761 [l.
1044 2696 1126 2764 pleno
1145 2694 1215 2762 estJ:

232 2762 266 2813 Et
286 2761 321 2827 [1.
342 2760 412 2826 At]‚
434 2764 508 2825 flecti
526 2780 625 2817 neruos
643 2763 670 2816 si
685 2763 807 2833 potiere,
832 2765 919 2821 cedet.
1223 2754 1230 2769 '

126 2832 200 2887 God.
213 2833 300 2884 lllarb.
321 2834 432 2888 omittit
450 2841 488 2886 ut.
525 2836 597 2887 Voci
615 2841 645 2895 ut
661 2851 715 2904 pro
741 2835 783 2887 sic
801 2837 832 2888 in
850 2851 930 2906 seqq.
949 2834 1104 2906 respondet
1119 2833 1277 2904 simillime,

126 2914 159 2957 ut
183 2904 262 2958 intra
283 2906 316 2955 V.
340 2909 365 2961 3.
390 2906 512 2973 ponitur
528 2912 567 2958 ut
586 2934 618 2943 -
642 2905 698 2959 elii
718 2934 749 2942 -
765 2912 901 2975 peterent=
930 2905 1010 2960 item
1031 2922 1082 2960 nos
1101 2935 1134 2945 -
1152 2908 1276 2961 servires

125 2973 202 3046 quod
220 2976 385 3030 observavit
399 2976 494 3030 Kiihn.
514 2976 584 3030 Add.
596 2976 642 3029 Or.
661 2993 716 3046 pro
728 2976 843 3030 cluent.
854 2979 899 3038 tt,
909 2979 952 3033 bb.
973 2985 1011 3030 ut
1025 3005 1054 3015 -
1075 2994 1118 3031 me
1136 2976 1277 3031 audistin

125 3050 202 3100 item
222 3074 254 3084 -
274 3049 409 3112 audiatis.
434 3048 516 3100 Brut.
541 3051 588 3103 53:
621 3048 661 3102 Ut
681 3048 802 3100 Crassus
822 3081 853 3090 -·
874 3062 991 3101 seorsus
1018 3055 1074 3101 est:
1103 3047 1277 3101 similiter

124 3120 289 3172 Scaeuolam
310 3128 364 3172 etc.
384 3121 417 3172 de
435 3120 471 3175 N.
490 3118 524 3174 D.
545 3119 599 3172 lll.
622 3120 669 3173 li:
692 3118 732 3173 Ut
752 3152 783 3160 -
804 3117 879 3172 nibil
896 3125 969 3172 esset
988 3135 1035 3169 -t
1053 3119 1225 3172 similiter
1242 3149 1277 3162 -

125 3205 186 3241 esse
201 3197 289 3257 petest
308 3198 361 3242 etc.
399 3191 480 3242 Unus
500 3190 551 3242 Ox.
572 3188 658 3242 habet
680 3190 849 3257 contemptis.
873 3190 945 3265 Aug.
966 3191 1068 3253 ferunt.
1106 3190 1164 3246 Mr.

195 3259 328 3311 remissis
346 3261 513 3329 opprimunt]
550 3261 626 3326 „llic
643 3260 751 3313 vitium
769 3267 825 3314 est:
848 3276 913 3312 nam
934 3259 989 3312 sibi
1008 3259 1136 3314 membra
1153 3275 1212 3313 non
1230 3275 1277 3314 rs·

127 3327 278 3400 spondent.
316 3330 449 3431 Corripe:
470 3346 554 3385 onera
573 3336 641 3384 cont.
661 3345 736 3400 corp.
756 3332 812 3396 fue.
832 3330 971 3395 feramur.
991 3331 1113 3384 remisso
1135 3330 1190 3394 (sc.
1211 3346 1277 3384 cor-

125 3400 208 3472 pora)
227 3400 394 3470 opprimunt.
436 3403 502 3456 lira.
542 3401 700 3468 „demissis
722 3403 881 3471 opprimunt
903 3418 940 3455 sc.
959 3402 1096 3456 terentes.
1131 3402 1193 3455 Nec
1211 3417 1278 3455 cor·

126 3474 257 3526 rectione
280 3487 352 3541 epus
375 3472 495 3527 Ernesti
518 3476 648 3528 remisse.
687 3473 761 3526 Nam
781 3473 917 3526 contentis
934 3472 1097 3542 corporibus
1119 3473 1191 3527 item
1210 3478 1279 3527 sunt

126 3544 246 3598 ablativi
265 3542 422 3597 absoluti.“
442 3544 551 3598 Nissen.
590 3547 624 3598 ln
642 3543 762 3598 eandem
780 3545 955 3597 sententiam
975 3544 1104 3615 disputat
1120 3541 1277 3598 Schdtsius

127 3617 246 3686 Opuscc.
265 3631 294 3683 p·
314 3619 368 3671 211
386 3633 427 3686 sq.
448 3615 566 3669 addens:
597 3615 683 3669 verba
704 3616 832 3679 [errentur
856 3623 885 3668 et
903 3615 1059 3685 opprimunt
1080 3615 1128 3669 vel
1146 3615 1278 3670 absolute

125 3689 230 3757 posita,
255 3683 303 3737 vel
327 3703 392 3740 cum
411 3688 512 3758 ellipsi
535 3687 661 3756 quadam·
680 3687 749 3741 satis
767 3687 930 3756 frequente,
959 3703 987 3756 q.
1006 3685 1034 3738 d.
1053 3693 1088 3738 ut
1105 3702 1192 3740 onera
1210 3701 1280 3738 con·

126 3757 216 3811 tentis
239 3760 409 3828 corporibus
432 3758 575 3812 facillime
596 3761 723 3825 feruntur
745 3772 785 3810 sc.
812 3772 830 3808 n
852 3757 940 3822 nobis,
969 3756 1101 3810 remissis
1119 3775 1136 3810 o
1173 3757 1280 3809 emaus

128 3846 166 3881 sc.
191 3842 249 3878 nos.
295 3827 445 3883 Praeterea
480 3829 600 3883 Ernesti
628 3827 771 3882 correctio
803 3826 915 3900 duplici
942 3825 1127 3881 incommodo
1168 3826 1278 3879 aberat.
1317 3848 1318 3853 ¹

126 3899 257 3954 Primum
276 3897 425 3952 insuavem
438 3899 583 3952 vocalium
600 3899 714 3951 histum
738 3899 825 3969 parit,
847 3898 969 3953 remisse
986 3895 1155 3967 opprimunt.-
1174 3895 1279 3952 deinde

125 3968 343 4044 ambiguitatem
363 3987 477 4040 quoque
500 3972 530 4046 gi
555 3973 599 4023 nit
622 3977 796 4039 structurae,
821 3971 898 4042 quod
916 3972 967 4040 qui
992 3967 1116 4044 legerits
1143 3974 1175 4023 ut
1192 3982 1280 4023 enm

125 4042 261 4097 contentis
289 4042 453 4109 corporibus
482 3989 596 4107 sinodus
622 4038 761 4108 feruntur,
795 4043 915 4096 remissa
937 4040 1102 4112 opprimunt,
1129 4041 1280 4116 ambigere

124 4123 231 4185 potest,
251 4122 352 4166 utrum
371 4111 561 4184 participium
586 4113 706 4166 remissa
724 4113 759 4166 ad
777 4129 872 4180 onero,
896 4132 931 4166 en
949 4110 1178 4179 «conmoritur,
1203 4113 1280 4165 reis·-

126 4187 248 4239 rendum
267 4188 314 4240 sit.
355 4184 491 4238 Ceterum
512 4181 597 4240 Codd.
619 4184 701 4237 Vind.
715 4187 736 4238 l.
758 4185 844 4239 Marb.
866 4185 908 4237 Au
932 4225 938 4236 .
960 4183 1016 4236 duo
1030 4182 1103 4236 Oxx.
1123 4182 1282 4259 opprimam,

126 4263 191 4308 tur.
210 4260 276 4311 ltlox
295 4256 393 4310 Duisb.
415 4255 450 4309 in
468 4255 662 4320 contentione,
682 4273 756 4309 unus
775 4254 825 4308 Ox.
846 4273 882 4310 so
922 4254 1074 4326 eruptione.
1111 4255 1172 4309 Mr.

198 4346 313 4415 depellit
335 4361 464 4416 pressum
488 4355 594 4400 osanetn
613 4343 780 4416 ponderum]
812 4345 898 4411 „lmo
922 4358 953 4397 re
972 4340 1063 4399 ellit.“
1086 4343 1156 4396 Ero.
1181 4337 1296 4405 Ques.

127 4429 185 4468 non
204 4423 248 4469 est
267 4420 470 4473 necessarium.
507 4417 620 4472 Habent
634 4433 766 4488 pressum
783 4417 818 4469 de
838 4415 897 4470 ellit
913 4415 939 4469 ld
960 4416 986 4470 d.
1006 4415 1032 4466 Ρ.
1055 4413 1087 4466 Α.
1108 4406 1181 4467 RS.
1201 4407 1280 4465 M.

128 4486 208 4540 Junt.
232 4486 303 4543 Ven.
330 4495 420 4543 nostr.
444 4489 508 4543 Ass.
529 4492 553 4543 l.
573 4490 599 4546 2.
636 4489 672 4543 ln
697 4486 766 4543 cod.
793 4486 922 4545 Vnum
946 4494 990 4542 est
1015 4499 1122 4541 omnem
1142 4494 1279 4553 pressum.

1000 4591 1064 4655 37*
