2828 5070
534 289 537 296 ’
589 317 718 379 eleon
749 317 790 392 u,
818 315 866 380 ιε.
1242 319 1309 384 eo

157 503 230 546 osse
251 483 467 546 tolerabilem.
512 480 607 544 Unde
641 482 746 564 igitur
777 478 916 542 ordiarl
938 499 980 542 an
1012 479 1125 543 eodem
1159 478 1313 545 breviter

329 610 364 619 η.
398 608 504 617 ...υ-ω..-
515 608 529 615 ..
558 608 625 615 ..η-
638 608 743 617 -ο-σουο
768 608 881 615 .—0·.--.
922 608 953 617 a·
969 606 992 616 ιο
1019 606 1112 617 --00——0-
1122 608 1189 617 n...-
1199 610 1289 617 ..φ-ι.-
1303 609 1308 616 ι

227 671 409 739 Doloremque
438 670 499 721 eius
522 667 640 733 ornnem]
678 667 805 719 Absurde
834 674 875 719 est
901 666 972 719 haee
999 667 1099 720 lectio:
1134 677 1311 738 quapropter

156 743 304 793 lllanucius
322 751 351 794 et
370 741 522 795 Lambinus
541 749 694 809 reponunt,
714 739 890 807 doloremque
909 740 948 792 eis
967 755 1082 791 omnein.
1117 738 1172 793 Sed
1189 740 1237 792 vel
1255 739 1310 793 hac

156 814 354 865 emendatione
373 820 498 880 recepta,
518 827 574 863 vox
592 811 685 863 media
702 811 797 863 videri
816 811 904 879 possit
931 811 1020 863 otiosa
1047 826 1133 879 quam
1157 820 1311 880 propterea

156 885 246 936 nescit
266 885 338 935 bled.
358 882 466 934 Elieus.
488 890 555 933 tert.
577 891 605 935 et
624 884 749 936 Petrons.
770 881 846 945 dant,
866 881 1043 951 doloremque
1063 881 1122 934 eius
1145 880 1226 934 modo
1252 898 1310 935 om·

156 971 227 1007 nent.
266 953 408 1005 Probabili
428 953 593 1005 coniectura
612 952 686 1026 lego,
706 953 888 1019 doloremque,
908 953 981 1003 velis
1000 951 1091 1017 modo,
1116 969 1223 1004 omnem
1251 969 1310 1005 erre

158 1024 340 1077 tolerabilem.
379 1023 410 1076 si
434 1030 529 1075 {milen
558 1024 682 1074 aliorum
700 1022 841 1075 libroruin
861 1022 962 1074 ductus
981 1023 1140 1092 sequendus
1162 1022 1311 1086 videatur,-

156 1096 249 1147 eiecto
268 1095 358 1157 modo,
378 1094 562 1157 rescribatur,
589 1093 772 1160 dolormeoue,
796 1092 879 1158 velis,
909 1110 1016 1146 omnem
1040 1109 1100 1146 esee
1127 1094 1309 1147 tolerabilem.

156 1167 318 1235 Utrumque
339 1165 454 1236 quidem
473 1164 583 1225 Latine,
603 1165 733 1234 quamvis
756 1166 848 1217 oratio
865 1165 965 1234 priore
985 1165 1118 1218 methodo
1142 1166 1193 1216 liat
1211 1182 1311 1218 nume-

157 1238 257 1287 rosior.
297 1237 433 1288 Horatius
451 1235 501 1286 lib.
522 1226 545 1286 l‘.
565 1235 656 1288 Serui.
676 1237 725 1300 lt,
744 1239 786 1290 54.

325 1338 355 1348 -
376 1306 453 1357 Velis
472 1307 677 1371 tantummodo,
698 1322 765 1373 ottae
785 1314 834 1359 tuo
854 1308 955 1370 virtue,

288 1426 292 1437 ,
321 1377 511 1445 Expuguobie.

155 1450 263 1502 Seneca
282 1448 362 1501 Cons.
383 1450 417 1500 ad
435 1449 571 1500 Marciam
589 1465 649 1516 cap.
669 1448 742 1500 xv1.
778 1446 837 1500 Por
855 1447 892 1500 ud
909 1444 1033 1511 horreolo,
1063 1447 1160 1512 libeat,
1187 1449 1310 1514 [ocultae

156 1527 208 1572 eet.
246 1519 413 1570 Huiusmodi
434 1518 518 1588 plura
536 1518 696 1591 legentibus
715 1527 869 1572 occurrent
888 1527 916 1570 et
934 1518 1073 1571 nonnulla
1085 1520 1226 1594 congessit
1235 1520 1311 1573 Pris-

156 1592 255 1642 cianus
282 1590 332 1642 lib.
353 1590 455 1642 Xl'lll.
483 1590 537 1641 col.
560 1592 637 1644 1145.
674 1590 715 1641 De
735 1607 766 1641 re
786 1590 847 1658 ipsa
863 1588 921 1641 vid.
943 1606 1004 1658 cap.
1025 1590 1068 1645 21.
1106 1589 1142 1646 D.

227 1663 403 1730 doloremque
425 1660 487 1713 ciue
503 1677 612 1717 ⁸ornnem
636 1677 695 1713 esee
721 1658 916 1726 tolerabilem]
952 1660 1080 1713 Bentleii
1112 1661 1254 1714 rationem
1281 1670 1311 1715 et

154 1733 265 1784 Davisii
293 1743 445 1800 utramque
472 1732 577 1784 merito
602 1749 684 1784 nemo
730 1731 850 1784 robavit.
888 1730 1041 1785 Ernestus:
1062 1730 1158 1797 „tium
1177 1732 1227 1796 ait,
1247 1740 1310 1802 post

155 1804 331 1871 doloremque
350 1820 406 1872 quo
426 1806 578 1866 referatur,
599 1819 657 1853 uon
675 1751 767 1854 heliel.
789 1821 855 1853 uam
881 1817 974 1854 serino
994 1811 1035 1854 est
1055 1800 1089 1854 de
1108 1803 1242 1855 universo
1262 1803 1310 1855 do·

155 1874 231 1928 lore:
253 1877 349 1943 itaque
368 1874 522 1926 delendum
540 1873 641 1942 puto.“
660 1874 771 1926 Nissen.
793 1890 850 1924 tion
869 1872 1046 1946 repugnabat
1063 1872 1201 1926 Ernesto:
1223 1873 1326 1927 male··
1382 1872 1386 1888 '

154 1945 202 1999 bat
220 1954 317 1996 tamen
335 1945 386 1996 eie.
423 1945 543 1997 Uneinis
570 1943 750 1997 incluserunt
774 1943 835 1996 eiua
859 1943 930 1995 Bru.
958 1942 1103 1998 FAWolf.
1125 1945 1171 1998 Or.
1200 1943 1309 2009 Nobb.;

155 2015 309 2068 Schiitzius
328 2016 412 2084 plane
432 2015 544 2066 abiecit.
566 2015 612 2067 Or.
638 2016 673 2066 ad
691 2014 796 2067 Wollii
819 2013 929 2066 scholas
954 2031 982 2067 se
1006 2013 1131 2067 lectione
1157 2014 1311 2069 nonnullo·

153 2104 221 2138 rum
239 2087 377 2139 Codicum
396 2087 455 2138 eius
474 2086 571 2138 modo
590 2101 694 2136 omnem
712 2085 864 2154 aliquando
883 2085 970 2138 luisse
1010 2094 1163 2151 ermetem,
1192 2095 1224 2138 ut
1243 2103 1311 2139 con-

152 2157 258 2209 iiceret
282 2159 341 2210 eiua
370 2163 442 2208 vnete
461 2189 492 2199 -
513 2156 750 2220 tolerabiliorem,
783 2173 955 2225 quamquam
1000 2157 1158 2222 ubitauter5
1186 2158 1234 2209 vel
1258 2157 1309 2212 do·

154 2229 293 2296 laremque
313 2229 372 2280 eius
391 2227 555 2295 opinione
579 2244 684 2281 onlnem
703 2243 764 2280 erre
781 2226 1091 2292 tolerabiliorem,
1119 2236 1150 2279 ut
1169 2226 1308 2295 opinione,

153 2301 322 2368 compendio
341 2301 460 2351 sortasse
479 2299 537 2351 scri
558 2307 631 2363 tum,
649 2300 681 2351 ab
700 2299 792 2351 altero
812 2299 980 2367 compendio
999 2299 1078 2350 vocis
1096 2315 1200 2352 orontem
1217 2300 1308 2352 luerit

152 2370 333 2439 absorptum:
359 2386 415 2438 quo
434 2371 510 2421 facto
553 2369 745 2437 omparativus
771 2377 896 2421 mutatus
921 2369 960 2421 sit
984 2368 1015 2420 in
1040 2365 1206 2421 Positivuui.
1244 2371 1308 2445 Ego

117 2472 127 2490 .
151 2457 222 2492 vero
242 2458 308 2492 cum
325 2440 378 2492 Ed.
398 2440 469 2491 Tbn.
490 2441 558 2503 eiua,
586 2440 662 2508 quod
686 2440 822 2492 lliihnero
852 2458 887 2492 ex
904 2439 1002 2510 priore
1021 2457 1105 2493 versu
1130 2440 1308 2516 immigrasse

152 2510 277 2575 videtur,
302 2510 484 2580 postliminio
509 2510 701 2562 reducendum
725 2510 803 2575 duxi,
833 2527 901 2562 eum
928 2527 1024 2562 omnes
1049 2508 1083 2562 ad
1106 2530 1196 2562 unum
1220 2512 1305 2567 Codd.

152 2582 246 2633 nostri
274 2588 388 2632 servent
414 2598 476 2632 eam
500 2597 609 2645 vocem,
642 2599 700 2633 non
726 2589 785 2632 tam
814 2590 907 2633 motus
934 2580 1111 2652 Wopkensii
1140 2581 1307 2648 rationibus,

154 2670 240 2720 quam
258 2653 365 2702 Handii
384 2650 417 2701 ud
437 2651 558 2702 eundem
576 2652 873 2704 locurnannotatione.
912 2653 953 2704 lto
973 2661 1068 2704 autem
1084 2652 1195 2724 Wopk.
1238 2658 1307 2711 ,207
1383 2686 1388 2697 1

153 2741 209 2790 sq.:
230 2723 320 2786 „Hie
340 2723 463 2774 sirecte
483 2722 620 2787 attendas,
638 2724 721 2776 dolor
740 2723 847 2776 doloris
866 2723 983 2787 dicitur,
1004 2724 1138 2792 quoniam
1157 2674 1234 2778 illei
1257 2725 1308 2779 do·

152 2794 289 2860 loremque
309 2793 369 2846 eius
388 2793 498 2845 directo
547 2794 641 2847 uidem
665 2795 700 2846 ad
726 2794 830 2846 inolent
855 2793 994 2864 pertinet,
1019 2794 1154 2864 deinceps
1178 2814 1249 2850 vero
1273 2798 1308 2851 ed
1399 2850 1402 2855 .

153 2865 293 2928 dolorem3
313 2882 399 2933 quem
418 2865 451 2928 is,
470 2865 521 2934 qui
561 2883 609 2917 aec
629 2866 764 2936 disputat,
783 2882 841 2917 non
859 2864 1029 2919 concedebat
1048 2883 1106 2919 esse
1120 2866 1237 2932 malum,
1257 2876 1307 2921 aut

151 2945 265 2990 tantum
283 2945 362 2988 certo
386 2937 502 2998 rualem,
529 2945 668 3004 quantum
690 2937 814 2988 videtur.
852 2938 912 2989 lloo
938 2953 996 2989 non
1019 2936 1178 2990 tolerabant
1196 2938 1305 3004 critici,

152 3009 205 3076 qui
232 3008 418 3061 entendabaut
446 3007 621 3076 doloremque
649 3008 691 3060 eie
716 3024 822 3059 omnem
841 3017 895 3060 etc.
923 3006 962 3073 [v.
982 3018 1091 3061 annolt.
1121 3008 1304 3079 superioreo]⁸

151 3079 224 3130 etthi
244 3095 323 3142 vero,
343 3080 423 3129 iuxta
442 3079 574 3149 exempla
592 3097 663 3147 quae
710 3079 863 3131 retulimus
889 3077 935 3144 [de
955 3079 992 3130 N.
1011 3077 1046 3130 D.
1067 3081 1103 3131 ll.
1130 3082 1154 3135 9.
1182 3081 1225 3134 25.
1250 3076 1304 3133 ΠΙ.

154 3152 194 3202 ll.
223 3149 326 3201 Acadd.
353 3150 453 3202 11.33.
482 3149 531 3200 ubi
556 3156 634 3202 ortes
656 3098 761 3202 miei-e
788 3150 925 3201 dicuntur
943 3155 1042 3215 ortem,
1069 3164 1124 3220 quo
1144 3181 1176 3192 -
1196 3147 1306 3203 ‹titudi-

151 3219 246 3283 cenl5]
265 3220 320 3270 hoc
339 3220 474 3283 loquendi
493 3237 583 3293 genus
601 3236 701 3272 eorum
719 3221 848 3293 catalogo
867 3220 1072 3285 accensendum
1087 3220 1212 3286 videtur,
1233 3238 1305 3290 quae

151 3289 237 3339 nimis
255 3307 361 3362 urgere
388 3306 444 3339 uon
472 3289 590 3342 liceat.“
625 3292 670 3343 Ad
691 3309 763 3360 quae
790 3292 916 3343 llandius
941 3299 1036 3346 annot.
1055 3295 1105 3346 45:
1143 3292 1235 3357 „Nou
1254 3292 1303 3345 itu.

151 3360 186 3413 ln
205 3359 292 3412 verbo
312 3360 383 3410 illud
401 3377 457 3411 non
477 3360 658 3434 intelligitur
675 3364 786 3427 virduno,
804 3362 853 3414 sed
873 3381 926 3427 res,
947 3380 1020 3432 quae
1040 3363 1148 3415 excitet
1166 3362 1302 3417 dolorem.

149 3430 235 3482 Deest
255 3430 333 3480 euim
360 3431 476 3501 linguae
500 3432 605 3482 latinae
630 3434 809 3491 vocabulum,
835 3435 911 3502 quod
928 3433 1097 3505 respoudeat
1122 3443 1219 3486 nostro
1239 3434 1305 3487 Ge-

150 3500 335 3576 geustaud.
373 3501 412 3553 Et
436 3511 513 3554 recte
539 3501 647 3554 dicitur
671 3502 754 3556 dolor
777 3503 897 3557 alicuius
914 3504 959 3556 rei
985 3504 1019 3558 de
1038 3504 1135 3558 dolore
1155 3505 1187 3556 ab
1206 3504 1305 3577 aliqua

150 3590 182 3624 re
211 3573 343 3626 excitato.
398 3570 446 3623 Sic
468 3572 528 3626 Cic.
554 3574 588 3626 ad
612 3574 701 3625 Attio.
722 3579 747 3629 9.
768 3579 794 3631 9.
818 3575 945 3628 iniuriae
970 3576 1082 3629 dolor.“
1117 3578 1170 3628 Pro
1198 3592 1305 3630 omnem

150 3643 216 3696 cod.
239 3647 313 3695 lllon.
336 3647 359 3697 1.
379 3641 463 3695 habet
484 3661 650 3711 ontuemqtte.
688 3645 747 3701 dtr.
1259 3672 1266 3681 ·
1298 3650 1302 3657 ’

227 3732 307 3784 Unde
334 3731 429 3798 igitur
451 3734 583 3799 ordior?]
621 3733 705 3785 Codd.
733 3738 807 3787 lllon.
831 3741 855 3790 l.
874 3738 899 3789 2.
925 3744 954 3788 et
981 3743 1040 3788 tres
1059 3738 1127 3789 Oxx.
1157 3736 1302 3794 exordior.

150 3802 274 3854 Verbum
293 3803 417 3871 simplex
437 3805 467 3855 in
485 3803 539 3857 hae
558 3805 704 3858 locutione
723 3806 856 3859 Ciceroni
876 3814 934 3858 tam
951 3808 1100 3875 frequens,
1119 3815 1149 3861 et
1168 3809 1305 3878 frequen-

148 3872 207 3925 tius
226 3875 298 3935 fere,
318 3881 359 3924 est
378 3892 462 3941 quam
482 3877 681 3943 compositum.
721 3877 763 3928 ed
780 3895 860 3946 seqq.
889 3892 925 3928 ort
952 3878 1048 3931 eodem
1071 3878 1192 3930 breuiter
1215 3878 1303 3933 ottin-

148 3959 216 4010 gam
237 3974 267 3984 -
287 3961 315 3994 v.
336 3945 458 4018 llladvig.
480 3946 571 4015 llpist.
593 3949 663 3999 Crit.
684 3949 717 3999 ad
737 3949 823 4000 Orell.
843 3966 871 4016 p.
893 3952 935 4002 77.
963 3948 1014 4016 qui
1031 3946 1086 4000 hac
1109 3950 1200 4017 altera
1218 3969 1304 4023 quae·

148 4015 242 4067 stione
261 4014 431 4067 Ciceronem
450 4016 546 4068 dicere
571 4019 611 4069 ait
630 4034 659 4071 se
678 4018 742 4070 iude
760 4018 862 4083 ordiri,
886 4028 919 4072 ut
943 4019 1074 4071 breviter
1097 4021 1221 4096 attingat
1246 4032 1301 4077 etc.

146 4089 201 4139 Pro
221 4087 316 4137 eodem
334 4084 418 4136 Codd.
446 4087 518 4139 Gud.
549 4097 577 4140 et
600 4080 695 4140 Duisb.
721 4090 826 4142 liabent
854 4104 894 4141 eo.
934 4093 998 4143 lllox
1025 4091 1109 4144 Vind.
1131 4097 1154 4147 l.
1180 4103 1209 4146 et
1228 4096 1300 4168 Aug.

148 4172 219 4225 quae
238 4158 319 4210 dixi
335 4158 437 4208 modo.
475 4158 573 4231 Pergit
593 4159 666 4213 Gud.
689 4165 712 4216 l.
733 4163 815 4230 quod,
835 4160 882 4213 sed
901 4179 916 4212 a
935 4164 959 4216 2.
982 4180 1019 4215 m.
1040 4180 1125 4232 supra
1143 4164 1195 4216 lin.
1216 4162 1302 4218 babet

148 4242 210 4294 quo.
232 4229 304 4281 Gud.
325 4232 350 4283 2.
371 4228 469 4281 babet:
498 4231 588 4296 poerit
610 4234 754 4299 progredi.
793 4222 856 4286 Post
880 4232 973 4298 igitur
996 4236 1070 4302 lion.
1092 4239 1116 4289 1.
1136 4239 1161 4289 2.
1192 4244 1221 4287 et
1245 4235 1301 4287 duo

148 4298 218 4348 (lxx.
238 4299 290 4349 Ed.
311 4302 339 4350 P.
360 4300 465 4352 habent
485 4299 542 4363 lios,
562 4321 635 4354 tilius
653 4304 764 4356 omittit
784 4303 842 4365 laec,
866 4303 948 4355 Vind.
970 4308 993 4357 l.
1021 4304 1106 4358 habet
1129 4303 1183 4356 boc·
1205 4301 1301 4372 igitur

148 4384 214 4417 cum
233 4369 304 4420 Gud.
326 4375 350 4424 2.
389 4375 452 4424 lust
470 4380 578 4425 coneto!
599 4375 681 4431 vind.
701 4379 726 4430 2.
757 4376 855 4447 porgit
874 4391 914 4426 ue.
936 4376 1008 4428 llon.
1031 4381 1054 4432 l.
1081 4375 1191 4428 omittit
1216 4377 1301 4428 elium

148 4454 214 4489 cum
235 4454 290 4490 uuo
311 4443 359 4491 tls.
386 4444 448 4497 Duo
466 4444 519 4496 alii
538 4445 679 4499 muittunt
696 4447 838 4511 llomiuer,
863 4464 920 4514 quo
940 4455 1004 4517 rost
1034 4447 1128 4501 doctos
1149 4445 1237 4499 facile
1256 4462 1301 4499 ce·
1369 4475 1377 4481 -

1007 4556 1073 4617 35*
