2828 5070
478 277 609 347 ntem
639 281 666 360 1,
692 281 744 348 31.
765 279 817 345 32.
1165 282 1228 353 tot

60 464 140 512 esse
160 446 323 513 mortalis.
367 444 476 509 Stoici
496 453 610 508 autem
631 463 770 507 usuram
791 445 888 506 nobis
909 445 1117 532 largiuntur,
1139 454 1226 510 tam-

63 549 165 612 quam
186 528 364 593 cornibus:
398 529 458 592 diu
486 547 661 591 mansuros
692 529 790 591 aiunt
817 528 963 603 animos3
992 548 1137 614 semper,
1167 548 1226 592 nc-

64 621 160 699 gent.

148 692 283 757 Nnmne
310 695 492 779 sicigitur
522 691 654 773 audire,
682 711 755 771 cnr,
785 694 888 760 etiam
917 693 947 754 si
974 692 1022 754 ita
1049 693 1105 772 sit,
1133 698 1268 764 1000032

231 876 326 931 Ἐννέα
345 896 388 932 τοι
405 880 470 943 ζώει
487 880 581 947 γενεὰς
598 879 729 948 λακέρυζα
746 878 864 949 κορύνη.

64 951 175 1003 {nume
192 958 222 1003 et
239 950 442 1033 Etymologici
460 953 497 1002 Μ.
517 950 644 1020 scriptor
661 950 694 1002 in
712 947 865 1019 ἀγροτέρας
883 947 1011 1019 Ilipam,
1040 957 1070 1003 et
1094 948 1226 1022 Scholia·

64 1031 132 1144 stelsl
147 1021 185 1073 ad
211 1020 411 1144 Aiiistophanrs
436 1023 511 1074 Aves
534 1038 575 1072 vs.
596 1024 657 1077 616.
694 1021 797 1075 Latine
825 1022 868 1074 sic
893 1022 988 1075 reddit
1014 1020 1157 1074 Ausonius
1175 1020 1226 1073 Ei·

133 1093 240 1144 .xvu
257 1127 266 1153 ,
284 1094 310 1146 3.

65 1092 106 1162 dy
234 1162 292 1214 llos
309 1162 404 1215 socies
422 1168 539 1229 superat
558 1161 675 1214 vivendo
693 1164 813 1228 garrula
832 1162 944 1217 cornis.

65 1232 112 1285 Ne
129 1232 230 1304 plures
247 1248 415 1299 memorem,
433 1232 500 1285 vida
519 1233 656 1285 Ovidium
673 1232 771 1286 Arnon.
791 1234 842 1286 tib.
864 1236 902 1288 ll.
922 1235 971 1288 El.
990 1234 1040 1299 vl,
1059 1235 1103 1289 ³5.
1124 1241 1153 1286 et
1166 1233 1225 1287 Pli-

65 1304 151 1356 nium
169 1303 205 1354 11.
226 1304 263 1355 N.
283 1304 347 1367 vlt,
366 1307 410 1359 ts.
448 1303 486 1359 D.
1226 1340 1232 1355 .

136 1388 255 1426 isuram
271 1373 350 1426 nobis
368 1373 544 1440 largiuntur]
580 1374 689 1426 Vocem
712 1389 829 1428 uncam
858 1376 971 1430 omittit
995 1393 1069 1428 unus
1096 1375 1148 1429 Ox.
1168 1375 1222 1431 Ed

65 1445 101 1496 lb
120 1443 208 1498 babet
234 1444 313 1498 nobie
340 1461 463 1498 neuram.
503 1444 598 1499 Uetera
617 1443 687 1513 quid
710 1444 741 1497 h.
761 1445 781 1498 l.
809 1447 857 1512 sit,
884 1464 923 1500 sc.
944 1461 1022 1511 asae,
1047 1448 1114 1499 satis
1140 1447 1224 1501 docet

63 1515 136 1568 Ern.
156 1515 190 1566 in
207 1515 286 1568 Glsv.
314 1516 374 1568 Cic.
407 1515 451 1567 Ad
477 1515 652 1569 sententiam
675 1514 734 1568 loci
753 1517 888 1587 inprimis
905 1519 977 1570 iacit
995 1517 1224 1590 Wyttenbscbii

64 1585 185 1662 egregie
211 1585 264 1638 ills
289 1586 444 1656 disputatio
467 1586 510 1640 De
534 1587 611 1638 vett.
637 1585 756 1640 Philoss.
781 1596 866 1641 sentt.
894 1588 929 1641 tle
954 1597 1031 1641 statu
1058 1589 1223 1643 animosam

155 1665 280 1710 mortem
304 1674 382 1726 corp.
410 1674 439 1726 p.
464 1657 554 1710 LXIX
567 1658 733 1710 -Lxxvt
758 1675 825 1710 cain
873 1677 909 1711 ua
935 1661 1066 1713 conferri
1090 1671 1232 1715 meretur·

94 1728 238 1798 'ronymi
269 1728 304 1780 de
330 1726 431 1779 Bcsch.
461 1728 497 1779 de
532 1727 631 1781 eodem
663 1738 834 1803 argumento
882 1729 1024 1783 ‘sertatio
1052 1731 1224 1786 Hellandice

63 1796 175 1924 ffii?
185 1796 261 1921 iii.
269 1797 1224 1940 ttititttttttttttttt”sitiit2351.th

62 1939 210 1993 linrlem
233 1942 309 1995 1784.
330 1940 369 2005 l.)
388 1958 416 2010 p.
436 1941 600 1994 ets-³65.
629 1948 659 1992 et
678 1941 830 2010 scriptoris
847 1941 986 2010 anonymi
1005 1942 1042 1993 ib.
1071 1961 1099 2013 p.
1119 1945 1172 1999 488
1189 1968 1223 1981 -
1266 1974 1268 1980 ·

63 2013 126 2068 492.
147 2042 182 2054 -
207 2009 275 2063 Cod.
295 2013 370 2062 Mon.
391 2013 416 2066 2.
437 2009 523 2062 babet
541 2016 677 2080 tanquam
695 2011 801 2080 quast
818 2011 993 2078 0000606600,-
1013 2015 1088 2066 Mon.
1110 2018 1135 2069 1.
1157 2019 1222 2069 tan·

64 2080 397 2153 puemcaros’rs'bns.
435 2080 497 2133 Mr.

132 2151 196 2206 Diu
213 2167 360 2204 mansuros
378 2153 459 2205 aiunt
476 2151 603 2215 animm
625 2167 742 2220 semper,
768 2153 880 2222 negant]
916 2157 943 2208 ll
961 2154 1066 2208 Stoicis
1085 2155 1222 2210 nonnulli

63 2231 238 2277 cunctorum
256 2224 366 2275 animos
383 2224 526 2293 tantisper
543 2241 659 2276 insuere
679 2232 745 2276 sunt
764 2226 914 2289 arbitrati,
937 2227 987 2278 sed
1004 2226 1123 2296 reliqui,
1151 2227 1224 2280 stul·

62 2301 164 2349 norum
182 2292 277 2359 brevi,
296 2293 469 2363 sapientium
486 2310 556 2346 vero
576 2303 687 2347 mentes
706 2312 772 2347 cum
790 2297 897 2348 mundo
920 2296 1008 2348 simul
1026 2296 1150 2356 interire
1168 2308 1224 2351 sta·

64 2371 204 2428 tnerunt3
222 2372 356 2447 utnpatet
375 2382 410 2416 ex
428 2364 539 2447 baertii
557 2366 620 2447 Vll,
641 2367 701 2420 157.
730 2364 765 2416 sd
784 2382 871 2433 quem
894 2366 991 2417 locum
1008 2366 1147 2418 videndus
1166 2371 1226 2421 Mo·

64 2432 337 2561 tendet?
351 2443 393 2557 t
404 2434 934 2576 mititte.tinient?
950 2436 1022 2575 tt.
1033 2437 1225 2560 16ἕέ...ῐῖ

65 2577 137 2630 illos
156 2577 237 2628 viros
255 2577 287 2627 iu
310 2585 405 2641 erunt,
423 2575 474 2628 hic
492 2592 675 2645 apponemus.
712 2577 911 2629 Tertullianus
937 2576 972 2630 de
990 2576 1085 2628 Anim.
1106 2595 1131 2629 c.
1151 2579 1224 2632 LIV.

64 2647 123 2704 Qut
141 2646 260 2728 aliquod
277 2593 326 2699 titt
343 2653 452 2713 tmpus
470 2647 626 2715 indulgent,
646 2647 680 2699 ab
699 2662 812 2701 excessu
831 2664 916 2717 usqae
935 2649 965 2701 in
977 2649 1226 2715 conflagrationem

64 2718 277 2778 universstats's,
296 2725 328 2770 nt
347 2717 449 2780 Stoici,
469 2734 536 2770 suas
554 2719 641 2784 solas,
661 2718 764 2783 idest,
785 2718 954 2787 sapientium
977 2721 1097 2785 animas,
1123 2722 1153 2774 in
1176 2736 1225 2775 ses·

61 2790 163 2858 pernis
181 2789 373 2844 mamanibus
390 2790 526 2843 collocant
545 2822 578 2833 -
607 2791 682 2844 Quos
703 2790 829 2858 equidem
847 2792 946 2857 miror,
974 2793 1048 2860 qnod
1066 2794 1227 2861 impruden·

66 2866 112 2913 tes
136 2859 248 2911 animm
273 2860 352 2913 eirca
374 2866 480 2912 terram
505 2867 697 2929 prosternant,
723 2862 870 2915 camillas
900 2878 918 2915 a
941 2863 1113 2930 sapientibus
1138 2865 1226 2918 mutto

66 2930 265 2999 superioribus
284 2931 397 2984 erudiri
416 2934 572 2997 adfirment.
610 2932 808 2986 Theodoretus
826 2934 950 3003 Therap.
970 2936 1003 2986 V.
1023 2953 1087 3010 pag.
1109 2939 1150 2989 tt.
1190 2934 1226 2987 Ol

65 3001 102 3056 dl
120 3004 244 3056 Στωϊκοὶ
261 3005 309 3063 τὰς
327 3004 518 3072 χωριζομένας
536 3006 592 3058 τῶν
609 3008 746 3068 σωμάτων
764 3006 857 3073 ψυχὰς
876 3005 997 3075 διαρκεῖς
1014 3005 1067 3074 μὲν
1085 3010 1145 3056 καθ’
1163 3003 1225 3057 ἑαυ-

63 3075 116 3136 τὰς
134 3079 185 3140 ζῆν
203 3075 330 3143 ἔφασαν·
351 3074 417 3127 ἀλλὰ
436 3079 485 3142 τὴν
526 3074 556 3127 is
575 3072 831 3143 suessionenses
850 3077 954 3143 ὀλίγον,
972 3078 1022 3141 τὴν
1045 3076 1081 3129 δέ
1093 3094 1124 3141 γε
1144 3078 1225 3142 ἰσχυ-

63 3146 122 3221 ρὰν
139 3145 224 3216 μέχρι
241 3150 288 3212 τῆς
305 3148 354 3198 τοῦ
374 3148 476 3208 παντὸς
495 3095 679 3215 iinopbosog.
714 3145 787 3197 Vide
805 3146 844 3197 sis
863 3155 891 3198 et
908 3164 994 3220 pagg.
1016 3150 1059 3209 73,
1080 3149 1121 3200 tt.
1160 3145 1226 3197 Fal-

64 3234 115 3270 sus
134 3224 228 3268 sutem
245 3226 289 3269 est
306 3218 497 3287 Epiphanius,
517 3218 568 3287 qui
586 3217 637 3269 lib.
657 3218 680 3270 1.
700 3217 785 3268 Haer.
811 3218 836 3271 b.
875 3215 986 3269 Stoicos
1013 3213 1153 3270 ἀθάνατον
1177 3222 1225 3280 τὴν

63 3290 165 3355 ψυχὴν
189 3284 315 3355 ἡγεῖσθαι
341 3289 433 3341 docet.
471 3290 515 3340 lta
538 3296 635 3340 tamen
659 3288 710 3340 Ori
733 3304 799 3339 enes
824 3287 911 3339 etiam
933 3286 1040 3339 Philas.
1069 3304 1100 3339 ca
1124 3326 1129 3338 .
1150 3287 1224 3340 XXI.
1327 3325 1331 3335 .

64 3358 149 3412 Idem
168 3358 264 3410 innuit
284 3369 313 3410 et
331 3360 497 3412 Lactantius
515 3359 579 3410 Div.
600 3361 669 3413 lust.
690 3306 740 3410 116.
760 3359 813 3410 111.
835 3375 895 3427 cap.
914 3359 1019 3422 xv111,
1038 3359 1064 3412 6.
1101 3305 1138 3411 i).

138 3428 199 3482 Dia
217 3445 368 3482 monsteros
387 3430 466 3482 aiant
486 3430 612 3483 animos.-
639 3446 748 3497 semper
771 3429 895 3496 negant]
932 3429 1013 3481 Unus
1032 3430 1082 3481 Ox.
1110 3438 1139 3482 et
1158 3428 1224 3482 Ood.

66 3499 159 3555 llehd.
179 3500 286 3553 habent
303 3519 370 3553 cum
390 3502 481 3576 glossa
508 3502 572 3553 sed
595 3517 712 3569 semper.
750 3501 876 3554 Verbum
899 3506 1004 3567 negant
1023 3501 1134 3553 omittit
1153 3500 1226 3553 alius

65 3573 120 3628 Ox.
148 3573 231 3624 Locis
249 3590 265 3624 a
282 3572 396 3624 Davisio
416 3572 536 3624 laudatis
556 3572 624 3626 adde
642 3571 771 3627 Worth?
788 3572 822 3624 ad
840 3571 977 3624 Hermiae
995 3571 1127 3625 lrrision.
1148 3572 1226 3626 Gen·

66 3641 117 3696 til.
136 3643 242 3694 Philas.
268 3660 296 3712 p.
317 3647 377 3698 216.
397 3644 447 3694 ubi
466 3653 520 3695 est:
549 3647 599 3710 τὴν
625 3643 656 3696 δὲ
681 3647 768 3712 φύσιν
795 3640 875 3708 αὐτῆς
904 3642 959 3708 [τῆς
985 3642 1092 3712 ψυχῆς]
1121 3644 1150 3699 οἱ
1175 3645 1227 3712 μὲν

65 3711 211 3766 ἀθάνατόν
229 3731 327 3782 φασιν,
355 3713 384 3766 οἱ
402 3713 563 3781 ditantis,
593 3714 621 3766 ol
648 3714 681 3767 δὲ
707 3714 793 3782 πρὸς
815 3715 938 3779 ὀλίγον
965 3714 1226 3785 διαμένουσαν.

67 3786 129 3841 Mt.
167 3786 273 3850 „Confi
293 3785 406 3838 Fabric.
426 3787 456 3837 B.
478 3786 528 3837 Gr.
550 3786 602 3838 lll.
622 3804 650 3855 p.
671 3786 706 3839 73
723 3785 787 3854 sq.“
814 3782 928 3840 Setuci.

140 3856 207 3926 Cap.
228 3859 271 3910 32
309 3855 415 3908 Nnmne
438 3856 492 3920 vis]
534 3859 578 3907 Vu
612 3873 628 3909 o
656 3872 721 3908 nam
745 3855 797 3908 vs's.
836 3855 874 3907 At
901 3857 971 3928 lieg.
996 3855 1066 3907 Bak.
1091 3855 1164 3908 Med.
1196 3866 1227 3909 et

66 3927 182 3981 Belliol.
210 3944 275 3979 num
301 3945 357 3980 non
380 3929 438 3991 ois‚·
466 3927 542 3979 unde
567 3928 609 3981 C.
629 3926 776 3979 Bentleius
801 3926 875 3980 iecit
893 3942 994 3978 numne
1020 3925 1076 3992 cis,
1102 3943 1227 3997 eumque

65 4015 97 4051 se
119 4015 182 4051 uor.
219 4000 257 4051 D.
646 4039 651 4060 ,

99 4017 118 4069 q
139 4070 257 4122 Numae
275 4067 320 4120 cis
338 4068 432 4136 igitar
451 4069 576 4134 andria]
612 4068 719 4138 Recepi
738 4069 813 4120 illud
833 4084 957 4131 namne,
977 4065 1065 4136 (quod
1083 4067 1183 4137 probat
1198 4077 1227 4121 et

67 4141 127 4193 ism
144 4142 240 4194 Klotz.
260 4141 296 4192 ad
314 4141 390 4192 Lacl.
408 4160 438 4265 p.
462 4143 534 4206 151.)
555 4141 630 4210 quod
647 4157 705 4191 non
723 4148 765 4192 est
784 4157 819 4192 ex
838 4139 964 4191 Bentleii
983 4139 1159 4204 coniectura,
1178 4138 1225 4191 sed

68 4232 105 4266 ex
124 4213 298 4266 membranis
316 4213 391 4282 apud
428 4213 561 4264 chottum
581 4212 612 4263 in
630 4212 702 4263 Nod.
724 4211 783 4263 cic.
805 4212 852 4263 tv.
875 4215 915 4265 16.
935 4229 963 4280 p.
984 4213 1046 4265 386.
1074 4211 1227 4262 Rariorem

68 4284 146 4336 hano
163 4286 287 4336 sormam
306 4284 392 4335 facilc
411 4285 506 4354 potuit
525 4283 680 4336 obliterare
694 4281 881 4334 librariorum
894 4281 1024 4333 inscitia:
1046 4281 1121 4350 quod
1140 4280 1227 4332 etiam

68 4357 189 4408 lactum
209 4365 251 4408 est
269 4355 304 4407 de
314 4357 350 4407 N.
361 4355 397 4407 DJ
410 4358 433 4408 l.
453 4360 496 4411 31.
517 4358 564 4409 88:
585 4355 667 4409 deam
684 4354 776 4421 ipsam
793 4370 913 4405 namne
931 4353 1053 4405 nidisti?
1072 4352 1121 4402 ubi
1140 4351 1228 4402 multi

71 4426 145 4478 libri
163 4427 269 4480 habent
287 4443 375 4481 nomae
394 4428 432 4493 (v.
453 4436 543 4481 nostr.
564 4436 593 4480 et
612 4428 659 4481 Cr.
672 4426 725 4479 Ed.
746 4424 811 4490 maj.
832 4442 860 4496 p.
872 4424 935 4490 142)
954 4424 1030 4494 quod
1039 4422 1071 4474 ab
1080 4422 1160 4475 illius
1170 4421 1228 4476 loci
1299 4486 1307 4495 ἰ
1389 4444 1392 4452 ⁴
