2828 5070
550 118 679 183 erese
698 118 726 202 1,
747 120 800 187 re.
1189 104 1253 193 zoe

92 284 178 349 essu
197 301 239 347 ec
259 281 411 362 deorum,
440 301 625 366 eorumque
645 286 825 351 cultorems
856 293 958 370 etque
980 286 1127 353 bominis
1155 291 1249 353 utili·

93 368 281 453 teti-egros
306 385 420 429 omnes
446 375 483 429 et
507 369 614 431 meria
642 370 811 451 percutior
830 402 872 419 -·
892 369 974 433 brec
997 372 1106 458 igitur
1125 381 1161 436 et
1181 374 1291 436 elisit

164 549 239 603 coeti
256 564 291 601 ue
308 548 433 613 deorum,
453 563 641 618 eorumque
666 548 814 617 cultorem]
849 548 1012 604 Admodum
1037 550 1152 603 sariunt
1178 550 1249 604 librl

94 628 124 674 et
142 621 248 690 scripti
267 627 296 673 et
315 619 395 672 editi.
433 617 469 670 ln
489 617 577 672 Codd.
597 619 667 696 neg.
688 618 763 676 Gud.
785 624 808 675 1.
837 620 922 673 Vind.
941 622 967 675 2.
993 617 1100 672 babent
1125 636 1159 672 uc
1183 621 1249 675 deo·

93 708 166 744 rem·
177 706 299 745 eorum
317 690 461 742 cultorem.
481 687 573 742 Rehd.
594 692 670 744 Mon.
689 692 717 745 2.
736 709 811 743 nnus
829 689 938 743 Osc'uc
957 691 1073 743 deorum
1098 689 1247 747 cultorem:

93 760 184 816 codd.
205 761 276 815 0¹¹.
296 767 371 824 octo,
390 758 464 814 Gud.
482 761 509 812 2.
529 757 630 814 Duisb.
654 761 729 817 Mon.
750 765 775 817 1.
802 761 889 814 Marb.
919 759 992 814 Gud.
1017 759 1090 814 Edd.
1111 761 1146 813 H.
1175 758 1247 819 Der.

92 848 128 886 ue
145 832 264 885 deorum
281 846 470 901 eorumque
487 829 633 896 cultorem,
660 830 694 885 sd
719 848 791 904 quos
808 831 943 904 proxime
966 830 1081 885 secedit
1098 830 1173 909 Aug.
1199 836 1250 887 exi

92 903 196 958 bibens
214 903 260 956 ud
278 904 394 956 deorum
412 918 606 974 eorumque
624 904 769 968 cultoremr
787 904 896 976 reliqui
914 902 993 973 libri,
1021 906 1074 976 qui
1092 913 1160 960 sunt
1177 922 1250 978 peng-

93 975 215 1039 chsimi,
235 983 265 1028 et
281 973 353 1027 Edd.
374 977 437 1028 fere
456 990 608 1030 omnesne
627 976 752 1042 deorum,
770 976 1000 1048 ipsorumque
1017 976 1160 1032 cultorem.
1187 976 1248 1035 Nos

91 1045 290 1117 plurimorum
309 1043 449 1098 Codicum
467 1045 632 1114 lectionem,
656 1066 729 1121 quse
757 1065 810 1103 nec
835 1047 962 1102 multum
986 1048 1144 1103 eduorum
1172 1049 1248 1105 enti·

92 1116 301 1186 quissimorum
320 1118 379 1168 scri
400 1116 479 1169 tione
497 1116 596 1183 distet,
623 1119 852 1189 amplectendam
871 1120 1047 1184 censuimus,
1074 1119 1154 1174 illud
1170 1120 1248 1190 ipso·

91 1202 204 1254 mque
226 1204 295 1241 cnm
317 1186 357 1238 Bo
401 1186 462 1240 erio
491 1189 664 1256 correctoris
687 1206 749 1245 esse
776 1198 943 1244 statuentes.
986 1190 1141 1245 Noluimus
1176 1207 1248 1249 vero

91 1274 158 1311 cuns
177 1257 312 1319 Bentleio
330 1255 426 1320 (cuius
445 1276 472 1311 v.
492 1259 601 1324 annot.)
621 1258 793 1315 Ciceronem
812 1261 974 1336 corrigere,
998 1279 1091 1331 neque
1118 1264 1248 1318 scribere

91 1345 158 1382 unm
176 1326 334 1381 Bouhierio
353 1325 506 1391 (nimirum
525 1345 561 1383 ne
578 1328 668 1383 homo
686 1330 754 1385 deos
773 1331 967 1402 contemplari
985 1331 1111 1389 dicutur)
1130 1350 1165 1386 ac
1182 1334 1248 1399 deoq

91 1416 153 1453 rm
170 1399 322 1451 cultorem
349 1415 523 1468 quamquem
542 1401 612 1453 setis
630 1399 737 1470 placet,
766 1410 796 1454 et
814 1412 859 1456 est
875 1402 908 1455 in
926 1402 1021 1455 tribus
1044 1401 1144 1457 libris:
1179 1421 1247 1459 num

91 1487 157 1523 cum
174 1467 332 1538 aliquando
352 1468 428 1521 illud
447 1486 507 1538 que,
525 1468 696 1540 compendio
715 1474 868 1542 scriptum,
888 1473 1051 1539 excidisset,
1078 1472 1131 1527 elii
1149 1474 1248 1531 exorti

90 1548 171 1601 sunt,
196 1540 247 1609 qui
266 1555 362 1592 eurum
379 1556 416 1593 ex
435 1540 550 1593 deorum
567 1558 722 1610 perperam
747 1544 908 1612 repetitum
934 1549 1096 1604 censerent,
1121 1543 1247 1617 ideoque

91 1610 239 1673 delerent;
267 1609 447 1674 unientem,
467 1613 589 1666 tortasse
607 1612 725 1665 euribus
743 1614 869 1665 nimium
894 1613 1064 1676 tribuentes,
1091 1631 1128 1668 ne
1156 1631 1247 1669 eom

89 1690 156 1753 post
174 1681 290 1734 deorum
308 1677 458 1734 videretur
477 1682 593 1757 ingrate
611 1690 777 1751 παρήχησις,
796 1683 975 1752 ipsorumque
987 1683 1170 1756 corrigentes
1188 1683 1247 1739 mi·

89 1768 158 1806 rum
176 1752 209 1805 in
227 1750 344 1805 modum
363 1751 419 1804 sibi
436 1750 620 1820 placuerunt.
658 1754 719 1807 Mr.

158 1823 260 1889 Agros
278 1838 370 1876 omnes
388 1828 415 1874 et
434 1822 528 1874 muria
553 1823 697 1892 parentis]
733 1822 845 1878 Elisus.
871 1841 918 1896 pr.
944 1831 974 1879 et
996 1821 1113 1879 cantab.
1138 1822 1247 1881 hebent

86 1893 234 1963 potentius
252 1892 324 1946 baec
341 1900 438 1945 autem
456 1893 544 1947 lectio
562 1895 660 1947 minus
677 1893 789 1949 mitet
812 1912 884 1965 pree
908 1913 953 1960 ee,
977 1913 1064 1966 quern
1087 1894 1177 1972 volgo
1199 1912 1245 1953 rr-

88 1970 286 2035 prsesentent.
324 1962 468 2037 Virgilius
486 1964 557 2017 Aen.
577 1964 602 2027 1,
620 1968 647 2020 3.
933 1996 936 2001 -

258 2033 295 2088 Ut
314 2033 437 2100 wumoie
456 2034 539 2087 uvido
557 2042 696 2104 parerent
714 2050 783 2088 oreo
802 2036 908 2089 colono.

87 2106 164 2160 ilinc
182 2103 432 2230 remanentium
449 2121 557 2174 smper
576 2105 680 2159 ancilla
698 2113 779 2159 terre
797 2105 908 2159 dicitur
924 2102 1020 2159 Plinio
1039 2105 1075 2158 Η.
1091 2105 1127 2163 N.
1148 2107 1242 2162 lien.

87 2194 120 2232 ce
142 2215 150 2229 .
171 2180 217 2233 6³.
283 2218 290 2233 .

120 2196 247 2314 l'egros
274 2262 368 2301 omnes
398 2253 426 2299 et
454 2244 548 2299 morio
574 2247 719 2316 porentia]
761 2245 817 2300 Ed.
843 2245 879 2302 il.
912 2261 1006 2303 onom
1071 2261 1127 2298 ros.
1167 2244 1244 2301 Gud.

86 2318 187 2374 Duisb.
207 2318 281 2394 Aug.
301 2317 388 2370 Vind.
412 2322 433 2369 Ι.
451 2318 588 2385 putentia.
609 2317 695 2373 Vind.
715 2321 740 2373 2.
757 2315 914 2387 parientia.
951 2314 1033 2368 illud
1087 2314 1136 2369 bet
1156 2316 1245 2387 etiem¹

86 2389 139 2445 Ed.
161 2388 190 2444 S.
209 2408 285 2442 unus
303 2387 361 2444 Pel.
381 2395 410 2441 et
429 2389 568 2442 Gulielm.
588 2388 769 2453 Gebhardus,
786 2405 853 2441 cum
873 2386 904 2440 in
923 2384 981 2442 Pel.
1022 2403 1048 2442 r.
1074 2387 1244 2453 reperisset,

86 2461 165 2531 quod
188 2469 233 2515 est
256 2461 288 2513 in
310 2456 396 2511 Vind.
416 2462 442 2515 2.
466 2459 623 2526 parientia,
653 2459 685 2513 in
711 2457 886 2542 crepundiis
909 2459 976 2527 pl
1014 2454 1074 2511 .id
1098 2457 1154 2512 sibi
1173 2458 1244 2512 setis

109 2533 205 2587 lucere
223 2532 374 2585 coufessus
392 2537 449 2583 est:
470 2529 653 2594 ,.Pars'unt
670 2526 786 2593 onear,
805 2529 856 2594 eit,
875 2526 906 2580 id
925 2536 979 2592 est,
998 2528 1109 2581 fructui
1121 2545 1154 2582 sc
1169 2530 1244 2584 bono

84 2550 248 2657 bominum.
286 2599 335 2654 Sic
359 2600 447 2653 etiam
467 2600 574 2654 Graeci
597 2600 792 2671 loquuntur.“
826 2599 1007 2670 Loquentur,
1031 2597 1119 2654 licet:
1144 2599 1245 2655 Latini

85 2681 176 2739 certe,
195 2681 225 2726 et
244 2671 347 2725 Cicero
372 2674 405 2724 in
429 2671 546 2740 primis,
575 2687 634 2724 non
658 2673 700 2724 ite
724 2670 894 2742 loquuntur.
933 2667 1108 2725 Bouhierius
1135 2670 1243 2738 dicens,

84 2744 235 2798 Durisium
254 2744 287 2796 in
304 2741 514 2812 posterioribus
532 2739 605 2796 Edd.
624 2743 786 2797 correxisse
802 2739 946 2810 parentio,
972 2755 1072 2794 omnes
1096 2758 1168 2795 vero
1189 2741 1244 2797 Oo-

85 2816 165 2869 dices
186 2813 264 2867 tueri
282 2812 432 2888 vulgatam
447 2812 576 2880 putentia
596 2814 640 2875 (in
658 2812 795 2867 lemmate
813 2811 1008 2865 annotationis
1022 2812 1142 2882 scripsit
1181 2812 1244 2867 eius

85 2888 173 2940 etiam
195 2883 352 2952 potentio),
380 2883 537 2937 somniasse
564 2883 692 2939 videtur.
734 2882 769 2937 ln
816 2882 979 2936 sucissimis
1008 2881 1086 2935 euim
1106 2880 1147 2935 Co
1168 2881 1194 2934 d.
1214 2888 1244 2937 et

84 2957 169 3010 nulle
191 2955 245 3007 Ed.
252 2991 262 3021 ,
297 2955 356 3008 nisi
381 2956 443 3025 ipsa
467 2953 620 3009 Bouhierii
648 2953 754 3019 (Amet.
781 2900 890 3017 llas),
922 2951 1073 3020 reperitur
1101 2950 1243 3019 potentio,

50 3044 54 3053 ’
144 3026 246 3079 dtum
264 3033 378 3081 tentum
396 3025 472 3081 ferri
496 3032 603 3095 posset,
634 3023 658 3078 si
681 3039 736 3094 pro
754 3021 879 3075 utilitati
905 3019 1084 3075 scriberetur
1106 3022 1183 3086 usui,
1210 3028 1244 3075 ut

104 3099 197 3153 udum
216 3097 248 3148 in
265 3094 379 3151 schedis
397 3096 543 3158 annotari,
564 3103 593 3149 et
611 3105 690 3149 stunc
708 3093 797 3149 etiem
816 3093 850 3148 sb
862 3090 972 3146 Orellio
991 3089 1144 3151 deollii
1158 3090 1243 3145 sebo-

83 3169 126 3224 lss
145 3175 314 3222 inuentum
335 3169 464 3223 invenio.
502 3166 563 3220 Mr.

155 3239 193 3293 Et
212 3238 294 3305 talia]
329 3239 385 3293 Est
403 3256 440 3293 ex
459 3236 616 3291 Gulielmii
636 3236 813 3303 coniectura.
849 3234 944 3312 Vulgo
963 3239 991 3288 et
1011 3232 1081 3289 alia.
1119 3232 1156 3289 D.

154 3327 223 3381 boec
240 3328 335 3397 igitur
352 3335 380 3381 et
397 3327 490 3394 aliu]
526 3328 593 3380 Non
610 3326 704 3402 magis
730 3325 816 3391 nribi,
845 3342 931 3396 quum
949 3322 1117 3389 Bouhierio,
1142 3340 1243 3379 neces·

84 3401 157 3454 seris
175 3399 295 3453 videtur
312 3399 458 3453 Gulielmi
475 3399 644 3451 coniectura
662 3397 750 3449 tutior
769 3413 863 3467 neque
882 3413 943 3451 eum
968 3397 1134 3466 quisquam,
1156 3412 1242 3466 pres-

83 3479 131 3526 ter
148 3471 244 3524 Bentl.
264 3477 293 3525 et
310 3470 395 3536 Der„
414 3469 567 3540 amplexus
587 3475 638 3523 est.
675 3466 750 3521 Nem
769 3467 846 3536 quod
865 3485 926 3537 oep-
947 3485 1006 3591 Ἴ
1035 3466 1166 3542 legitur:
1195 3464 1243 3521 lis

83 3547 109 3594 et
130 3542 267 3595 talibus
292 3541 452 3595 rationibus
477 3541 623 3604 adductus,
647 3537 678 3590 id
705 3538 759 3591 illo
784 3538 851 3591 looo
879 3545 958 3593 reote

82 3628 141 3666 non
161 3613 238 3666 idem
256 3613 395 3682 postulet.
435 3613 470 3667 ln
484 3611 563 3664 Gud.
582 3614 609 3665 2.
629 3615 674 3662 est
691 3610 755 3662 ulio
771 3609 912 3674 universa,
938 3608 988 3661 sed
1014 3608 1049 3662 ab
1068 3608 1128 3661 esd.
1148 3625 1187 3658 m.
1208 3608 1242 3661 in

35 3722 37 3726 -
81 3702 174 3762 marg.
202 3682 432 3737 innumerabilia.
470 3682 551 3748 Quod
576 3681 712 3749 sequitur
734 3696 825 3749 quum,
853 3682 965 3734 omittit
983 3696 1057 3731 unus
1076 3678 1126 3731 01.
1164 3676 1242 3734 Male

81 3764 148 3810 ente
172 3754 239 3809 laec
265 3756 362 3823 igitur
384 3754 470 3824 plene
488 3755 675 3828 distinguunt
698 3759 729 3805 et
751 3753 822 3804 nori
851 3752 956 3820 cepitis
980 3750 1098 3803 initium
1125 3755 1243 3819 ponunt

80 3826 155 3884 Edd.
183 3828 268 3883 Grut.
293 3825 377 3879 Verb.
402 3825 473 3877 Ern.
501 3824 588 3879 miv.-
602 3821 685 3892 Bip,
710 3837 778 3874 oum
801 3820 857 3875 boc
882 3821 1000 3876 demum
1022 3819 1087 3873 looo
1106 3818 1240 3890 epodosis

80 3898 206 3968 incipiet
222 3898 469 3967 continueturque
491 3894 642 3965 usquead
659 3892 824 3960 agnoscito:
852 3908 938 3963 quem
957 3907 1089 3946 errorem
1115 3892 1171 3946 iem
1192 3908 1240 3944 ce·

79 3960 1238 4104 tt'titltlt·00{‡0”l³‘:¹tt⁰5;:;t“⁸”:0tillidi·elit

79 4078 163 4165 (iuss
183 4079 284 4165 nuris.
312 4079 404 4164 fleis.
430 4111 505 4163 Mon.
523 4111 550 4164 o.
575 4105 632 4160 ns.
658 4108 691 4160 en
715 4051 1019 4159 saepsissent.
1046 4106 1074 4158 r.
1097 4104 1242 4175 proeesse,

76 4183 168 4237 etism
191 4182 341 4248 Kiibnero,
369 4190 401 4235 et
419 4181 536 4234 iubente
555 4181 617 4305 irim
634 4178 757 4232 ratione.
777 4122 869 4231 leit.
887 4190 942 4245 pro
958 4175 1068 4244 praesit
1086 4172 1175 4257 babet
1190 4174 1239 4257 stt,

77 4272 155 4310 uuus
172 4254 224 4310 Ox.
242 4253 345 4323 possit,
371 4252 447 4308 elius
474 4250 541 4320 quin
586 4251 619 4304 r'c
633 4250 754 4319 praesit.
792 4244 931 4318 Sequitur
958 4248 989 4302 in
1015 4244 1105 4305 liebd.
1132 4244 1239 4314 ulsqsss

1003 3538 1108 3591 icitur:
1140 3545 1242 3591 noster
