2812 5064
508 302 638 366 LlBER
669 302 710 381 11,
737 301 767 367 6.
1160 306 1223 373 lto

63 470 230 533 tentantia
252 467 477 550 depellerere3
515 471 550 530 in
577 489 617 531 eo
645 470 804 554 magistra
831 462 922 531 viiaa
943 468 1150 553 philosophia
1173 480 1225 535 tot

64 554 197 616 saecula
230 550 419 632 permanetl
464 550 560 615 Quod
595 552 674 614 huia
708 551 868 628 alliciam,
902 574 986 636 quaa
1015 554 1098 631 laur,
1136 557 1224 639 quod

65 637 166 698 decus
195 637 261 696 erit
288 636 384 710 tanti,
419 634 509 716 quod
537 633 676 716 adipisci
704 655 779 695 cum
809 633 928 697 dolore
956 639 1110 716 corporis
1132 640 1224 716 velit,

65 722 121 800 qui
150 718 299 779 dolorem
327 737 492 778 summum
522 719 645 778 malum
666 717 730 778 sibi
758 737 827 778 ease
850 718 1073 798 persuaserit!
1118 721 1223 785 Quam

63 821 169 883 porro
197 805 270 884 quie
293 802 521 884 ignominiam,
551 821 646 882 quam
669 799 913 881 turpitudinem
942 823 1008 863 non
1032 805 1223 884 pertulerit,

64 893 104 946 ut
126 885 264 968 effugiat
285 881 447 959 dolorem,
481 885 509 944 si
531 883 565 943 id
587 904 752 943 summum
775 884 897 944 malum
920 905 990 946 essa
1016 885 1224 950 decreverit!

64 1036 97 1087 in
116 1035 189 1089 Gud.
210 1038 236 1090 2.
279 1036 312 1087 ln
332 1034 415 1086 vind.
438 1039 462 1090 l.
483 1043 525 1087 est
549 1033 666 1086 diceret·
711 1033 774 1085 Duo
800 1033 870 1087 Oxx.
904 1037 1045 1090 omittunt
1074 1038 1223 1107 depeiim.

65 1126 138 1159 unus
157 1107 242 1160 habet
260 1106 421 1174 depelleret.
450 1107 531 1180 Ego,
552 1113 584 1155 ut
603 1106 696 1156 fatear
717 1105 792 1172 quod
812 1113 863 1171 est,
882 1107 979 1189 plnres
999 1107 1086 1161 etiam
1097 1110 1171 1166 Edd.
1190 1109 1225 1162 ab

67 1181 116 1234 Or.
145 1177 263 1232 collatas
284 1177 391 1230 habere
419 1178 504 1230 credo
530 1176 623 1229 dicere
647 1202 680 1213 -
708 1174 855 1244 depellere,
888 1187 1016 1249 itemque
1044 1179 1223 1234 Reiskianas:

68 1267 240 1320 quamquam
264 1257 368 1301 neuter
395 1248 551 1318 quidquam
575 1248 696 1298 inonuit.
734 1249 814 1299 Unus
842 1247 891 1300 01.
917 1249 1003 1302 habet
1022 1250 1056 1303 de
1075 1251 1224 1318 dedecore3

66 1341 141 1373 unus
167 1320 353 1382 aentenliam,·
382 1338 454 1371 unus
486 1318 702 1386 sententiaque.
733 1317 786 1370 Ed.
811 1319 860 1373 Fr.
889 1319 969 1374 Fahr.
1001 1322 1164 1388 depellerer.
1192 1350 1225 1362 -

69 1392 203 1460 Oppoeito
222 1390 399 1444 FAWollius
418 1391 449 1441 in
467 1390 573 1442 scholis
592 1389 718 1457 explicat
737 1396 907 1456 comparato.
944 1392 1008 1461 Ego
1027 1393 1151 1445 dixerim
1170 1393 1227 1447 Ab·

66 1464 171 1515 latinos
190 1462 330 1515 absolutos
349 1463 388 1514 ita
408 1461 589 1531 explicandos
609 1477 680 1512 osse:
707 1460 828 1530 adeoque
846 1477 907 1512 cum
933 1462 1051 1515 dedecue
1070 1463 1124 1518 tibi
1142 1481 1226 1533 appo-

67 1542 192 1598 neretur,
224 1533 272 1586 vel
294 1533 448 1601 oppositum
470 1538 553 1585 eeeel.
574 1559 608 1569 -
644 1530 685 1583 De
716 1532 810 1583 forma
839 1531 977 1600 depellere
1003 1534 1061 1586 vid.
1088 1534 1223 1589 Gahbler.
1284 1573 1288 1580 -

68 1607 99 1657 in
119 1605 220 1658 Jahnii
238 1604 354 1656 Annali,
375 1603 490 1656 Philoll.
515 1613 544 1656 at
562 1602 700 1676 Paedagg-
723 1605 799 1657 1829.
820 1602 857 1656 ll.
878 1620 905 1674 p.
926 1607 987 1663 390.
1025 1606 1173 1674 Depellere
1191 1607 1226 1662 de

67 1675 208 1730 sententia
235 1676 309 1727 dixit
329 1675 387 1728 cic.
408 1677 455 1728 Or.
476 1691 529 1745 pro
549 1673 665 1747 Ligario
684 1675 710 1727 9.
749 1675 809 1726 Me.
966 1703 969 1706 -

137 1748 166 1801 in
185 1763 216 1799 eo
235 1746 377 1813 magistra
395 1746 470 1799 vitae
486 1742 663 1815 plriloeoplria
683 1748 724 1796 tol
743 1745 854 1797 eaecula
870 1745 1057 1813 permaneri]
1075 1748 1110 1800 In
1128 1749 1181 1803 Ed.
1197 1751 1224 1807 2.

64 1817 196 1871 Davisius
216 1836 251 1869 ex
269 1817 395 1870 Bentleii
414 1819 555 1870 sententia
574 1817 612 1887 (q.
633 1815 673 1880 v.)
692 1815 838 1869 deleverat
857 1832 900 1882 eo,
929 1819 960 1870 in
978 1820 1067 1872 tertia
1085 1821 1223 1875 restituit.
1323 1860 1326 1865 -

65 1889 107 1941 De
126 1888 308 1953 anacolutm,
343 1889 418 1957 qnod
443 1888 513 1941 huie
537 1888 602 1945 loco
630 1886 721 1938 inesse
746 1888 839 1938 risum
866 1897 917 1954 est,
948 1888 1005 1942 iam
1030 1908 1114 1961 supra
1132 1892 1225 1947 locati

67 1979 172 2012 sumus.
210 1961 316 2013 Vocem
333 1957 511 2029 philosophia
527 1968 590 2030 post
606 1964 751 2026 permanet
771 1959 863 2022 (euius
876 1960 940 2013 loco
958 1960 1098 2013 scribitur
1111 1977 1226 2032 perma-

65 2039 143 2083 neret
163 2032 194 2082 in
212 2048 270 2084 uno
289 2031 339 2084 Ox.
360 2031 426 2084 Cod.
447 2034 521 2084 Mon.
544 2029 837 2086 l.1teiskianisVen.
861 2034 883 2084 1.
904 2033 929 2085 2.
950 2032 1022 2084 llled.
1046 2036 1068 2086 1.
1089 2035 1115 2087 2.
1140 2036 1168 2087 P.
1188 2034 1223 2088 A.

65 2103 96 2155 B.
118 2102 145 2155 S.
166 2104 199 2155 E.
221 2102 251 2155 C.
268 2104 348 2154 Junt.
372 2102 432 2155 Aac.
446 2106 468 2156 1.
479 2105 504 2157 2.
523 2101 618 2168 dunt.)
640 2101 795 2169 repositam
814 2100 919 2154 habent
937 2101 1007 2154 libri
1027 2104 1098 2155 editi
1117 2121 1225 2174 omnen,

66 2190 136 2244 quos
156 2175 186 2224 in
204 2172 372 2242 parenthesi
391 2173 579 2238 laudavimus,
597 2179 746 2242 praeterea
765 2172 836 2225 Edd.
856 2180 922 2225 ante
942 2172 1033 2226 Gebh.
1063 2174 1119 2228 Sed
1137 2174 1224 2229 Oodd.

65 2244 213 2296 nobiscum
240 2244 360 2296 iaciunt.
388 2243 471 2296 verb.
501 2243 533 2295 in
559 2260 651 2318 marg.
682 2259 741 2296 esse
767 2243 808 2295 ait
835 2243 867 2295 in
893 2243 960 2296 eod.
980 2244 1037 2298 MS.
1065 2252 1223 2313 pemunal.

65 2317 130 2368 Post
146 2321 289 2382 pemranet
309 2330 362 2390 ego
381 2331 447 2367 cnm
466 2314 516 2367 Fr.
537 2314 620 2367 Febr.
640 2313 715 2366 vict.
735 2313 803 2366 liob.
832 2313 932 2384 Steph.
959 2315 1082 2369 llWoli.
1107 2326 1136 2369 et
1154 2317 1223 2373 Dar.

66 2386 265 2460 interrogandi
290 2386 405 2461 signnm
428 2385 521 2456 posui,
551 2387 627 2456 quod
650 2401 707 2438 non
726 2387 835 2437 facum
860 2402 919 2447 esee
938 2386 971 2437 ab
989 2385 1061 2439 Edd.
1082 2388 1226 2462 improbet

66 2459 224 2510 Fabricius.
263 2457 391 2509 olivetas
415 2457 447 2509 in
474 2474 552 2509 snam
570 2457 623 2510 Ed.
642 2455 718 2508 hanc
734 2455 886 2509 BonhIerii
912 2459 1126 2512 annotationem
1145 2478 1226 2516 reae·

65 2529 125 2599 pit:
157 2528 280 2594 „Totam
304 2527 379 2580 hauc
411 2527 492 2596 ῥῆσιν
516 2528 557 2581 sic
582 2528 703 2603 refingit
729 2527 778 2578 vir
797 2545 926 2602 unguas,
951 2529 1002 2598 qui
1021 2546 1086 2582 mox
1106 2530 1225 2587 honori·

66 2617 148 2652 causa
166 2599 378 2652 nominabitur:
407 2599 495 2666 Erga,
520 2600 556 2651 ei
578 2599 651 2668 quod
674 2602 775 2652 natura
802 2599 867 2668 ipra
885 2607 912 2653 et
930 2599 1069 2669 quaedam
1086 2617 1225 2669 generata

67 2671 160 2724 virtue
178 2670 275 2723 atatim
292 2669 412 2736 respuit,
436 2686 469 2724 ne
487 2670 611 2723 dolorem
629 2686 762 2722 summum
779 2673 881 2723 molum
894 2672 1055 2725 dicerer...
1066 2673 1097 2726 in
1114 2690 1146 2728 eo
1163 2690 1226 2728 ma·

67 2744 165 2809 gietra
196 2741 272 2794 vitae
296 2739 475 2810 philosophia
506 2746 665 2808 permanete
695 2741 766 2806 quod
792 2739 858 2793 duic
881 2741 1003 2808 officium
1029 2744 1107 2797 ete.“
1143 2747 1225 2801 liano

67 2832 147 2866 suam
172 2830 230 2865 esse
256 2813 429 2864 sententiam
456 2813 497 2865 ait
517 2813 608 2865 Βοιώ.
628 2813 659 2863 in
677 2812 889 2865 Commentario
952 2814 1021 2866 llica
1039 2816 1141 2892 lingua
1157 2832 1225 2871 con·

65 2885 338 3024 nantuato}
355 2831 1030 3025 lateatne?:intentandae
1046 2886 1224 3014 treta

65 3029 150 3081 corde
169 3043 220 3078 eur
236 2993 267 3078 de
284 3025 424 3092 principe,
456 3025 505 3095 qui
529 3026 635 3078 rivalte
653 3025 683 3078 lo
710 3031 809 3078 nature
825 3025 922 3084 meme,
948 3032 975 3081 et
993 3034 1066 3081 toute
1084 2996 1146 3084 am'e
1162 3047 1225 3084 oer.

65 3104 169 3160 laeuae,
189 3098 247 3152 Que
265 3097 293 3149 la
312 3097 431 3150 douleur
449 3102 490 3149 eet
508 3113 545 3149 un
563 3098 628 3164 plue
644 3099 741 3163 grand
753 3096 820 3156 mal,
840 3113 892 3167 que
904 3098 1058 3164 l'infamie3
1087 3100 1136 3170 qui
1156 3109 1198 3155 eet
1210 3131 1224 3145 -

67 3186 98 3222 ce
116 3169 164 3238 qui
183 3169 246 3232 fera
264 3169 421 3221 deeormaie
438 3184 517 3221 aeret
537 3169 571 3221 de
583 3185 631 3222 aaa
650 3169 684 3220 de
702 3165 852 3231 l'lonneur,
872 3175 897 3220 et
913 3168 946 3221 de
957 3170 986 3220 la
1005 3170 1133 3238 Iouam,
1149 3184 1225 3241 parre

67 3240 109 3293 lee
127 3237 237 3292 acdeter
255 3255 291 3291 au
307 3241 373 3307 pria
393 3240 427 3292 de
445 3240 574 3309 quelques
593 3241 766 3306 eouffraneee
784 3239 1001 3307 eorporelleei“
1037 3242 1097 3295 Mr.

139 3312 218 3366 Quod
235 3308 299 3362 leuia
317 3310 443 3377 officium
460 3310 533 3376 eto]
570 3311 632 3364 Duo
658 3312 728 3363 Oxx.
755 3310 841 3363 lllarb.
867 3310 956 3364 Relid.
976 3311 1048 3385 Aug.
1073 3330 1147 3365 unna
1165 3315 1223 3369 Pal.

64 3380 112 3433 his
136 3384 233 3434 verbis
257 3383 464 3452 praemittunt:
494 3381 552 3435 Sed
570 3398 685 3450 quaero:
718 3381 767 3434 ubi
791 3382 920 3444 agnoscis
964 3381 1141 3436 lassatorem.
1188 3388 1224 3440 ln

65 3451 140 3527 Aug.
165 3463 221 3505 est:
254 3454 316 3505 aed
341 3467 468 3523 quaeeo
493 3453 566 3522 quod
592 3451 657 3506 lenia
679 3452 751 3505 erit
776 3452 907 3518 officium.
956 3453 1002 3505 ud.
1022 3455 1048 3508 2.
1068 3471 1121 3525 pro
1140 3455 1224 3510 decue

64 3523 151 3576 habet
176 3525 303 3578 dedecui.
340 3524 440 3599 Pergit
469 3523 542 3575 Gud.
571 3527 646 3578 tanti
675 3523 740 3577 erit.
778 3525 858 3578 Unus
883 3525 932 3577 Ox.
961 3541 1097 3579 nummum
1119 3526 1226 3581 malie

64 3594 139 3647 alius
158 3595 208 3648 Ox.
230 3604 258 3647 et
277 3594 366 3647 liehd.
395 3595 536 3647 omittunt
554 3596 619 3648 eiii.
644 3595 715 3648 Edd.
744 3594 840 3648 hamb.
862 3596 924 3648 Car.
946 3594 1046 3668 Steph.
1066 3598 1153 3653 Leod.
1172 3597 1225 3654 hn-

63 3665 134 3718 bent
152 3682 214 3719 eree
231 3666 297 3718 eidi.
319 3665 392 3718 Gud.
412 3668 438 3722 2.
458 3665 514 3717 eibi
530 3682 623 3732 pereo.
645 3682 713 3720 eree.
752 3667 811 3720 Me.

137 3738 226 3792 Quam
250 3752 338 3804 porro
362 3736 425 3803 quie
453 3736 660 3804 ignominiam]
697 3737 803 3790 Rursus
835 3755 851 3790 a
873 3737 1044 3812 glossemate
1072 3739 1224 3809 incipiunt

64 3809 230 3879 qomplures
250 3807 339 3861 Codd.
367 3807 444 3860 hanc
471 3809 680 3876 quaestionem:
708 3817 751 3861 est
770 3807 849 3862 enim
873 3816 1070 3876 contraque
1087 3825 1174 3880 quarn
1191 3812 1224 3865 in

63 3877 173 3931 duobus
191 3880 289 3932 Leidd.
309 3897 359 3932 aex
378 3880 448 3930 Oxx.
470 3878 562 3930 tribua
580 3879 648 3933 Pall.
669 3883 742 3932 Mon.
760 3885 783 3936 1.
799 3883 825 3935 2.
846 3880 931 3932 lllarb.
953 3881 1082 3950 itemque
1101 3881 1133 3932 in
1149 3881 1224 3936 ΕΜ.-
1303 3928 1306 3933 r

64 3951 94 4001 Ρ.
115 3950 148 4002 Α.
168 3952 199 4004 Β.
220 3950 247 4004 S.
267 3952 302 4002 E.
324 3951 354 4002 C.
382 3952 464 4003 Junt.
493 3948 555 4003 Asc.
578 3955 601 4006 1.
622 3955 647 4006 2.
676 3951 837 4004 Reiskianis
861 3951 931 4004 Ven.
960 3956 984 4006 1.
1005 3954 1030 4005 2.
1057 3951 1129 4006 Med.
1151 3958 1175 4009 l.
1195 3955 1222 4010 2.

63 4037 120 4072 nec
138 4039 206 4074 vero
233 4028 357 4074 eontra
383 4037 472 4090 quam,
492 4030 525 4072 ut
549 4031 591 4074 est
617 4023 648 4074 in
666 4040 731 4074 ann.
753 4023 800 4076 Or.
838 4020 904 4074 Sola
930 4023 1000 4075 Van.
1025 4031 1113 4076 nostr.
1137 4023 1224 4080 habet

65 4091 275 4161 Contraque
292 4109 389 4159 porra,
410 4091 512 4144 omisso
531 4108 623 4162 quam.
655 4095 689 4146 ln
708 4094 833 4174 anaor..
846 4093 1025 4145 omittuntur
1042 4094 1224 4151 omniainde

63 4177 80 4214 a
99 4180 181 4231 quam
199 4182 296 4246 nsque¹
304 4165 336 4215 ad
348 4164 502 4216 decreverit
507 4180 518 4226 ‚·
536 4164 610 4215 alins
628 4164 713 4247 habet
728 4167 851 4249 pertulit.
868 4164 957 4217 liehd.
971 4164 1080 4248 fugiat.
1100 4167 1185 4220 vind.
1197 4173 1222 4226 l.

64 4234 903 4374 ‘¹⁰²⁰ttlltt'lnt'tte·titillatalint?
920 4238 1223 4365 littl‘nil'm.

61 4375 150 4428 habet
177 4377 318 4429 decrevit
352 4393 419 4429 eeee.
450 4377 627 4431 FAWolfiua
651 4380 683 4432 in
707 4379 813 4433 acholii
839 4379 994 4433 decreuerit
1012 4380 1140 4505 explicat
1165 4378 1225 4436 eidi

60 4448 252 4516 persuaserit.
289 4448 378 4503 Addit
396 4449 460 4502 On:
492 4449 520 4502 ei
537 4448 571 4503 id
596 4451 680 4522 quari
697 4452 839 4511 decretum
856 4451 999 4506 amerit·
1068 4459 1144 4506 eote:
1174 4452 1226 4508 de·

85 4551 167 4595 Cicero
183 4552 249 4597 rosc.
267 4552 331 4608 Diep.
347 4554 382 4597 ed.
399 4553 483 4598 Moser.
500 4553 524 4596 T.
535 4553 554 4596 l.
951 4558 993 4622 29
