2828 5070
218 284 283 352 258
423 280 653 348 CICERONIS
674 282 1172 353 Tuscvtrsttcmspo‘rt‘r.

129 519 133 525 ,
177 449 204 505 b·
221 449 310 514 emit.
352 449 420 516 Hic
440 452 472 515 si
493 454 583 517 vivis
602 453 692 530 filiis,
721 454 883 518 ineolumi
903 473 1009 541 reguo
1029 451 1217 532 occidisset,

479 583 506 597 ..
527 560 553 598 ,r
575 535 726 598 adstdnte
756 557 815 616 ope
848 535 1031 615 bdrbars'ca',

531 615 642 682 Tectis
661 618 805 698 caelitis,
826 619 998 700 lo'qsseats's,
1348 656 1360 685 ο

218 711 335 765 utrum
356 699 490 764 tandem
510 720 530 762 s
550 702 656 776 bonis,
689 721 732 763 an
753 721 773 763 s
793 702 888 764 malis
916 698 1139 764 discessisset!
1181 700 1271 762 Tum
1291 720 1370 784 pro-

219 788 307 846 fecto
329 783 505 846 videretur
524 803 544 844 a
566 784 671 848 bonis.
714 782 760 845 ht
780 791 872 846 certe
893 786 925 847 ei
951 785 1072 847 melius
1094 785 1278 858 evenisset3
1310 803 1370 846 nec

219 875 288 929 tam
308 868 467 929 flebiliter
487 866 548 927 illa
568 874 781 945 canerentur,

220 1018 320 1071 Fuisse
345 1018 420 1071 hsnc
443 1017 580 1071 hostilem
603 1036 719 1072 manum
743 1016 867 1070 Achillis
890 1018 957 1081 filii,
991 1017 1099 1087 Pyrrhi
1122 1036 1143 1068 s.
1170 1017 1369 1087 Neoptolemi,

219 1089 574 1215 potumsest.xb¹itl²⁵girg.
594 1089 615 1140 l
634 1107 660 1143 c.
678 1091 843 1147 stt-558.
880 1088 925 1142 Ad
950 1105 1029 1158 seqq.
1049 1088 1121 1141 iacit
1146 1087 1197 1141 hic
1223 1087 1368 1141 luvenalis

231 1177 297 1214 oeus
336 1168 374 1213 et.
425 1198 431 1209 .
529 1178 591 1229 sqq.

382 1229 514 1284 Incolunt
535 1231 619 1284 ποία
636 1228 758 1285 Priaw
776 1229 889 1283 venisset
907 1229 946 1282 ad
960 1231 1069 1284 subeas

382 1301 519 1356 Assaraci
541 1301 649 1367 stagnis
673 1301 842 1368 solennibus,
868 1302 986 1354 Hectore
1002 1302 1084 1366 [usas

382 1373 512 1428 Portante
540 1389 574 1423 ac
595 1372 710 1440 reliquis
732 1373 846 1437 [ratem
867 1372 1025 1437 ceruicibus,
1048 1372 1119 1424 ister

380 1444 498 1496 iliadum
516 1442 654 1506 tactim
675 1451 704 1495 at
718 1443 820 1511 prs'ssos
840 1442 917 1494 edere
940 1443 1066 1509 planctus

384 1513 541 1567 Cassandra
562 1513 702 1580 inciperet,
727 1514 865 1580 scissaque
887 1512 1028 1582 Polyxene
1047 1512 1138 1580 palla,

381 1583 416 1638 ss·
436 1585 508 1649 [oret
531 1584 678 1637 exstinctus
700 1583 807 1636 dicerw
829 1590 954 1650 tenpore,
980 1600 1030 1651 quo
1053 1599 1106 1634 eos

382 1656 514 1722 Coeperat
537 1655 654 1708 audaces
677 1654 761 1709 Paris
786 1654 933 1718 aedificare
957 1654 1076 1706 sarisas.

381 1727 481 1790 Longa
500 1725 560 1778 dies
581 1726 672 1791 igitar
695 1725 761 1793 quid
782 1723 912 1777 contulit!
937 1724 1025 1776 aneia
1046 1724 1118 1777 sidit

381 1797 497 1862 Eversa,
525 1803 550 1848 et
572 1796 684 1859 fiammis
707 1795 803 1847 Asiaes
824 1796 948 1864 ferroque
971 1795 1115 1849 cadentem.

216 1873 297 1925 Unus
314 1869 382 1924 Cod.
403 1868 452 1921 Ox.
476 1883 530 1948 pro
555 1868 628 1919 sicis
650 1866 721 1932 filiis
738 1866 913 1920 hebetasse
935 1867 1021 1931 fitius.
1054 1869 1119 1919 Mox
1144 1865 1217 1919 Gud
1237 1869 1264 1922 2.
1290 1869 1365 1923 acci·

216 1942 308 1995 disset
325 1957 380 2011 pro
399 1938 555 1991 occidisset.
590 1936 651 1991 Me.

285 2012 420 2063 Adstante
439 2025 489 2075 ope
512 2007 677 2074 herberica]
712 2009 801 2061 anus
824 2007 997 2062 Guliehnius
1019 2008 1094 2082 legit
1118 2024 1152 2060 ac
1169 2015 1278 2062 stanter
1310 2029 1364 2064 neo

215 2081 303 2132 aliter
320 2079 435 2133 exhibet
454 2077 562 2129 Eliens.
586 2087 654 2130 tert.
691 2079 792 2148 lnepte
809 2088 915 2144 tamen,
942 2088 975 2131 ut
997 2088 1076 2149 patet
1095 2095 1131 2130 ex
1156 2079 1206 2131 lib.
1227 2082 1281 2133 111.
1301 2099 1362 2151 esp.

216 2154 258 2205 19.
278 2151 327 2201 ubi
346 2165 443 2201 rursus
461 2148 622 2200 laudantur.
649 2148 813 2201 Barbarion
829 2165 909 2213 vero,
927 2167 985 2202 nou
1002 2148 1126 2202 maxima
1144 2151 1269 2216 denotat,
1329 2153 1365 2206 od

213 2237 368 2290 perperam
386 2219 488 2271 statuit
505 2218 586 2270 Hier.
606 2218 745 2272 columns
762 2220 797 2272 ad
813 2219 903 2271 Ennii
920 2220 1035 2295 fragm.
1054 2239 1089 2291 ps
1112 2223 1193 2277 ,237
1214 2222 1262 2274 sed
1274 2221 1302 2274 P
1332 2240 1364 2292 y-

212 2290 282 2358 gia3
319 2291 368 2344 aia
384 2295 440 2350 πᾶς
457 2288 496 2355 μή
510 2289 606 2372 “dites
621 2290 769 2372 ddpdapofl
797 2305 862 2343 nans
878 2297 907 2342 et
925 2292 1066 2343 Homerus
1126 2308 1215 2360 rygas
1232 2292 1365 2346 barbaros

213 2308 346 2485 appellet.
362 2359 585 2487 Pltsidiloqurtgsar
610 2358 726 2414 Servius
752 2360 788 2413 sd
813 2359 884 2413 Aen.
910 2361 948 2427 11,
967 2364 1028 2417 sot.
1065 2361 1182 2416 Ovidius
1208 2363 1241 2414 iu
1267 2364 1362 2432 Epist.

242 2450 340 2488 eeuee
383 2449 426 2483 ers
479 2449 520 2483 vs.
577 2470 583 2482 .

378 2501 414 2555 Si
431 2501 490 2553 iarn
507 2501 620 2554 diuitiis
637 2503 713 2555 locas
737 2500 784 2554 bic
806 2518 973 2572 enimes-oque
989 2502 1115 2558 nieorum

381 2572 523 2626 Vincitur:
552 2580 583 2625 at
607 2579 682 2641 certe
704 2573 820 2626 barbare
846 2579 926 2626 terra
950 2581 999 2626 tau
1023 2581 1072 2627 est.

212 2642 287 2708 Quin
306 2650 335 2694 et
352 2642 430 2693 Paris
448 2644 521 2712 apud
538 2643 698 2695 Lucisuum
721 2643 753 2694 in
769 2643 895 2696 Deamm
918 2646 979 2698 lust
999 2662 1063 2719 pag.
1083 2647 1144 2702 226.
1173 2663 1203 2699 se
1220 2648 1362 2717 βάρβαρον

210 2721 302 2764 vocat.
339 2711 410 2764 Vide
436 2720 465 2763 et
488 2730 553 2786 pag.
574 2715 634 2769 277.
672 2711 720 2767 sic
745 2723 775 2767 et
797 2714 934 2768 Troianos
958 2716 1067 2768 Hector
1091 2716 1167 2787 apud
1189 2719 1361 2789 Euripidem

211 2781 244 2833 iu
261 2782 354 2835 Rheso
379 2799 421 2833 vs.
439 2784 501 2837 tot.
536 2783 573 2836 D.

281 2853 424 2905 Adstante
448 2868 499 2920 ope
525 2853 693 2920 barbarica]
729 2855 765 2907 H.
784 2856 933 2909 Turnebus
955 2856 1087 2910 Adverss.
1111 2859 1159 2911 lx.
1180 2861 1222 2914 13.
1242 2878 1270 2929 p.
1291 2863 1359 2916 290:

209 2923 408 2990 „barbaricum
427 2923 605 2992 interpretor
622 2925 701 2995 Phry
722 2927 793 2992 ium,
811 2935 845 2978 ut
863 2928 916 2979 sit:
936 2937 1028 2981 stante
1036 2929 1183 3003 Phrygum
1201 2930 1361 2999 irnperio.“

210 2995 325 3047 Plenius
352 2994 384 3045 hi
419 3012 518 3046 versus
548 2943 762 3049 Andromachae
790 2998 938 3050 Enuisuae
964 2998 992 3050 le
1054 3008 1103 3051 tur
1128 2999 1205 3050 infre
1231 3000 1283 3051 111.
1315 3005 1358 3057 19.

210 3066 307 3121 Primo
324 3065 422 3119 versui
443 3066 473 3118 h.
493 3066 513 3117 1.
539 3065 641 3118 desunt
661 3068 749 3120 verba
776 3066 913 3121 initialis:
945 3069 983 3122 Vi
1004 3069 1016 3122 ι’
1038 3085 1089 3137 ego
1106 3074 1140 3123 te.
1161 3097 1195 3108 -
1229 3071 1285 3121 Pro
1304 3071 1361 3122 ad-

211 3145 301 3192 stante
319 3137 402 3190 Vind.
425 3142 448 3192 l.
468 3142 570 3202 stante,
589 3137 662 3191 Gud.
675 3143 699 3192 l.
709 3141 735 3193 2.
755 3137 780 3190 Α
822 3178 828 3189 .
849 3148 877 3191 et
896 3138 978 3205 Edd,
997 3147 1112 3210 praeter
1128 3138 1358 3194 st.l'thols.

209 3211 288 3264 Koel.
309 3209 375 3263 Sch.
396 3209 454 3274 Or„
473 3224 569 3260 omnes
587 3214 706 3261 astante.
742 3210 808 3279 Exp
824 3211 936 3262 'cantur
958 3210 1029 3263 haec
1052 3209 1140 3263 verbe
1156 3227 1172 3261 s
1189 3210 1359 3265 Porcellino

209 3282 252 3333 ed.
273 3281 370 3335 Germ.
389 3297 417 3350 p.
438 3281 498 3334 263.
518 3295 604 3331 versu
621 3280 741 3354 Virgilii
760 3279 908 3334 dimidiato
925 3279 996 3333 Aen.
1016 3282 1054 3334 11.
1073 3283 1120 3336 tt:
1152 3280 1265 3338 Priami
1283 3282 1358 3336 dnm

208 3351 298 3421 reg‘na
321 3350 514 3404 manebant.
552 3348 611 3402 Me.

280 3422 375 3475 Tectis
392 3421 519 3485 caelatis,
539 3419 691 3488 laqueatis]
720 3418 852 3473 Mesatis
874 3423 948 3497 legit
966 3421 1082 3476 Servius
1109 3422 1144 3475 ad
1161 3423 1232 3476 Aen.
1252 3424 1276 3489 l,
1295 3426 1355 3478 736.

209 3511 296 3561 quem
321 3491 396 3544 vide.
434 3489 490 3543 Sed
513 3490 651 3560 laqueatis
674 3494 752 3544 favet
775 3501 925 3545 auctorum
942 3511 1016 3545 usus.
1052 3491 1108 3546 Adi
1126 3493 1164 3544 sis
1183 3492 1356 3546 Lambinum

207 3564 242 3615 sd
260 3562 374 3614 Horatii
396 3559 446 3611 lib.
466 3560 503 3613 11.
533 3560 581 3613 od.
603 3564 643 3616 16.
680 3562 717 3616 D.

282 3630 374 3686 Tectis
392 3630 520 3695 caelatis,
539 3630 692 3700 laqueatis]
721 3632 787 3686 cod.
807 3633 904 3686 Duisb.
924 3641 955 3687 et
973 3633 1122 3704 laqueatis.
1155 3636 1240 3689 vind
1262 3642 1287 3693 1.
1314 3637 1358 3689 te-

208 3703 319 3776 qseuts's
337 3717 435 3755 auro.
455 3703 516 3754 Vox
534 3715 623 3755 auro
641 3720 677 3758 ex
690 3704 723 3756 1..
744 3704 795 3758 111.
817 3708 859 3763 19.
878 3705 928 3757 ubi
946 3706 1080 3775 sequitur
1096 3706 1147 3758 hic
1164 3724 1263 3761 versus
1282 3707 1359 3761 Aus-
1396 3739 1404 3754 .

243 3776 361 3831 esticus:

205 3794 242 3848 1³⁸
524 3859 604 3910 auro,
624 3844 705 3898 idere
728 3844 896 3901 instrictans
913 3847 1036 3915 re'gifict.

207 3917 251 3970 Ad
268 3919 355 3972 verba
372 3918 447 3970 conf.
467 3916 538 3970 Ern.
559 3915 636 3969 clav.
656 3915 715 3969 Cic.
734 3936 781 3970 vv.
801 3917 927 3970 caelatus
945 3927 974 3971 et
992 3919 1119 3973 lacunar.
1137 3919 1196 3974 cio.
1216 3920 1252 3974 de
1266 3921 1356 4005 legg.

207 3990 245 4041 11.
267 3993 291 4043 1.
310 4008 339 4059 p.
360 3990 419 4043 166.
440 3988 481 4041 ed.
502 3996 589 4040 nostr.
610 3996 638 4040 et
657 3986 704 4040 Cr.
724 3988 793 4041 ibid.
813 3988 938 4041 Turneb.
958 3997 987 4042 et
1006 3989 1141 4043 Creuaer.
1161 4009 1189 4062 p.
1203 3994 1264 4047 661.
1285 3992 1327 4044 itu
1350 4031 1358 4044 .

206 4058 301 4110 lsudd.
322 4059 461 4111 Gonselus
479 4058 513 4111 de
532 4057 609 4112 salas
628 4058 663 4111 ad
680 4060 792 4112 Petmn.
819 4077 847 4130 p.
867 4063 920 4115 tle
938 4077 980 4182 Ἴ.
1004 4059 1067 4124 (Ed.
1093 4062 1189 4115 Frcof.
1211 4064 1287 4118 1629.
1307 4010 1358 4127 43.

209 4155 242 4166 -
260 4129 502 4198 Praepositionem
519 4145 537 4181 a
555 4138 620 4182 ente
638 4129 722 4184 malis
739 4130 877 4183 omittunt
895 4130 953 4183 God
974 4170 981 4181 .
1000 4130 1074 4184 Gud.
1094 4135 1121 4187 2.
1150 4141 1179 4185 et
1197 4132 1270 4186 Gud.
1307 4132 1359 4185 Se-

228 4200 327 4253 uentis
336 4198 498 4251 Gulielmus
517 4200 555 4252 its
575 4199 722 4253 distinxit:
736 4228 769 4238 -
788 4201 962 4255 discessisset
980 4208 1046 4253 tum.
1066 4202 1205 4269 Profecto.
1217 4230 1248 4242 -
1269 4201 1358 4255 Codd.

206 4217 305 4324 buisb.
326 4278 355 4322 et
373 4269 455 4322 Viud.
477 4275 500 4325 l.
541 4271 609 4324 tim
627 4278 725 4324 certe
744 4272 897 4325 videretur.
934 4272 1059 4326 Verbum
1082 4275 1225 4329 uideretur
1243 4272 1358 4327 omittit

208 4340 274 4395 Cod.
292 4340 398 4406 uehis
425 4347 457 4393 at
475 4341 551 4395 abest
570 4362 587 4396 a
605 4342 695 4408 Gud.;
724 4342 821 4396 Duisb.
840 4360 908 4396 cum
925 4345 1000 4396 Mon.
1022 4348 1045 4399 1.
1066 4345 1184 4400 exhibet
1198 4344 1302 4399 melias
1320 4343 1358 4397 et'.

207 4414 242 4468 ln
258 4413 312 4468 Ed.
332 4411 381 4467 l’r.
401 4411 484 4466 Febr.
502 4412 580 4468 ebest
606 4413 634 4468 ei
658 4421 689 4468 et
716 4412 856 4470 scribitur
876 4413 1011 4470 euenisset
1033 4416 1143 4471 melias.
1185 4415 1231 4471 Ad
1247 4434 1277 4470 v.
1308 4431 1360 4471 nea
