<?xml version="1.0" encoding="UTF-8"?>
<!DOCTYPE html PUBLIC "-//W3C//DTD XHTML 1.0 Transitional//EN"
    "http://www.w3.org/TR/xhtml1/DTD/xhtml1-transitional.dtd">
<html xmlns="http://www.w3.org/1999/xhtml" xml:lang="en" lang="en">
 <head>
  <title>
</title>
<meta http-equiv="Content-Type" content="text/html;charset=utf-8" />
  <meta name='ocr-system' content='tesseract 3.04.00' />
  <meta name='ocr-capabilities' content='ocr_page ocr_carea ocr_par ocr_line ocrx_word'/>
</head>
<body>
  <div class='ocr_page' id='page_1' title='image "./mtulliiciceroni01davigoog_0347.png"; bbox 0 0 2828 5070; ppageno 0'>
   <div class='ocr_carea' id='block_1_1' title="bbox 118 289 1073 372">
    <p class='ocr_par' dir='ltr' id='par_1_1' title="bbox 118 289 1073 372">
     <span class='ocr_line' id='line_1_1' title="bbox 118 289 1073 372; baseline -0.016 -1"><span class='ocrx_word' id='word_1_1' title='bbox 118 301 183 372; x_wconf 75' lang='lat' dir='ltr'><strong>slu</strong></span> <span class='ocrx_word' id='word_1_2' title='bbox 323 295 552 366; x_wconf 77' lang='lat' dir='ltr'>CICERONIS</span> <span class='ocrx_word' id='word_1_3' title='bbox 573 293 822 363; x_wconf 67' lang='lat' dir='ltr'><strong>Tuscum.</strong></span> <span class='ocrx_word' id='word_1_4' title='bbox 843 289 1073 358; x_wconf 81' lang='lat' dir='ltr'><strong>DISPUTAT.</strong></span> 
     </span>
    </p>
   </div>
   <div class='ocr_carea' id='block_1_2' title="bbox 118 454 1273 946">
    <p class='ocr_par' dir='ltr' id='par_1_2' title="bbox 118 454 1273 946">
     <span class='ocr_line' id='line_1_2' title="bbox 120 454 1273 550; baseline -0.012 -19"><span class='ocrx_word' id='word_1_5' title='bbox 120 475 243 531; x_wconf 84' lang='lat' dir='ltr'><strong>rectus.</strong></span> <span class='ocrx_word' id='word_1_6' title='bbox 286 463 376 528; x_wconf 89' lang='lat' dir='ltr'><strong>Num</strong></span> <span class='ocrx_word' id='word_1_7' title='bbox 405 464 513 550; x_wconf 79' lang='lat' dir='ltr'><strong>igitur</strong></span> <span class='ocrx_word' id='word_1_8' title='bbox 533 481 609 526; x_wconf 90' lang='lat' dir='ltr'><strong>eum</strong></span> <span class='ocrx_word' id='word_1_9' title='bbox 630 480 751 525; x_wconf 82' lang='lat' dir='ltr'><strong>curare</strong></span> <span class='ocrx_word' id='word_1_10' title='bbox 778 479 902 531; x_wconf 81' lang='lat' dir='ltr'><strong>censes,</strong></span> <span class='ocrx_word' id='word_1_11' title='bbox 934 476 1035 540; x_wconf 88' lang='lat' dir='ltr'><strong>quum</strong></span> <span class='ocrx_word' id='word_1_12' title='bbox 1055 456 1159 518; x_wconf 75' lang='lat' dir='ltr'><strong>Luna</strong></span> <span class='ocrx_word' id='word_1_13' title='bbox 1180 454 1273 518; x_wconf 81' lang='lat' dir='ltr'><strong>labo-</strong></span> 
     </span>
     <span class='ocr_line' id='line_1_3' title="bbox 121 538 1272 630; baseline -0.011 -20"><span class='ocrx_word' id='word_1_14' title='bbox 121 548 192 612; x_wconf 79' lang='lat' dir='ltr'><strong>ret!</strong></span> <span class='ocrx_word' id='word_1_15' title='bbox 213 567 232 610; x_wconf 78' lang='lat' dir='ltr'><strong>a</strong></span> <span class='ocrx_word' id='word_1_16' title='bbox 254 566 318 630; x_wconf 84' lang='lat' dir='ltr'><strong>qua</strong></span> <span class='ocrx_word' id='word_1_17' title='bbox 338 547 529 628; x_wconf 86' lang='lat' dir='ltr'><strong>consopitus</strong></span> <span class='ocrx_word' id='word_1_18' title='bbox 550 552 699 625; x_wconf 80' lang='lat' dir='ltr'><strong>putatur,</strong></span> <span class='ocrx_word' id='word_1_19' title='bbox 727 549 766 604; x_wconf 85' lang='lat' dir='ltr'><strong>nt</strong></span> <span class='ocrx_word' id='word_1_20' title='bbox 786 561 864 605; x_wconf 92' lang='lat' dir='ltr'><strong>eum</strong></span> <span class='ocrx_word' id='word_1_21' title='bbox 884 539 1107 602; x_wconf 73' lang='lat' dir='ltr'><strong>dormientem</strong></span> <span class='ocrx_word' id='word_1_22' title='bbox 1135 538 1272 599; x_wconf 76' lang='lat' dir='ltr'><strong>osculn-</strong></span> 
     </span>
     <span class='ocr_line' id='line_1_4' title="bbox 120 617 1271 705; baseline -0.01 -12"><span class='ocrx_word' id='word_1_23' title='bbox 120 639 227 694; x_wconf 81' lang='lat' dir='ltr'><strong>retur.</strong></span> <span class='ocrx_word' id='word_1_24' title='bbox 275 626 363 693; x_wconf 79' lang='lat' dir='ltr'><strong>Quid</strong></span> <span class='ocrx_word' id='word_1_25' title='bbox 392 635 488 690; x_wconf 83' lang='lat' dir='ltr'><strong>curet</strong></span> <span class='ocrx_word' id='word_1_26' title='bbox 514 635 636 704; x_wconf 83' lang='lat' dir='ltr'><strong>antem,</strong></span> <span class='ocrx_word' id='word_1_27' title='bbox 666 625 725 705; x_wconf 86' lang='lat' dir='ltr'><strong>qui</strong></span> <span class='ocrx_word' id='word_1_28' title='bbox 754 643 797 684; x_wconf 82' lang='lat' dir='ltr'><strong>ne</strong></span> <span class='ocrx_word' id='word_1_29' title='bbox 824 624 928 684; x_wconf 81' lang='lat' dir='ltr'><strong>sentit</strong></span> <span class='ocrx_word' id='word_1_30' title='bbox 958 617 1110 701; x_wconf 77' lang='lat' dir='ltr'><strong>quidem!</strong></span> <span class='ocrx_word' id='word_1_31' title='bbox 1155 619 1271 682; x_wconf 80' lang='lat' dir='ltr'><strong>Habes</strong></span> 
     </span>
     <span class='ocr_line' id='line_1_5' title="bbox 118 699 1273 795; baseline -0.01 -21"><span class='ocrx_word' id='word_1_32' title='bbox 118 730 272 775; x_wconf 88' lang='lat' dir='ltr'><strong>somnum</strong></span> <span class='ocrx_word' id='word_1_33' title='bbox 292 710 471 795; x_wconf 76' lang='lat' dir='ltr'><strong>imaginem</strong></span> <span class='ocrx_word' id='word_1_34' title='bbox 492 709 622 784; x_wconf 80' lang='lat' dir='ltr'><strong>mortis,</strong></span> <span class='ocrx_word' id='word_1_35' title='bbox 653 724 789 786; x_wconf 85' lang='lat' dir='ltr'><strong>eamque</strong></span> <span class='ocrx_word' id='word_1_36' title='bbox 818 701 965 786; x_wconf 85' lang='lat' dir='ltr'><strong>quotidie</strong></span> <span class='ocrx_word' id='word_1_37' title='bbox 990 699 1120 762; x_wconf 83' lang='lat' dir='ltr'><strong>induis:</strong></span> <span class='ocrx_word' id='word_1_38' title='bbox 1150 709 1189 764; x_wconf 83' lang='lat' dir='ltr'><strong>ot</strong></span> <span class='ocrx_word' id='word_1_39' title='bbox 1213 699 1273 763; x_wconf 69' lang='lat' dir='ltr'><strong>du-</strong></span> 
     </span>
     <span class='ocr_line' id='line_1_6' title="bbox 120 784 1271 874; baseline -0.008 -19"><span class='ocrx_word' id='word_1_40' title='bbox 120 794 217 872; x_wconf 85' lang='lat' dir='ltr'><strong>bitas,</strong></span> <span class='ocrx_word' id='word_1_41' title='bbox 249 794 328 874; x_wconf 90' lang='lat' dir='ltr'><strong>quin</strong></span> <span class='ocrx_word' id='word_1_42' title='bbox 348 810 462 853; x_wconf 82' lang='lat' dir='ltr'><strong>sensus</strong></span> <span class='ocrx_word' id='word_1_43' title='bbox 483 791 520 850; x_wconf 92' lang='lat' dir='ltr'><strong>in</strong></span> <span class='ocrx_word' id='word_1_44' title='bbox 541 795 649 849; x_wconf 84' lang='lat' dir='ltr'><strong>morte</strong></span> <span class='ocrx_word' id='word_1_45' title='bbox 669 787 781 848; x_wconf 87' lang='lat' dir='ltr'><strong>nullus</strong></span> <span class='ocrx_word' id='word_1_46' title='bbox 802 786 858 864; x_wconf 85' lang='lat' dir='ltr'><strong>sit,</strong></span> <span class='ocrx_word' id='word_1_47' title='bbox 881 804 982 868; x_wconf 86' lang='lat' dir='ltr'><strong>quum</strong></span> <span class='ocrx_word' id='word_1_48' title='bbox 1002 785 1038 844; x_wconf 87' lang='lat' dir='ltr'><strong>in</strong></span> <span class='ocrx_word' id='word_1_49' title='bbox 1063 784 1137 845; x_wconf 82' lang='lat' dir='ltr'><strong>sins</strong></span> <span class='ocrx_word' id='word_1_50' title='bbox 1167 784 1271 846; x_wconf 86' lang='lat' dir='ltr'><strong>simu-</strong></span> 
     </span>
     <span class='ocr_line' id='line_1_7' title="bbox 119 866 781 946; baseline -0.014 -10"><span class='ocrx_word' id='word_1_51' title='bbox 119 875 210 937; x_wconf 83' lang='lat' dir='ltr'><strong>lacro</strong></span> <span class='ocrx_word' id='word_1_52' title='bbox 232 872 345 937; x_wconf 83' lang='lat' dir='ltr'><strong>videas</strong></span> <span class='ocrx_word' id='word_1_53' title='bbox 364 890 436 933; x_wconf 81' lang='lat' dir='ltr'><strong>csse</strong></span> <span class='ocrx_word' id='word_1_54' title='bbox 456 870 584 931; x_wconf 87' lang='lat' dir='ltr'><strong>nullum</strong></span> <span class='ocrx_word' id='word_1_55' title='bbox 606 866 781 946; x_wconf 77' lang='lat' dir='ltr'><strong>[sonsum]i</strong></span> 
     </span>
    </p>
   </div>
   <div class='ocr_carea' id='block_1_3' title="bbox 120 1031 1271 1109">
    <p class='ocr_par' dir='ltr' id='par_1_3' title="bbox 120 1031 1271 1109">
     <span class='ocr_line' id='line_1_8' title="bbox 120 1031 1271 1109; baseline -0.009 -13"><span class='ocrx_word' id='word_1_56' title='bbox 120 1042 201 1109; x_wconf 82' lang='lat' dir='ltr'><strong>Quod</strong></span> <span class='ocrx_word' id='word_1_57' title='bbox 218 1058 285 1094; x_wconf 82' lang='lat' dir='ltr'><strong>cunr</strong></span> <span class='ocrx_word' id='word_1_58' title='bbox 302 1039 395 1092; x_wconf 84' lang='lat' dir='ltr'><strong>abesse</strong></span> <span class='ocrx_word' id='word_1_59' title='bbox 414 1037 516 1090; x_wconf 83' lang='lat' dir='ltr'><strong>debere</strong></span> <span class='ocrx_word' id='word_1_60' title='bbox 534 1036 714 1089; x_wconf 78' lang='lat' dir='ltr'><strong>existimaret</strong></span> <span class='ocrx_word' id='word_1_61' title='bbox 730 1033 911 1100; x_wconf 86' lang='lat' dir='ltr'><strong>Bouhierius,</strong></span> <span class='ocrx_word' id='word_1_62' title='bbox 939 1032 1065 1086; x_wconf 87' lang='lat' dir='ltr'><strong>coniecit</strong></span> <span class='ocrx_word' id='word_1_63' title='bbox 1083 1031 1271 1086; x_wconf 84' lang='lat' dir='ltr'><strong>scribendum</strong></span> 
     </span>
    </p>
   </div>
   <div class='ocr_carea' id='block_1_4' title="bbox 120 1101 1269 1175">
    <p class='ocr_par' dir='ltr' id='par_1_4' title="bbox 120 1101 1269 1175">
     <span class='ocr_line' id='line_1_9' title="bbox 120 1101 1269 1175; baseline -0.007 -10"><span class='ocrx_word' id='word_1_64' title='bbox 120 1129 180 1166; x_wconf 88' lang='lat' dir='ltr'><strong>esse</strong></span> <span class='ocrx_word' id='word_1_65' title='bbox 198 1112 261 1163; x_wconf 84' lang='lat' dir='ltr'><strong>vel:</strong></span> <span class='ocrx_word' id='word_1_66' title='bbox 289 1117 321 1164; x_wconf 82' lang='lat' dir='ltr'><strong>et</strong></span> <span class='ocrx_word' id='word_1_67' title='bbox 340 1107 468 1175; x_wconf 79' lang='lat' dir='ltr'><strong>nondum,</strong></span> <span class='ocrx_word' id='word_1_68' title='bbox 486 1106 596 1175; x_wconf 80' lang='lat' dir='ltr'><strong>opinor,</strong></span> <span class='ocrx_word' id='word_1_69' title='bbox 619 1111 672 1160; x_wconf 79' lang='lat' dir='ltr'><strong>est</strong></span> <span class='ocrx_word' id='word_1_70' title='bbox 691 1111 877 1175; x_wconf 75' lang='lat' dir='ltr'><strong>experrectus,</strong></span> <span class='ocrx_word' id='word_1_71' title='bbox 903 1103 966 1157; x_wconf 84' lang='lat' dir='ltr'><strong>vel:</strong></span> <span class='ocrx_word' id='word_1_72' title='bbox 998 1101 1129 1170; x_wconf 78' lang='lat' dir='ltr'><strong>nondum,</strong></span> <span class='ocrx_word' id='word_1_73' title='bbox 1157 1101 1269 1172; x_wconf 72' lang='lat' dir='ltr'><strong>opinor,</strong></span> 
     </span>
    </p>
   </div>
   <div class='ocr_carea' id='block_1_5' title="bbox 121 1180 1270 1317">
    <p class='ocr_par' dir='ltr' id='par_1_5' title="bbox 121 1180 1270 1317">
     <span class='ocr_line' id='line_1_10' title="bbox 121 1180 406 1251; baseline -0.025 -15"><span class='ocrx_word' id='word_1_74' title='bbox 121 1186 309 1251; x_wconf 58' lang='lat' dir='ltr'><strong>seperrectue.</strong></span> <span class='ocrx_word' id='word_1_75' title='bbox 345 1180 406 1232; x_wconf 89' lang='lat' dir='ltr'><strong>Mr.</strong></span> 
     </span>
     <span class='ocr_line' id='line_1_11' title="bbox 190 1242 1270 1317; baseline -0.006 -13"><span class='ocrx_word' id='word_1_76' title='bbox 190 1251 263 1305; x_wconf 76' lang='lat' dir='ltr'><strong>Num</strong></span> <span class='ocrx_word' id='word_1_77' title='bbox 281 1247 376 1317; x_wconf 73' lang='lat' dir='ltr'><strong>igitur</strong></span> <span class='ocrx_word' id='word_1_78' title='bbox 392 1263 453 1301; x_wconf 83' lang='lat' dir='ltr'><strong>eum</strong></span> <span class='ocrx_word' id='word_1_79' title='bbox 469 1262 570 1300; x_wconf 77' lang='lat' dir='ltr'><strong>curere</strong></span> <span class='ocrx_word' id='word_1_80' title='bbox 587 1261 691 1313; x_wconf 78' lang='lat' dir='ltr'><strong>cemes,</strong></span> <span class='ocrx_word' id='word_1_81' title='bbox 711 1261 772 1299; x_wconf 81' lang='lat' dir='ltr'><strong>cam</strong></span> <span class='ocrx_word' id='word_1_82' title='bbox 789 1244 868 1299; x_wconf 73' lang='grc' dir='ltr'>ιιυια</span> <span class='ocrx_word' id='word_1_83' title='bbox 887 1242 1032 1310; x_wconf 75' lang='lat' dir='ltr'><strong>ludenti]</strong></span> <span class='ocrx_word' id='word_1_84' title='bbox 1066 1245 1149 1297; x_wconf 86' lang='lat' dir='ltr'><strong>Junt.</strong></span> <span class='ocrx_word' id='word_1_85' title='bbox 1169 1259 1270 1298; x_wconf 82' lang='lat' dir='ltr'><strong>curere</strong></span> 
     </span>
    </p>
   </div>
   <div class='ocr_carea' id='block_1_6' title="bbox 119 1312 1269 2547">
    <p class='ocr_par' dir='ltr' id='par_1_6' title="bbox 119 1312 1269 2547">
     <span class='ocr_line' id='line_1_12' title="bbox 121 1312 1269 1440; baseline -0.01 -64"><span class='ocrx_word' id='word_1_86' title='bbox 121 1335 293 1404; x_wconf 73' lang='lat' dir='ltr'><strong>procurare.</strong></span> <span class='ocrx_word' id='word_1_87' title='bbox 311 1351 345 1440; x_wconf 50' lang='grc' dir='ltr'>ἰ</span> <span class='ocrx_word' id='word_1_88' title='bbox 363 1318 643 1439; x_wconf 64' lang='lat' dir='ltr'><strong>„Ludorcprelspnpm</strong></span> <span class='ocrx_word' id='word_1_89' title='bbox 662 1316 814 1438; x_wconf 61' lang='lat' dir='ltr'><strong>dedtciente</strong></span> <span class='ocrx_word' id='word_1_90' title='bbox 832 1312 1269 1436; x_wconf 43' lang='lat' dir='ltr'><strong>iumipp,.p1ixpprpaoe1nvedisffi</strong></span> 
     </span>
     <span class='ocr_line' id='line_1_13' title="bbox 120 1386 1267 1528; baseline -0.006 -14"><span class='ocrx_word' id='word_1_91' title='bbox 120 1398 483 1524; x_wconf 54' lang='lat' dir='ltr'><strong>35i5si¹2²⁰iosi¹²iiid⁰</strong></span> <span class='ocrx_word' id='word_1_92' title='bbox 497 1386 968 1528; x_wconf 50' lang='lat' dir='ltr'><strong>iinaffffizssfi‘ip&#39;fddfgff</strong></span> <span class='ocrx_word' id='word_1_93' title='bbox 982 1454 1018 1506; x_wconf 87' lang='lat' dir='ltr'><strong>n.</strong></span> <span class='ocrx_word' id='word_1_94' title='bbox 1044 1455 1104 1509; x_wconf 73' lang='lat' dir='ltr'><strong>sss.</strong></span> <span class='ocrx_word' id='word_1_95' title='bbox 1131 1401 1267 1507; x_wconf 47' lang='lat' dir='ltr'><strong>offrid</strong></span> 
     </span>
     <span class='ocr_line' id='line_1_14' title="bbox 121 1523 1269 1594; baseline -0.006 -11"><span class='ocrx_word' id='word_1_96' title='bbox 121 1530 215 1594; x_wconf 67' lang='lat' dir='ltr'><strong>serm]</strong></span> <span class='ocrx_word' id='word_1_97' title='bbox 251 1527 308 1581; x_wconf 81' lang='lat' dir='ltr'><strong>Sed</strong></span> <span class='ocrx_word' id='word_1_98' title='bbox 326 1537 355 1581; x_wconf 88' lang='lat' dir='ltr'><strong>et</strong></span> <span class='ocrx_word' id='word_1_99' title='bbox 373 1527 404 1581; x_wconf 91' lang='lat' dir='ltr'><strong>in</strong></span> <span class='ocrx_word' id='word_1_100' title='bbox 422 1528 480 1580; x_wconf 83' lang='lat' dir='ltr'><strong>iine</strong></span> <span class='ocrx_word' id='word_1_101' title='bbox 498 1527 613 1592; x_wconf 88' lang='lat' dir='ltr'><strong>mensis,</strong></span> <span class='ocrx_word' id='word_1_102' title='bbox 637 1543 703 1579; x_wconf 86' lang='lat' dir='ltr'><strong>oum</strong></span> <span class='ocrx_word' id='word_1_103' title='bbox 720 1526 837 1578; x_wconf 83' lang='lat' dir='ltr'><strong>videtur</strong></span> <span class='ocrx_word' id='word_1_104' title='bbox 863 1525 922 1578; x_wconf 84' lang='lat' dir='ltr'><strong>exti</strong></span> <span class='ocrx_word' id='word_1_105' title='bbox 983 1524 1004 1589; x_wconf 93' lang='lat' dir='ltr'><strong>i,</strong></span> <span class='ocrx_word' id='word_1_106' title='bbox 1028 1523 1158 1576; x_wconf 82' lang='lat' dir='ltr'><strong>laborare</strong></span> <span class='ocrx_word' id='word_1_107' title='bbox 1177 1539 1269 1593; x_wconf 83' lang='lat' dir='ltr'><strong>quon·</strong></span> 
     </span>
     <span class='ocr_line' id='line_1_15' title="bbox 120 1593 1266 1666; baseline -0.003 -15"><span class='ocrx_word' id='word_1_108' title='bbox 120 1598 186 1651; x_wconf 76' lang='lat' dir='ltr'><strong>dam</strong></span> <span class='ocrx_word' id='word_1_109' title='bbox 209 1596 390 1651; x_wconf 83' lang='lat' dir='ltr'><strong>credebatur:</strong></span> <span class='ocrx_word' id='word_1_110' title='bbox 417 1606 451 1650; x_wconf 85' lang='lat' dir='ltr'><strong>ut</strong></span> <span class='ocrx_word' id='word_1_111' title='bbox 475 1597 549 1649; x_wconf 87' lang='lat' dir='ltr'><strong>Plin.</strong></span> <span class='ocrx_word' id='word_1_112' title='bbox 574 1597 625 1649; x_wconf 88' lang='lat' dir='ltr'><strong>lib.</strong></span> <span class='ocrx_word' id='word_1_113' title='bbox 653 1598 679 1650; x_wconf 96' lang='grc'><strong>2.</strong></span> <span class='ocrx_word' id='word_1_114' title='bbox 706 1595 853 1666; x_wconf 82' lang='lat' dir='ltr'><strong>scripsit.“</strong></span> <span class='ocrx_word' id='word_1_115' title='bbox 878 1593 926 1659; x_wconf 84' lang='lat'>[11.</span> <span class='ocrx_word' id='word_1_116' title='bbox 966 1593 986 1660; x_wconf 92' lang='grc'><strong>]</strong></span> <span class='ocrx_word' id='word_1_117' title='bbox 1010 1593 1157 1648; x_wconf 72' lang='lat' dir='ltr'><strong>comesor.</strong></span> <span class='ocrx_word' id='word_1_118' title='bbox 1195 1593 1266 1648; x_wconf 70' lang='lat' dir='ltr'><strong>Adi</strong></span> 
     </span>
     <span class='ocr_line' id='line_1_16' title="bbox 120 1663 1266 1731; baseline -0.006 -8"><span class='ocrx_word' id='word_1_119' title='bbox 120 1667 254 1723; x_wconf 78' lang='lat' dir='ltr'><strong>Juvenal.</strong></span> <span class='ocrx_word' id='word_1_120' title='bbox 278 1669 326 1720; x_wconf 79' lang='lat' dir='ltr'><strong>vl.</strong></span> <span class='ocrx_word' id='word_1_121' title='bbox 345 1669 407 1723; x_wconf 77' lang='grc'><strong>442.</strong></span> <span class='ocrx_word' id='word_1_122' title='bbox 434 1666 484 1720; x_wconf 87' lang='lat' dir='ltr'><strong>ubi</strong></span> <span class='ocrx_word' id='word_1_123' title='bbox 509 1665 568 1718; x_wconf 70' lang='lat' dir='ltr'><strong>vin</strong></span> <span class='ocrx_word' id='word_1_124' title='bbox 593 1666 716 1719; x_wconf 81' lang='lat' dir='ltr'><strong>Turneb.</strong></span> <span class='ocrx_word' id='word_1_125' title='bbox 744 1667 775 1717; x_wconf 87' lang='lat' dir='ltr'><strong>in</strong></span> <span class='ocrx_word' id='word_1_126' title='bbox 792 1665 845 1718; x_wconf 84' lang='lat' dir='ltr'><strong>Ed.</strong></span> <span class='ocrx_word' id='word_1_127' title='bbox 871 1663 1043 1717; x_wconf 78' lang='lat' dir='ltr'><strong>Schrevelii.</strong></span> <span class='ocrx_word' id='word_1_128' title='bbox 1069 1663 1266 1731; x_wconf 71' lang='lat' dir='ltr'><strong>Elmenlucrpt.</strong></span> 
     </span>
     <span class='ocr_line' id='line_1_17' title="bbox 120 1734 1265 1807; baseline -0.003 -16"><span class='ocrx_word' id='word_1_129' title='bbox 120 1739 156 1791; x_wconf 83' lang='lat' dir='ltr'><strong>ad</strong></span> <span class='ocrx_word' id='word_1_130' title='bbox 174 1738 278 1791; x_wconf 82' lang='lat' dir='ltr'><strong>Minuc.</strong></span> <span class='ocrx_word' id='word_1_131' title='bbox 297 1738 388 1792; x_wconf 81' lang='lat' dir='ltr'><strong>Felic.</strong></span> <span class='ocrx_word' id='word_1_132' title='bbox 407 1754 435 1807; x_wconf 92' lang='lat' dir='ltr'><strong>p.</strong></span> <span class='ocrx_word' id='word_1_133' title='bbox 455 1738 498 1792; x_wconf 79' lang='grc'><strong>35.</strong></span> <span class='ocrx_word' id='word_1_134' title='bbox 519 1735 562 1788; x_wconf 86' lang='lat' dir='ltr'><strong>ed.</strong></span> <span class='ocrx_word' id='word_1_135' title='bbox 582 1735 681 1789; x_wconf 67' lang='lat' dir='ltr'><strong>Onesi.</strong></span> <span class='ocrx_word' id='word_1_136' title='bbox 700 1734 736 1787; x_wconf 84' lang='lat' dir='ltr'><strong>ad</strong></span> <span class='ocrx_word' id='word_1_137' title='bbox 753 1736 836 1788; x_wconf 85' lang='lat' dir='ltr'><strong>eund.</strong></span> <span class='ocrx_word' id='word_1_138' title='bbox 856 1735 959 1788; x_wconf 82' lang='lat' dir='ltr'><strong>Cellsr.</strong></span> <span class='ocrx_word' id='word_1_139' title='bbox 1010 1774 1016 1787; x_wconf 90' lang='lat'><strong>.</strong></span> <span class='ocrx_word' id='word_1_140' title='bbox 1036 1737 1079 1791; x_wconf 90' lang='grc'><strong>51.</strong></span> <span class='ocrx_word' id='word_1_141' title='bbox 1108 1734 1265 1788; x_wconf 77' lang='lat' dir='ltr'><strong>Fromond</strong></span> 
     </span>
     <span class='ocr_line' id='line_1_18' title="bbox 120 1803 1268 1874; baseline -0.003 -12"><span class='ocrx_word' id='word_1_142' title='bbox 120 1807 156 1862; x_wconf 80' lang='lat' dir='ltr'><strong>ad</strong></span> <span class='ocrx_word' id='word_1_143' title='bbox 173 1807 272 1861; x_wconf 84' lang='lat' dir='ltr'><strong>Senec.</strong></span> <span class='ocrx_word' id='word_1_144' title='bbox 292 1808 357 1862; x_wconf 84' lang='lat' dir='ltr'><strong>Nat.</strong></span> <span class='ocrx_word' id='word_1_145' title='bbox 378 1807 487 1874; x_wconf 82' lang='lat' dir='ltr'><strong>Quaest.</strong></span> <span class='ocrx_word' id='word_1_146' title='bbox 506 1806 570 1859; x_wconf 81' lang='lat' dir='ltr'><strong>vu.</strong></span> <span class='ocrx_word' id='word_1_147' title='bbox 592 1810 616 1860; x_wconf 90' lang='grc'><strong>1.</strong></span> <span class='ocrx_word' id='word_1_148' title='bbox 663 1808 750 1863; x_wconf 76' lang='grc'><strong>.934.</strong></span> <span class='ocrx_word' id='word_1_149' title='bbox 775 1807 817 1858; x_wconf 87' lang='lat' dir='ltr'><strong>ed</strong></span> <span class='ocrx_word' id='word_1_150' title='bbox 838 1805 963 1858; x_wconf 83' lang='lat' dir='ltr'><strong>Gronov.</strong></span> <span class='ocrx_word' id='word_1_151' title='bbox 1017 1805 1082 1857; x_wconf 84' lang='lat' dir='ltr'><strong>.n.</strong></span> <span class='ocrx_word' id='word_1_152' title='bbox 1120 1803 1268 1858; x_wconf 78' lang='lat' dir='ltr'><strong>scribitur</strong></span> 
     </span>
     <span class='ocr_line' id='line_1_19' title="bbox 120 1874 1267 1950; baseline -0.003 -18"><span class='ocrx_word' id='word_1_153' title='bbox 120 1878 234 1932; x_wconf 72' lang='lat' dir='ltr'><strong>deburat</strong></span> <span class='ocrx_word' id='word_1_154' title='bbox 253 1879 283 1929; x_wconf 89' lang='lat' dir='ltr'><strong>in</strong></span> <span class='ocrx_word' id='word_1_155' title='bbox 301 1877 386 1932; x_wconf 81' lang='lat' dir='ltr'><strong>codd.</strong></span> <span class='ocrx_word' id='word_1_156' title='bbox 406 1876 479 1930; x_wconf 85' lang='lat' dir='ltr'><strong>Gud.</strong></span> <span class='ocrx_word' id='word_1_157' title='bbox 500 1878 525 1930; x_wconf 93' lang='grc'><strong>2.</strong></span> <span class='ocrx_word' id='word_1_158' title='bbox 546 1874 618 1950; x_wconf 79' lang='lat' dir='ltr'><strong>Aug.</strong></span> <span class='ocrx_word' id='word_1_159' title='bbox 666 1875 747 1928; x_wconf 86' lang='grc'><strong>(1.11.</strong></span> <span class='ocrx_word' id='word_1_160' title='bbox 818 1875 853 1928; x_wconf 90' lang='lat' dir='ltr'><strong>od</strong></span> <span class='ocrx_word' id='word_1_161' title='bbox 869 1875 986 1927; x_wconf 79' lang='lat' dir='ltr'><strong>videtur</strong></span> <span class='ocrx_word' id='word_1_162' title='bbox 1004 1892 1063 1928; x_wconf 83' lang='lat' dir='ltr'><strong>esse</strong></span> <span class='ocrx_word' id='word_1_163' title='bbox 1081 1875 1267 1942; x_wconf 81' lang='lat' dir='ltr'><strong>correctoris,</strong></span> 
     </span>
     <span class='ocr_line' id='line_1_20' title="bbox 119 1945 1268 2071; baseline -0.003 -70"><span class='ocrx_word' id='word_1_164' title='bbox 119 1950 173 2070; x_wconf 73' lang='lat' dir='ltr'><strong>&#39;pui</strong></span> <span class='ocrx_word' id='word_1_165' title='bbox 192 1946 708 2071; x_wconf 50' lang='lat' dir='ltr'><strong>”fflfrmffquefetpcffinfflcfitmm&#39;</strong></span> <span class='ocrx_word' id='word_1_166' title='bbox 720 1945 765 2068; x_wconf 56' lang='lat' dir='ltr'><strong>ag</strong></span> <span class='ocrx_word' id='word_1_167' title='bbox 808 1945 1045 2069; x_wconf 51' lang='lat' dir='ltr'><strong>pcpsatirloabcum</strong></span> <span class='ocrx_word' id='word_1_168' title='bbox 1063 1946 1119 2067; x_wconf 57' lang='lat' dir='ltr'><strong>{ni</strong></span> <span class='ocrx_word' id='word_1_169' title='bbox 1140 1945 1268 2068; x_wconf 59' lang='lat' dir='ltr'><strong>pppden·</strong></span> 
     </span>
     <span class='ocr_line' id='line_1_21' title="bbox 136 2031 1268 2071; baseline -0.002 0"><span class='ocrx_word' id='word_1_170' title='bbox 136 2036 189 2071; x_wconf 84' lang='lat' dir='ltr'><strong>em.</strong></span> <span class='ocrx_word' id='word_1_171' title='bbox 287 2034 387 2070; x_wconf 89' lang='lat' dir='ltr'><strong>.0n.</strong></span> <span class='ocrx_word' id='word_1_172' title='bbox 427 2054 433 2068; x_wconf 93' lang='lat'><strong>.</strong></span> <span class='ocrx_word' id='word_1_173' title='bbox 473 2055 479 2067; x_wconf 91' lang='lat'>.</span> <span class='ocrx_word' id='word_1_174' title='bbox 524 2033 538 2068; x_wconf 90' lang='lat' dir='ltr'><strong>e</strong></span> <span class='ocrx_word' id='word_1_175' title='bbox 581 2033 623 2068; x_wconf 86' lang='lat' dir='ltr'><strong>.e</strong></span> <span class='ocrx_word' id='word_1_176' title='bbox 654 2033 727 2068; x_wconf 86' lang='lat' dir='ltr'><strong>unus</strong></span> <span class='ocrx_word' id='word_1_177' title='bbox 762 2036 789 2068; x_wconf 87' lang='lat' dir='ltr'><strong>x.</strong></span> <span class='ocrx_word' id='word_1_178' title='bbox 831 2033 901 2068; x_wconf 84' lang='lat' dir='ltr'><strong>aen</strong></span> <span class='ocrx_word' id='word_1_179' title='bbox 978 2031 1094 2069; x_wconf 84' lang='lat' dir='ltr'><strong>orare·</strong></span> <span class='ocrx_word' id='word_1_180' title='bbox 1133 2033 1154 2065; x_wconf 90' lang='lat' dir='ltr'><strong>u</strong></span> <span class='ocrx_word' id='word_1_181' title='bbox 1201 2033 1268 2069; x_wconf 88' lang='lat' dir='ltr'><strong>cum</strong></span> 
     </span>
     <span class='ocr_line' id='line_1_22' title="bbox 120 2033 1267 2157; baseline -0.003 -16"><span class='ocrx_word' id='word_1_182' title='bbox 120 2087 275 2156; x_wconf 85' lang='lat' dir='ltr'><strong>reperisset</strong></span> <span class='ocrx_word' id='word_1_183' title='bbox 298 2087 330 2137; x_wconf 93' lang='lat' dir='ltr'><strong>in</strong></span> <span class='ocrx_word' id='word_1_184' title='bbox 354 2101 410 2138; x_wconf 92' lang='lat' dir='ltr'><strong>nno</strong></span> <span class='ocrx_word' id='word_1_185' title='bbox 428 2085 508 2138; x_wconf 83' lang='lat' dir='ltr'><strong>Leid.</strong></span> <span class='ocrx_word' id='word_1_186' title='bbox 527 2085 708 2150; x_wconf 85' lang='lat' dir='ltr'><strong>Bouhierius,</strong></span> <span class='ocrx_word' id='word_1_187' title='bbox 739 2087 774 2139; x_wconf 91' lang='lat' dir='ltr'><strong>ob</strong></span> <span class='ocrx_word' id='word_1_188' title='bbox 801 2085 1035 2151; x_wconf 78' lang='lat' dir='ltr'><strong>concinnitatem,</strong></span> <span class='ocrx_word' id='word_1_189' title='bbox 1062 2033 1160 2138; x_wconf 55' lang='lat' dir='ltr'><strong>n’esiio</strong></span> <span class='ocrx_word' id='word_1_190' title='bbox 1179 2103 1267 2157; x_wconf 84' lang='lat' dir='ltr'><strong>quan-</strong></span> 
     </span>
     <span class='ocr_line' id='line_1_23' title="bbox 120 2155 1267 2227; baseline 0 -19"><span class='ocrx_word' id='word_1_191' title='bbox 120 2157 195 2222; x_wconf 78' lang='lat' dir='ltr'><strong>dam,</strong></span> <span class='ocrx_word' id='word_1_192' title='bbox 213 2173 281 2209; x_wconf 88' lang='lat' dir='ltr'><strong>cum</strong></span> <span class='ocrx_word' id='word_1_193' title='bbox 296 2155 382 2209; x_wconf 80' lang='lat' dir='ltr'><strong>verbo</strong></span> <span class='ocrx_word' id='word_1_194' title='bbox 401 2158 581 2221; x_wconf 72' lang='lat' dir='ltr'><strong>occuleretur,</strong></span> <span class='ocrx_word' id='word_1_195' title='bbox 600 2155 694 2225; x_wconf 79' lang='lat' dir='ltr'><strong>recipi</strong></span> <span class='ocrx_word' id='word_1_196' title='bbox 711 2157 833 2221; x_wconf 74' lang='lat' dir='ltr'><strong>volebat,</strong></span> <span class='ocrx_word' id='word_1_197' title='bbox 852 2156 893 2207; x_wconf 90' lang='lat' dir='ltr'><strong>ita</strong></span> <span class='ocrx_word' id='word_1_198' title='bbox 910 2163 1016 2222; x_wconf 87' lang='lat' dir='ltr'><strong>tamen,</strong></span> <span class='ocrx_word' id='word_1_199' title='bbox 1035 2164 1163 2227; x_wconf 75' lang='lat' dir='ltr'><strong>utsupra</strong></span> <span class='ocrx_word' id='word_1_200' title='bbox 1179 2157 1267 2209; x_wconf 86' lang='lat' dir='ltr'><strong>etiam</strong></span> 
     </span>
     <span class='ocr_line' id='line_1_24' title="bbox 120 2224 1268 2347; baseline -0.003 -65"><span class='ocrx_word' id='word_1_201' title='bbox 120 2242 236 2312; x_wconf 55' lang='lat' dir='ltr'><strong>rumpe</strong></span> <span class='ocrx_word' id='word_1_202' title='bbox 253 2228 426 2310; x_wconf 74' lang='lat' dir='ltr'><strong>requireret,</strong></span> <span class='ocrx_word' id='word_1_203' title='bbox 449 2242 505 2310; x_wconf 90' lang='lat' dir='ltr'><strong>pro</strong></span> <span class='ocrx_word' id='word_1_204' title='bbox 523 2240 631 2347; x_wconf 56' lang='lat' dir='ltr'><strong>Wffie&#39;</strong></span> <span class='ocrx_word' id='word_1_205' title='bbox 668 2224 772 2278; x_wconf 79' lang='lat' dir='ltr'><strong>sedin</strong></span> <span class='ocrx_word' id='word_1_206' title='bbox 790 2227 847 2278; x_wconf 83' lang='lat' dir='ltr'><strong>fine</strong></span> <span class='ocrx_word' id='word_1_207' title='bbox 865 2226 1065 2310; x_wconf 80' lang='lat' dir='ltr'><strong>annotationis,</strong></span> <span class='ocrx_word' id='word_1_208' title='bbox 1091 2243 1127 2278; x_wconf 85' lang='lat' dir='ltr'><strong>ex</strong></span> <span class='ocrx_word' id='word_1_209' title='bbox 1144 2243 1203 2280; x_wconf 90' lang='lat' dir='ltr'><strong>uno</strong></span> <span class='ocrx_word' id='word_1_210' title='bbox 1222 2243 1268 2279; x_wconf 81' lang='lat' dir='ltr'><strong>en·</strong></span> 
     </span>
     <span class='ocr_line' id='line_1_25' title="bbox 120 2296 1267 2442; baseline -0.002 -21"><span class='ocrx_word' id='word_1_211' title='bbox 120 2297 597 2435; x_wconf 52' lang='lat' dir='ltr'><strong>3:31.¹”.“¹{3⁰23„:¹;,.5¹·2¹5.¹¹⁸;„t</strong></span> <span class='ocrx_word' id='word_1_212' title='bbox 607 2296 1204 2442; x_wconf 42' lang='grc' dir='ltr'><strong>ῒ022’.ἒ.ἷῖ.’.“.ἴ;.,ἲ.ἷ..ῗῒ”ἷξέῗῗ..“.’ἑ’;’.ἷ·ἕ..“.“</strong></span> <span class='ocrx_word' id='word_1_213' title='bbox 1211 2297 1267 2419; x_wconf 68' lang='lat' dir='ltr'><strong>it</strong></span> 
     </span>
     <span class='ocr_line' id='line_1_26' title="bbox 121 2435 1266 2547; baseline -0.002 -54"><span class='ocrx_word' id='word_1_214' title='bbox 121 2441 202 2494; x_wconf 84' lang='lat' dir='ltr'><strong>Jnnt.</strong></span> <span class='ocrx_word' id='word_1_215' title='bbox 221 2447 285 2510; x_wconf 83' lang='lat' dir='ltr'><strong>post</strong></span> <span class='ocrx_word' id='word_1_216' title='bbox 301 2444 420 2507; x_wconf 76' lang='lat' dir='ltr'><strong>putatur</strong></span> <span class='ocrx_word' id='word_1_217' title='bbox 438 2435 636 2510; x_wconf 79' lang='lat' dir='ltr'><strong>interrogandi</strong></span> <span class='ocrx_word' id='word_1_218' title='bbox 655 2437 769 2547; x_wconf 56' lang='lat' dir='ltr'><strong>rippam</strong></span> <span class='ocrx_word' id='word_1_219' title='bbox 785 2437 881 2503; x_wconf 82' lang='lat' dir='ltr'><strong>habet,</strong></span> <span class='ocrx_word' id='word_1_220' title='bbox 900 2454 954 2490; x_wconf 84' lang='lat' dir='ltr'><strong>nec</strong></span> <span class='ocrx_word' id='word_1_221' title='bbox 971 2453 1041 2490; x_wconf 79' lang='lat' dir='ltr'><strong>vero</strong></span> <span class='ocrx_word' id='word_1_222' title='bbox 1058 2447 1124 2508; x_wconf 87' lang='lat' dir='ltr'><strong>post</strong></span> <span class='ocrx_word' id='word_1_223' title='bbox 1150 2437 1266 2491; x_wconf 76' lang='lat' dir='ltr'><strong>luderet.</strong></span> 
     </span>
    </p>
   </div>
   <div class='ocr_carea' id='block_1_7' title="bbox 82 2519 1268 4454">
    <p class='ocr_par' dir='ltr' id='par_1_7' title="bbox 120 2519 1268 2839">
     <span class='ocr_line' id='line_1_27' title="bbox 679 2519 687 2547; baseline 0 0"><span class='ocrx_word' id='word_1_224' title='bbox 679 2519 687 2547; x_wconf 84' lang='grc' dir='ltr'>Ι</span> 
     </span>
     <span class='ocr_line' id='line_1_28' title="bbox 121 2560 1268 2630; baseline -0.001 -16"><span class='ocrx_word' id='word_1_225' title='bbox 121 2562 156 2614; x_wconf 90' lang='lat' dir='ltr'><strong>ln</strong></span> <span class='ocrx_word' id='word_1_226' title='bbox 175 2561 241 2614; x_wconf 84' lang='lat' dir='ltr'><strong>Ood.</strong></span> <span class='ocrx_word' id='word_1_227' title='bbox 262 2561 335 2614; x_wconf 84' lang='lat' dir='ltr'><strong>Gud.</strong></span> <span class='ocrx_word' id='word_1_228' title='bbox 355 2565 381 2616; x_wconf 86' lang='grc'><strong>2.</strong></span> <span class='ocrx_word' id='word_1_229' title='bbox 401 2562 554 2614; x_wconf 82' lang='lat' dir='ltr'><strong>scribitur:</strong></span> <span class='ocrx_word' id='word_1_230' title='bbox 583 2564 791 2614; x_wconf 79' lang='lat' dir='ltr'><strong>oscularetur.</strong></span> <span class='ocrx_word' id='word_1_231' title='bbox 827 2560 949 2614; x_wconf 82' lang='lat' dir='ltr'><strong>Videtur</strong></span> <span class='ocrx_word' id='word_1_232' title='bbox 965 2561 1053 2613; x_wconf 82' lang='lat' dir='ltr'><strong>verbo</strong></span> <span class='ocrx_word' id='word_1_233' title='bbox 1071 2560 1127 2626; x_wconf 83' lang='lat' dir='ltr'><strong>ito,</strong></span> <span class='ocrx_word' id='word_1_234' title='bbox 1155 2561 1268 2630; x_wconf 83' lang='lat' dir='ltr'><strong>Impen-</strong></span> 
     </span>
     <span class='ocr_line' id='line_1_29' title="bbox 120 2629 1268 2701; baseline 0.001 -19"><span class='ocrx_word' id='word_1_235' title='bbox 120 2631 193 2683; x_wconf 82' lang='lat' dir='ltr'><strong>fecti</strong></span> <span class='ocrx_word' id='word_1_236' title='bbox 211 2632 409 2683; x_wconf 85' lang='lat' dir='ltr'><strong>terminationi</strong></span> <span class='ocrx_word' id='word_1_237' title='bbox 428 2630 630 2701; x_wconf 83' lang='lat' dir='ltr'><strong>superscripto,</strong></span> <span class='ocrx_word' id='word_1_238' title='bbox 648 2633 670 2683; x_wconf 78' lang='lat' dir='ltr'><strong>s‘</strong></span> <span class='ocrx_word' id='word_1_239' title='bbox 715 2632 811 2684; x_wconf 81' lang='lat' dir='ltr'><strong>&#39;ficare</strong></span> <span class='ocrx_word' id='word_1_240' title='bbox 828 2632 951 2685; x_wconf 81' lang='lat' dir='ltr'><strong>voluisse</strong></span> <span class='ocrx_word' id='word_1_241' title='bbox 970 2629 1116 2695; x_wconf 85' lang='lat' dir='ltr'><strong>librarius,</strong></span> <span class='ocrx_word' id='word_1_242' title='bbox 1140 2632 1192 2695; x_wconf 76' lang='lat' dir='ltr'><strong>ita,</strong></span> <span class='ocrx_word' id='word_1_243' title='bbox 1212 2646 1268 2683; x_wconf 80' lang='lat' dir='ltr'><strong>nec</strong></span> 
     </span>
     <span class='ocr_line' id='line_1_30' title="bbox 120 2700 1267 2765; baseline 0.002 -13"><span class='ocrx_word' id='word_1_244' title='bbox 120 2716 191 2753; x_wconf 75' lang='lat' dir='ltr'><strong>vero</strong></span> <span class='ocrx_word' id='word_1_245' title='bbox 209 2701 356 2765; x_wconf 67' lang='lat' dir='ltr'><strong>occidetur,</strong></span> <span class='ocrx_word' id='word_1_246' title='bbox 376 2700 557 2753; x_wconf 84' lang='lat' dir='ltr'><strong>scribendum</strong></span> <span class='ocrx_word' id='word_1_247' title='bbox 575 2718 642 2754; x_wconf 86' lang='lat' dir='ltr'><strong>esse.</strong></span> <span class='ocrx_word' id='word_1_248' title='bbox 707 2719 753 2754; x_wconf 84' lang='lat' dir='ltr'><strong>am</strong></span> <span class='ocrx_word' id='word_1_249' title='bbox 772 2718 836 2753; x_wconf 86' lang='lat' dir='ltr'><strong>cum</strong></span> <span class='ocrx_word' id='word_1_250' title='bbox 853 2702 972 2755; x_wconf 78' lang='lat' dir='ltr'><strong>verbum</strong></span> <span class='ocrx_word' id='word_1_251' title='bbox 997 2701 1160 2753; x_wconf 86' lang='lat' dir='ltr'><strong>inauditum</strong></span> <span class='ocrx_word' id='word_1_252' title='bbox 1183 2716 1267 2754; x_wconf 72' lang='lat' dir='ltr'><strong>oecu-</strong></span> 
     </span>
     <span class='ocr_line' id='line_1_31' title="bbox 121 2768 1130 2839; baseline 0.006 -18"><span class='ocrx_word' id='word_1_253' title='bbox 121 2768 258 2822; x_wconf 78' lang='lat' dir='ltr'><strong>litaretur</strong></span> <span class='ocrx_word' id='word_1_254' title='bbox 274 2770 434 2839; x_wconf 80' lang='lat' dir='ltr'><strong>procudere</strong></span> <span class='ocrx_word' id='word_1_255' title='bbox 454 2772 484 2822; x_wconf 92' lang='lat' dir='ltr'><strong>in</strong></span> <span class='ocrx_word' id='word_1_256' title='bbox 502 2772 597 2824; x_wconf 86' lang='lat' dir='ltr'><strong>animo</strong></span> <span class='ocrx_word' id='word_1_257' title='bbox 614 2771 753 2836; x_wconf 80' lang='lat' dir='ltr'><strong>habuisse,</strong></span> <span class='ocrx_word' id='word_1_258' title='bbox 772 2788 830 2824; x_wconf 91' lang='lat' dir='ltr'><strong>non</strong></span> <span class='ocrx_word' id='word_1_259' title='bbox 848 2771 1031 2825; x_wconf 79' lang='lat' dir='ltr'><strong>crediderim.</strong></span> <span class='ocrx_word' id='word_1_260' title='bbox 1068 2772 1130 2827; x_wconf 80' lang='lat' dir='ltr'><strong>Mr.</strong></span> 
     </span>
    </p>

    <p class='ocr_par' dir='ltr' id='par_1_8' title="bbox 119 2839 1267 3541">
     <span class='ocr_line' id='line_1_32' title="bbox 191 2839 1264 2911; baseline -0.001 -17"><span class='ocrx_word' id='word_1_261' title='bbox 191 2839 267 2894; x_wconf 79' lang='lat' dir='ltr'><strong>Quid</strong></span> <span class='ocrx_word' id='word_1_262' title='bbox 284 2847 362 2893; x_wconf 82' lang='lat' dir='ltr'><strong>curet</strong></span> <span class='ocrx_word' id='word_1_263' title='bbox 381 2847 481 2905; x_wconf 78' lang='lat' dir='ltr'><strong>autem,</strong></span> <span class='ocrx_word' id='word_1_264' title='bbox 511 2841 559 2910; x_wconf 81' lang='lat' dir='ltr'><strong>qui</strong></span> <span class='ocrx_word' id='word_1_265' title='bbox 575 2857 609 2894; x_wconf 82' lang='lat' dir='ltr'><strong>ne</strong></span> <span class='ocrx_word' id='word_1_266' title='bbox 627 2841 711 2894; x_wconf 61' lang='lat' dir='ltr'><strong>eruut</strong></span> <span class='ocrx_word' id='word_1_267' title='bbox 729 2841 876 2911; x_wconf 65' lang='lat' dir='ltr'><strong>quidm]</strong></span> <span class='ocrx_word' id='word_1_268' title='bbox 912 2843 992 2895; x_wconf 90' lang='lat' dir='ltr'><strong>Unus</strong></span> <span class='ocrx_word' id='word_1_269' title='bbox 1014 2842 1065 2894; x_wconf 88' lang='lat' dir='ltr'><strong>Ox.</strong></span> <span class='ocrx_word' id='word_1_270' title='bbox 1089 2847 1167 2893; x_wconf 84' lang='lat' dir='ltr'><strong>curet</strong></span> <span class='ocrx_word' id='word_1_271' title='bbox 1185 2847 1264 2893; x_wconf 79' lang='lat' dir='ltr'><strong>aut.</strong></span> 
     </span>
     <span class='ocr_line' id='line_1_33' title="bbox 120 2907 1266 2981; baseline 0.002 -21"><span class='ocrx_word' id='word_1_272' title='bbox 120 2907 193 2962; x_wconf 83' lang='lat' dir='ltr'><strong>alius</strong></span> <span class='ocrx_word' id='word_1_273' title='bbox 219 2916 298 2964; x_wconf 82' lang='lat' dir='ltr'><strong>curet</strong></span> <span class='ocrx_word' id='word_1_274' title='bbox 321 2910 378 2977; x_wconf 80' lang='lat' dir='ltr'><strong>igi</strong></span> <span class='ocrx_word' id='word_1_275' title='bbox 384 2915 447 2976; x_wconf 82' lang='lat' dir='ltr'><strong>tur,</strong></span> <span class='ocrx_word' id='word_1_276' title='bbox 475 2910 549 2963; x_wconf 85' lang='lat' dir='ltr'><strong>Gnd.</strong></span> <span class='ocrx_word' id='word_1_277' title='bbox 569 2914 594 2966; x_wconf 90' lang='grc'><strong>2.</strong></span> <span class='ocrx_word' id='word_1_278' title='bbox 614 2919 692 2964; x_wconf 78' lang='lat' dir='ltr'><strong>curet</strong></span> <span class='ocrx_word' id='word_1_279' title='bbox 710 2928 765 2977; x_wconf 82' lang='lat' dir='ltr'><strong>un,</strong></span> <span class='ocrx_word' id='word_1_280' title='bbox 793 2912 842 2981; x_wconf 79' lang='lat' dir='ltr'><strong>qai</strong></span> <span class='ocrx_word' id='word_1_281' title='bbox 860 2927 929 2965; x_wconf 80' lang='lat' dir='ltr'><strong>aec.</strong></span> <span class='ocrx_word' id='word_1_282' title='bbox 966 2913 1030 2964; x_wconf 82' lang='lat' dir='ltr'><strong>Post</strong></span> <span class='ocrx_word' id='word_1_283' title='bbox 1056 2911 1165 2979; x_wconf 78' lang='lat' dir='ltr'><strong>quidem</strong></span> <span class='ocrx_word' id='word_1_284' title='bbox 1189 2927 1266 2962; x_wconf 87' lang='lat' dir='ltr'><strong>nnus</strong></span> 
     </span>
     <span class='ocr_line' id='line_1_34' title="bbox 120 2979 1265 3055; baseline -0.003 -22"><span class='ocrx_word' id='word_1_285' title='bbox 120 2979 172 3033; x_wconf 85' lang='lat' dir='ltr'><strong>Ox.</strong></span> <span class='ocrx_word' id='word_1_286' title='bbox 191 2980 318 3034; x_wconf 85' lang='lat' dir='ltr'><strong>additum</strong></span> <span class='ocrx_word' id='word_1_287' title='bbox 336 2980 422 3034; x_wconf 88' lang='lat' dir='ltr'><strong>habet</strong></span> <span class='ocrx_word' id='word_1_288' title='bbox 438 2981 513 3047; x_wconf 77' lang='lat' dir='ltr'><strong>inde,</strong></span> <span class='ocrx_word' id='word_1_289' title='bbox 533 2981 609 3051; x_wconf 83' lang='lat' dir='ltr'><strong>quod</strong></span> <span class='ocrx_word' id='word_1_290' title='bbox 625 2981 743 3034; x_wconf 81' lang='lat' dir='ltr'><strong>videtur</strong></span> <span class='ocrx_word' id='word_1_291' title='bbox 759 2982 851 3055; x_wconf 78' lang='lat' dir='ltr'><strong>glossa</strong></span> <span class='ocrx_word' id='word_1_292' title='bbox 868 2982 902 3034; x_wconf 81' lang='lat' dir='ltr'><strong>sd</strong></span> <span class='ocrx_word' id='word_1_293' title='bbox 918 2981 1049 3045; x_wconf 80' lang='lat' dir='ltr'><strong>verbum,</strong></span> <span class='ocrx_word' id='word_1_294' title='bbox 1075 2980 1148 3049; x_wconf 81' lang='lat' dir='ltr'><strong>qnod</strong></span> <span class='ocrx_word' id='word_1_295' title='bbox 1165 2980 1265 3048; x_wconf 81' lang='lat' dir='ltr'><strong>sequi-</strong></span> 
     </span>
     <span class='ocr_line' id='line_1_35' title="bbox 120 3043 1264 3122; baseline -0.001 -19"><span class='ocrx_word' id='word_1_296' title='bbox 120 3057 179 3116; x_wconf 86' lang='lat' dir='ltr'><strong>tur,</strong></span> <span class='ocrx_word' id='word_1_297' title='bbox 198 3043 292 3118; x_wconf 77' lang='lat' dir='ltr'><strong>dobes,</strong></span> <span class='ocrx_word' id='word_1_298' title='bbox 310 3052 357 3122; x_wconf 80' lang='lat' dir='ltr'><strong>sed</strong></span> <span class='ocrx_word' id='word_1_299' title='bbox 394 3053 458 3105; x_wconf 82' lang='lat' dir='ltr'><strong>lane</strong></span> <span class='ocrx_word' id='word_1_300' title='bbox 476 3070 510 3104; x_wconf 84' lang='lat' dir='ltr'><strong>sn</strong></span> <span class='ocrx_word' id='word_1_301' title='bbox 546 3068 691 3105; x_wconf 80' lang='lat' dir='ltr'><strong>rvacanoa.</strong></span> <span class='ocrx_word' id='word_1_302' title='bbox 728 3054 782 3104; x_wconf 86' lang='lat' dir='ltr'><strong>Pro</strong></span> <span class='ocrx_word' id='word_1_303' title='bbox 799 3050 905 3104; x_wconf 67' lang='lat' dir='ltr'><strong>kades</strong></span> <span class='ocrx_word' id='word_1_304' title='bbox 921 3053 996 3105; x_wconf 87' lang='lat' dir='ltr'><strong>Mon.</strong></span> <span class='ocrx_word' id='word_1_305' title='bbox 1019 3056 1043 3106; x_wconf 89' lang='lat'><strong>1.</strong></span> <span class='ocrx_word' id='word_1_306' title='bbox 1066 3047 1151 3102; x_wconf 65' lang='lat' dir='ltr'><strong>iudet.</strong></span> <span class='ocrx_word' id='word_1_307' title='bbox 1179 3049 1264 3102; x_wconf 90' lang='lat' dir='ltr'><strong>Unus</strong></span> 
     </span>
     <span class='ocr_line' id='line_1_36' title="bbox 120 3119 1263 3188; baseline -0.003 -13"><span class='ocrx_word' id='word_1_308' title='bbox 120 3119 171 3175; x_wconf 84' lang='lat' dir='ltr'><strong>Ox.</strong></span> <span class='ocrx_word' id='word_1_309' title='bbox 192 3122 339 3176; x_wconf 79' lang='lat' dir='ltr'><strong>somnium.</strong></span> <span class='ocrx_word' id='word_1_310' title='bbox 384 3124 410 3175; x_wconf 91' lang='lat' dir='ltr'><strong>d.</strong></span> <span class='ocrx_word' id='word_1_311' title='bbox 428 3126 487 3177; x_wconf 80' lang='lat' dir='ltr'><strong>vet.</strong></span> <span class='ocrx_word' id='word_1_312' title='bbox 529 3122 946 3176; x_wconf 78' lang='lat' dir='ltr'><strong>ouhisriiiiadetsomous</strong></span> <span class='ocrx_word' id='word_1_313' title='bbox 973 3122 1125 3188; x_wconf 71' lang='lat' dir='ltr'><strong>imaginem</strong></span> <span class='ocrx_word' id='word_1_314' title='bbox 1148 3120 1263 3186; x_wconf 79' lang='lat' dir='ltr'><strong>mortis,</strong></span> 
     </span>
     <span class='ocr_line' id='line_1_37' title="bbox 120 3190 1267 3279; baseline -0.003 -33"><span class='ocrx_word' id='word_1_315' title='bbox 120 3193 197 3262; x_wconf 79' lang='lat' dir='ltr'><strong>quod</strong></span> <span class='ocrx_word' id='word_1_316' title='bbox 214 3194 315 3263; x_wconf 77' lang='lat' dir='ltr'><strong>probat</strong></span> <span class='ocrx_word' id='word_1_317' title='bbox 333 3195 398 3247; x_wconf 85' lang='lat' dir='ltr'><strong>ille:</strong></span> <span class='ocrx_word' id='word_1_318' title='bbox 427 3210 479 3279; x_wconf 70' lang='lat' dir='ltr'><strong>ego</strong></span> <span class='ocrx_word' id='word_1_319' title='bbox 497 3210 567 3246; x_wconf 84' lang='lat' dir='ltr'><strong>vero</strong></span> <span class='ocrx_word' id='word_1_320' title='bbox 585 3195 743 3245; x_wconf 85' lang='lat' dir='ltr'><strong>correctori</strong></span> <span class='ocrx_word' id='word_1_321' title='bbox 762 3191 859 3245; x_wconf 86' lang='lat' dir='ltr'><strong>deberi</strong></span> <span class='ocrx_word' id='word_1_322' title='bbox 880 3193 954 3256; x_wconf 88' lang='lat' dir='ltr'><strong>dico,</strong></span> <span class='ocrx_word' id='word_1_323' title='bbox 983 3193 1034 3260; x_wconf 89' lang='lat' dir='ltr'><strong>qni</strong></span> <span class='ocrx_word' id='word_1_324' title='bbox 1052 3190 1267 3243; x_wconf 18' lang='lat' dir='ltr'><strong>ultratcicero-</strong></span> 
     </span>
     <span class='ocr_line' id='line_1_38' title="bbox 120 3262 1266 3333; baseline -0.002 -18"><span class='ocrx_word' id='word_1_325' title='bbox 120 3279 188 3316; x_wconf 87' lang='lat' dir='ltr'><strong>nam</strong></span> <span class='ocrx_word' id='word_1_326' title='bbox 205 3281 303 3333; x_wconf 86' lang='lat' dir='ltr'><strong>sapere</strong></span> <span class='ocrx_word' id='word_1_327' title='bbox 322 3282 351 3317; x_wconf 88' lang='lat' dir='ltr'><strong>se</strong></span> <span class='ocrx_word' id='word_1_328' title='bbox 370 3265 555 3317; x_wconf 77' lang='lat' dir='ltr'><strong>existimaret.</strong></span> <span class='ocrx_word' id='word_1_329' title='bbox 575 3264 635 3316; x_wconf 90' lang='lat' dir='ltr'><strong>Mr.</strong></span> <span class='ocrx_word' id='word_1_330' title='bbox 657 3289 690 3300; x_wconf 94' lang='lat'><strong>—</strong></span> <span class='ocrx_word' id='word_1_331' title='bbox 727 3266 873 3329; x_wconf 74' lang='lat' dir='ltr'><strong>„darriaco</strong></span> <span class='ocrx_word' id='word_1_332' title='bbox 899 3263 992 3317; x_wconf 71' lang='grc' dir='ltr'><strong><em>εἰκόνα</em></strong></span> <span class='ocrx_word' id='word_1_333' title='bbox 1018 3262 1095 3315; x_wconf 80' lang='lat' dir='ltr'><strong>dixit</strong></span> <span class='ocrx_word' id='word_1_334' title='bbox 1121 3262 1266 3314; x_wconf 83' lang='lat' dir='ltr'><strong>Homerus</strong></span> 
     </span>
     <span class='ocr_line' id='line_1_39' title="bbox 119 3331 1266 3407; baseline -0.002 -22"><span class='ocrx_word' id='word_1_335' title='bbox 119 3349 250 3385; x_wconf 85' lang='lat' dir='ltr'><strong>somnum</strong></span> <span class='ocrx_word' id='word_1_336' title='bbox 269 3335 309 3386; x_wconf 85' lang='lat' dir='ltr'><strong>Jl.</strong></span> <span class='ocrx_word' id='word_1_337' title='bbox 330 3337 352 3395; x_wconf 79' lang='grc' dir='ltr'><strong>ξ.</strong></span> <span class='ocrx_word' id='word_1_338' title='bbox 372 3337 432 3390; x_wconf 78' lang='grc'><strong>231.</strong></span> <span class='ocrx_word' id='word_1_339' title='bbox 459 3333 563 3407; x_wconf 74' lang='lat' dir='ltr'><strong>Virgil.</strong></span> <span class='ocrx_word' id='word_1_340' title='bbox 589 3331 659 3386; x_wconf 82' lang='lat' dir='ltr'><strong>Aen.</strong></span> <span class='ocrx_word' id='word_1_341' title='bbox 679 3333 728 3384; x_wconf 81' lang='lat' dir='ltr'><strong>vl.</strong></span> <span class='ocrx_word' id='word_1_342' title='bbox 747 3336 808 3388; x_wconf 79' lang='grc'><strong>278.</strong></span> <span class='ocrx_word' id='word_1_343' title='bbox 834 3334 897 3403; x_wconf 89' lang='lat' dir='ltr'><strong>(qui</strong></span> <span class='ocrx_word' id='word_1_344' title='bbox 923 3334 1001 3385; x_wconf 89' lang='lat' dir='ltr'><strong>locus</strong></span> <span class='ocrx_word' id='word_1_345' title='bbox 1026 3333 1157 3384; x_wconf 83' lang='lat' dir='ltr'><strong>conferri</strong></span> <span class='ocrx_word' id='word_1_346' title='bbox 1182 3331 1266 3385; x_wconf 85' lang='lat' dir='ltr'><strong>debet</strong></span> 
     </span>
     <span class='ocr_line' id='line_1_40' title="bbox 120 3401 1267 3473; baseline -0.001 -18"><span class='ocrx_word' id='word_1_347' title='bbox 120 3419 188 3455; x_wconf 88' lang='lat' dir='ltr'><strong>cnm</strong></span> <span class='ocrx_word' id='word_1_348' title='bbox 206 3401 351 3457; x_wconf 77' lang='lat' dir='ltr'><strong>claudian.</strong></span> <span class='ocrx_word' id='word_1_349' title='bbox 371 3405 452 3473; x_wconf 85' lang='lat' dir='ltr'><strong>Rapt.</strong></span> <span class='ocrx_word' id='word_1_350' title='bbox 471 3406 599 3472; x_wconf 88' lang='lat' dir='ltr'><strong>Proserp.</strong></span> <span class='ocrx_word' id='word_1_351' title='bbox 619 3404 642 3456; x_wconf 85' lang='lat'><strong>1.</strong></span> <span class='ocrx_word' id='word_1_352' title='bbox 663 3405 723 3457; x_wconf 82' lang='lat'>105.</span> <span class='ocrx_word' id='word_1_353' title='bbox 764 3443 770 3455; x_wconf 90' lang='lat'><strong>.</strong></span> <span class='ocrx_word' id='word_1_354' title='bbox 791 3407 852 3459; x_wconf 82' lang='grc'><strong>529.</strong></span> <span class='ocrx_word' id='word_1_355' title='bbox 872 3403 970 3468; x_wconf 81' lang='lat' dir='ltr'><strong>Gesn.)</strong></span> <span class='ocrx_word' id='word_1_356' title='bbox 997 3403 1036 3454; x_wconf 82' lang='lat' dir='ltr'><strong>ci.</strong></span> <span class='ocrx_word' id='word_1_357' title='bbox 1063 3401 1204 3455; x_wconf 81' lang='lat' dir='ltr'><strong>Scheffer.</strong></span> <span class='ocrx_word' id='word_1_358' title='bbox 1230 3402 1267 3454; x_wconf 81' lang='lat' dir='ltr'><strong>ad</strong></span> 
     </span>
     <span class='ocr_line' id='line_1_41' title="bbox 120 3421 1126 3541; baseline 0 -17"><span class='ocrx_word' id='word_1_359' title='bbox 120 3471 230 3524; x_wconf 82' lang='lat' dir='ltr'><strong>Aelian.</strong></span> <span class='ocrx_word' id='word_1_360' title='bbox 249 3474 283 3523; x_wconf 86' lang='lat' dir='ltr'><strong>V.</strong></span> <span class='ocrx_word' id='word_1_361' title='bbox 302 3474 337 3524; x_wconf 86' lang='lat' dir='ltr'><strong>H.</strong></span> <span class='ocrx_word' id='word_1_362' title='bbox 358 3475 394 3525; x_wconf 90' lang='lat'><strong>11.</strong></span> <span class='ocrx_word' id='word_1_363' title='bbox 414 3476 458 3527; x_wconf 76' lang='lat'><strong>35.</strong></span> <span class='ocrx_word' id='word_1_364' title='bbox 477 3489 506 3541; x_wconf 78' lang='lat' dir='ltr'><strong>p·</strong></span> <span class='ocrx_word' id='word_1_365' title='bbox 528 3474 577 3527; x_wconf 89' lang='lat'><strong>161</strong></span> <span class='ocrx_word' id='word_1_366' title='bbox 595 3490 636 3541; x_wconf 86' lang='lat' dir='ltr'><strong>sq.</strong></span> <span class='ocrx_word' id='word_1_367' title='bbox 657 3472 699 3524; x_wconf 83' lang='lat' dir='ltr'><strong>ed.</strong></span> <span class='ocrx_word' id='word_1_368' title='bbox 720 3421 787 3525; x_wconf 54' lang='grc' dir='ltr'><strong>ΑΕΓ.</strong></span> <span class='ocrx_word' id='word_1_369' title='bbox 807 3472 978 3528; x_wconf 83' lang='lat' dir='ltr'><strong>Gronovii.“</strong></span> <span class='ocrx_word' id='word_1_370' title='bbox 1012 3469 1126 3524; x_wconf 67' lang='lat' dir='ltr'><strong>Seleuci.</strong></span> 
     </span>
    </p>

    <p class='ocr_par' dir='ltr' id='par_1_9' title="bbox 82 3541 1267 4301">
     <span class='ocr_line' id='line_1_42' title="bbox 191 3541 1267 3613; baseline 0.001 -21"><span class='ocrx_word' id='word_1_371' title='bbox 191 3541 229 3592; x_wconf 75' lang='lat' dir='ltr'><strong>Er</strong></span> <span class='ocrx_word' id='word_1_372' title='bbox 246 3541 361 3594; x_wconf 73' lang='lat' dir='ltr'><strong>deditus</strong></span> <span class='ocrx_word' id='word_1_373' title='bbox 379 3541 446 3606; x_wconf 78' lang='lat' dir='ltr'><strong>etc]</strong></span> <span class='ocrx_word' id='word_1_374' title='bbox 482 3541 528 3606; x_wconf 75' lang='lat' dir='ltr'><strong>Er,</strong></span> <span class='ocrx_word' id='word_1_375' title='bbox 548 3542 589 3593; x_wconf 77' lang='lat' dir='ltr'><strong>ait</strong></span> <span class='ocrx_word' id='word_1_376' title='bbox 607 3542 655 3595; x_wconf 88' lang='lat' dir='ltr'><strong>Or.</strong></span> <span class='ocrx_word' id='word_1_377' title='bbox 674 3541 709 3594; x_wconf 77' lang='lat' dir='ltr'><strong>sd</strong></span> <span class='ocrx_word' id='word_1_378' title='bbox 726 3543 836 3597; x_wconf 81' lang='lat' dir='ltr'><strong>scholas</strong></span> <span class='ocrx_word' id='word_1_379' title='bbox 854 3543 969 3606; x_wconf 66' lang='lat' dir='ltr'><strong>wolin,</strong></span> <span class='ocrx_word' id='word_1_380' title='bbox 989 3557 1054 3594; x_wconf 91' lang='lat' dir='ltr'><strong>cum</strong></span> <span class='ocrx_word' id='word_1_381' title='bbox 1072 3544 1104 3594; x_wconf 80' lang='lat' dir='ltr'><strong>vi</strong></span> <span class='ocrx_word' id='word_1_382' title='bbox 1122 3542 1154 3595; x_wconf 87' lang='lat' dir='ltr'><strong>h.</strong></span> <span class='ocrx_word' id='word_1_383' title='bbox 1174 3542 1195 3594; x_wconf 89' lang='lat'><strong>1.</strong></span> <span class='ocrx_word' id='word_1_384' title='bbox 1215 3560 1267 3613; x_wconf 89' lang='lat' dir='ltr'><strong>po-</strong></span> 
     </span>
     <span class='ocr_line' id='line_1_43' title="bbox 119 3603 1267 3688; baseline 0.007 -29"><span class='ocrx_word' id='word_1_385' title='bbox 119 3609 210 3672; x_wconf 87' lang='lat' dir='ltr'><strong>nitur,</strong></span> <span class='ocrx_word' id='word_1_386' title='bbox 229 3618 262 3660; x_wconf 90' lang='lat' dir='ltr'><strong>ut</strong></span> <span class='ocrx_word' id='word_1_387' title='bbox 279 3629 295 3662; x_wconf 82' lang='lat' dir='ltr'>a</span> <span class='ocrx_word' id='word_1_388' title='bbox 314 3612 431 3664; x_wconf 85' lang='lat' dir='ltr'><strong>Graecis</strong></span> <span class='ocrx_word' id='word_1_389' title='bbox 449 3603 515 3676; x_wconf 76' lang='grc' dir='ltr'>εἶτα,</span> <span class='ocrx_word' id='word_1_390' title='bbox 533 3611 685 3680; x_wconf 78' lang='lat' dir='ltr'><strong>laudatque</strong></span> <span class='ocrx_word' id='word_1_391' title='bbox 703 3614 785 3688; x_wconf 77' lang='lat' dir='ltr'><strong>Virg.</strong></span> <span class='ocrx_word' id='word_1_392' title='bbox 802 3619 871 3667; x_wconf 84' lang='lat' dir='ltr'><strong>Aen.</strong></span> <span class='ocrx_word' id='word_1_393' title='bbox 885 3616 933 3668; x_wconf 85' lang='lat' dir='ltr'><strong>Vl.</strong></span> <span class='ocrx_word' id='word_1_394' title='bbox 953 3616 1005 3668; x_wconf 79' lang='lat'><strong>80⁷</strong></span> <span class='ocrx_word' id='word_1_395' title='bbox 1014 3631 1021 3664; x_wconf 73' lang='grc' dir='ltr'><strong><em>ε</em></strong></span> <span class='ocrx_word' id='word_1_396' title='bbox 1041 3613 1084 3664; x_wconf 71' lang='lat' dir='ltr'><strong>Er</strong></span> <span class='ocrx_word' id='word_1_397' title='bbox 1102 3613 1267 3667; x_wconf 72' lang='lat' dir='ltr'><strong>dustram</strong></span> 
     </span>
     <span class='ocr_line' id='line_1_44' title="bbox 119 3676 1266 3752; baseline 0.006 -21"><span class='ocrx_word' id='word_1_398' title='bbox 119 3676 209 3731; x_wconf 73' lang='lat' dir='ltr'><strong>adduc</strong></span> <span class='ocrx_word' id='word_1_399' title='bbox 236 3677 367 3733; x_wconf 78' lang='lat' dir='ltr'><strong>virtutem</strong></span> <span class='ocrx_word' id='word_1_400' title='bbox 393 3680 539 3734; x_wconf 72' lang='lat' dir='ltr'><strong>extendere</strong></span> <span class='ocrx_word' id='word_1_401' title='bbox 562 3682 671 3745; x_wconf 69' lang='lat' dir='ltr'><strong>sortis?</strong></span> <span class='ocrx_word' id='word_1_402' title='bbox 706 3681 782 3747; x_wconf 81' lang='lat' dir='ltr'><strong>Alia,</strong></span> <span class='ocrx_word' id='word_1_403' title='bbox 808 3685 895 3749; x_wconf 88' lang='lat' dir='ltr'><strong>addit,</strong></span> <span class='ocrx_word' id='word_1_404' title='bbox 923 3683 1053 3752; x_wconf 84' lang='lat' dir='ltr'><strong>exempla</strong></span> <span class='ocrx_word' id='word_1_405' title='bbox 1071 3700 1106 3734; x_wconf 85' lang='lat' dir='ltr'><strong>ex</strong></span> <span class='ocrx_word' id='word_1_406' title='bbox 1125 3685 1266 3738; x_wconf 79' lang='lat' dir='ltr'><strong>Cicerone</strong></span> 
     </span>
     <span class='ocr_line' id='line_1_45' title="bbox 119 3749 1264 3823; baseline 0.006 -22"><span class='ocrx_word' id='word_1_407' title='bbox 119 3749 235 3803; x_wconf 82' lang='lat' dir='ltr'><strong>laudare</strong></span> <span class='ocrx_word' id='word_1_408' title='bbox 254 3750 403 3803; x_wconf 81' lang='lat' dir='ltr'><strong>Gifaninm</strong></span> <span class='ocrx_word' id='word_1_409' title='bbox 421 3751 534 3804; x_wconf 81' lang='lat' dir='ltr'><strong>Observ.</strong></span> <span class='ocrx_word' id='word_1_410' title='bbox 556 3753 598 3805; x_wconf 82' lang='lat' dir='ltr'><strong>ed.</strong></span> <span class='ocrx_word' id='word_1_411' title='bbox 618 3753 691 3806; x_wconf 85' lang='lat' dir='ltr'><strong>Otho</strong></span> <span class='ocrx_word' id='word_1_412' title='bbox 709 3772 737 3823; x_wconf 89' lang='lat' dir='ltr'><strong>p.</strong></span> <span class='ocrx_word' id='word_1_413' title='bbox 758 3758 818 3809; x_wconf 86' lang='grc'><strong>175.</strong></span> <span class='ocrx_word' id='word_1_414' title='bbox 838 3755 908 3809; x_wconf 86' lang='lat' dir='ltr'><strong>Add.</strong></span> <span class='ocrx_word' id='word_1_415' title='bbox 927 3752 1082 3806; x_wconf 87' lang='lat' dir='ltr'><strong>Turscllin.</strong></span> <span class='ocrx_word' id='word_1_416' title='bbox 1102 3754 1138 3806; x_wconf 86' lang='lat' dir='ltr'><strong>de</strong></span> <span class='ocrx_word' id='word_1_417' title='bbox 1157 3758 1264 3808; x_wconf 83' lang='lat' dir='ltr'><strong>Partic.</strong></span> 
     </span>
     <span class='ocr_line' id='line_1_46' title="bbox 119 3821 1267 3901; baseline 0.003 -25"><span class='ocrx_word' id='word_1_418' title='bbox 119 3839 147 3901; x_wconf 79' lang='lat' dir='ltr'><strong>p.</strong></span> <span class='ocrx_word' id='word_1_419' title='bbox 167 3821 228 3876; x_wconf 84' lang='grc'><strong>263.</strong></span> <span class='ocrx_word' id='word_1_420' title='bbox 248 3821 291 3874; x_wconf 79' lang='lat' dir='ltr'><strong>cd.</strong></span> <span class='ocrx_word' id='word_1_421' title='bbox 312 3822 457 3875; x_wconf 81' lang='lat' dir='ltr'><strong>Schwarr.</strong></span> <span class='ocrx_word' id='word_1_422' title='bbox 474 3849 511 3872; x_wconf 60' lang='lat'><strong>,-</strong></span> <span class='ocrx_word' id='word_1_423' title='bbox 545 3822 611 3876; x_wconf 80' lang='lat' dir='ltr'><strong>cod.</strong></span> <span class='ocrx_word' id='word_1_424' title='bbox 630 3822 703 3897; x_wconf 81' lang='lat' dir='ltr'><strong>Aug.</strong></span> <span class='ocrx_word' id='word_1_425' title='bbox 729 3823 816 3877; x_wconf 77' lang='lat' dir='ltr'><strong>habet</strong></span> <span class='ocrx_word' id='word_1_426' title='bbox 832 3826 864 3878; x_wconf 65' lang='grc' dir='ltr'><strong>ἐκ</strong></span> <span class='ocrx_word' id='word_1_427' title='bbox 881 3830 1022 3878; x_wconf 79' lang='lat' dir='ltr'><strong>mortem.</strong></span> <span class='ocrx_word' id='word_1_428' title='bbox 1048 3823 1147 3876; x_wconf 87' lang='lat' dir='ltr'><strong>Dnisb.</strong></span> <span class='ocrx_word' id='word_1_429' title='bbox 1167 3827 1267 3880; x_wconf 78' lang='lat' dir='ltr'><strong>ullus</strong></span> 
     </span>
     <span class='ocr_line' id='line_1_47' title="bbox 119 3892 1263 3949; baseline 0.007 -9"><span class='ocrx_word' id='word_1_430' title='bbox 119 3906 151 3941; x_wconf 82' lang='lat' dir='ltr'><strong>en</strong></span> <span class='ocrx_word' id='word_1_431' title='bbox 173 3897 270 3943; x_wconf 78' lang='lat' dir='ltr'><strong>morie.</strong></span> <span class='ocrx_word' id='word_1_432' title='bbox 308 3892 452 3945; x_wconf 83' lang='lat' dir='ltr'><strong>Omittnnt</strong></span> <span class='ocrx_word' id='word_1_433' title='bbox 475 3892 507 3945; x_wconf 76' lang='lat' dir='ltr'><strong>s&#39;n</strong></span> <span class='ocrx_word' id='word_1_434' title='bbox 529 3901 594 3946; x_wconf 83' lang='lat' dir='ltr'><strong>ante</strong></span> <span class='ocrx_word' id='word_1_435' title='bbox 622 3894 682 3946; x_wconf 79' lang='lat' dir='ltr'><strong>eius</strong></span> <span class='ocrx_word' id='word_1_436' title='bbox 704 3893 760 3946; x_wconf 91' lang='lat' dir='ltr'><strong>duo</strong></span> <span class='ocrx_word' id='word_1_437' title='bbox 784 3895 869 3949; x_wconf 84' lang='lat' dir='ltr'><strong>codd.</strong></span> <span class='ocrx_word' id='word_1_438' title='bbox 895 3897 964 3948; x_wconf 80' lang='lat' dir='ltr'><strong>oxx.</strong></span> <span class='ocrx_word' id='word_1_439' title='bbox 990 3893 1065 3946; x_wconf 83' lang='lat' dir='ltr'><strong>Gud.</strong></span> <span class='ocrx_word' id='word_1_440' title='bbox 1087 3899 1111 3948; x_wconf 88' lang='lat' dir='ltr'><strong>l.</strong></span> <span class='ocrx_word' id='word_1_441' title='bbox 1130 3897 1156 3948; x_wconf 90' lang='grc'><strong>2.</strong></span> <span class='ocrx_word' id='word_1_442' title='bbox 1187 3896 1263 3949; x_wconf 88' lang='lat' dir='ltr'><strong>Gud.</strong></span> 
     </span>
     <span class='ocr_line' id='line_1_48' title="bbox 82 3957 1265 4022; baseline 0.004 -9"><span class='ocrx_word' id='word_1_443' title='bbox 82 4018 84 4022; x_wconf 15' lang='grc' dir='ltr'><em>Α</em></span> <span class='ocrx_word' id='word_1_444' title='bbox 118 3957 208 4013; x_wconf 68' lang='lat' dir='ltr'><strong>send.</strong></span> <span class='ocrx_word' id='word_1_445' title='bbox 227 3961 324 4014; x_wconf 80' lang='lat' dir='ltr'><strong>Duisb.</strong></span> <span class='ocrx_word' id='word_1_446' title='bbox 344 3963 431 4015; x_wconf 85' lang='lat' dir='ltr'><strong>Marb.</strong></span> <span class='ocrx_word' id='word_1_447' title='bbox 450 3963 534 4015; x_wconf 84' lang='lat' dir='ltr'><strong>vind.</strong></span> <span class='ocrx_word' id='word_1_448' title='bbox 554 3966 580 4018; x_wconf 90' lang='grc'><strong>2.</strong></span> <span class='ocrx_word' id='word_1_449' title='bbox 600 3966 674 4017; x_wconf 85' lang='lat' dir='ltr'><strong>Mon.</strong></span> <span class='ocrx_word' id='word_1_450' title='bbox 696 3969 720 4019; x_wconf 94' lang='grc'><strong>1.</strong></span> <span class='ocrx_word' id='word_1_451' title='bbox 739 3963 792 4016; x_wconf 81' lang='lat' dir='ltr'><strong>Ed.</strong></span> <span class='ocrx_word' id='word_1_452' title='bbox 812 3967 847 4017; x_wconf 82' lang='lat' dir='ltr'><strong>H.</strong></span> <span class='ocrx_word' id='word_1_453' title='bbox 875 3967 909 4018; x_wconf 89' lang='lat' dir='ltr'><strong>ln</strong></span> <span class='ocrx_word' id='word_1_454' title='bbox 927 3965 1010 4016; x_wconf 84' lang='lat' dir='ltr'><strong>Vind.</strong></span> <span class='ocrx_word' id='word_1_455' title='bbox 1031 3968 1057 4019; x_wconf 88' lang='grc'><strong>2.</strong></span> <span class='ocrx_word' id='word_1_456' title='bbox 1078 3974 1107 4017; x_wconf 90' lang='lat' dir='ltr'><strong>et</strong></span> <span class='ocrx_word' id='word_1_457' title='bbox 1126 3965 1199 4017; x_wconf 81' lang='lat' dir='ltr'><strong>Gud.</strong></span> <span class='ocrx_word' id='word_1_458' title='bbox 1221 3977 1265 4018; x_wconf 87' lang='lat' dir='ltr'><strong>est</strong></span> 
     </span>
     <span class='ocr_line' id='line_1_49' title="bbox 119 4027 1263 4104; baseline 0.006 -23"><span class='ocrx_word' id='word_1_459' title='bbox 119 4027 271 4083; x_wconf 71' lang='grc' dir='ltr'><strong>οόηιιιὶαονο</strong></span> <span class='ocrx_word' id='word_1_460' title='bbox 304 4032 371 4085; x_wconf 81' lang='lat' dir='ltr'><strong>eius.</strong></span> <span class='ocrx_word' id='word_1_461' title='bbox 416 4033 565 4087; x_wconf 80' lang='lat' dir='ltr'><strong>Excidissa</strong></span> <span class='ocrx_word' id='word_1_462' title='bbox 590 4034 707 4087; x_wconf 79' lang='lat' dir='ltr'><strong>videtur</strong></span> <span class='ocrx_word' id='word_1_463' title='bbox 737 4033 776 4098; x_wconf 79' lang='lat' dir='ltr'><strong>in,</strong></span> <span class='ocrx_word' id='word_1_464' title='bbox 815 4053 881 4087; x_wconf 88' lang='lat' dir='ltr'><strong>omn</strong></span> <span class='ocrx_word' id='word_1_465' title='bbox 909 4034 1049 4104; x_wconf 86' lang='lat' dir='ltr'><strong>scriptum</strong></span> <span class='ocrx_word' id='word_1_466' title='bbox 1076 4034 1176 4086; x_wconf 81' lang='lat' dir='ltr'><strong>fuisset</strong></span> <span class='ocrx_word' id='word_1_467' title='bbox 1200 4039 1263 4088; x_wconf 71' lang='lat' dir='ltr'><strong>cim</strong></span> 
     </span>
     <span class='ocr_line' id='line_1_50' title="bbox 120 4099 1264 4178; baseline 0.006 -29"><span class='ocrx_word' id='word_1_468' title='bbox 120 4099 139 4150; x_wconf 86' lang='lat' dir='ltr'><strong>i.</strong></span> <span class='ocrx_word' id='word_1_469' title='bbox 161 4115 184 4150; x_wconf 87' lang='lat' dir='ltr'><strong>e.</strong></span> <span class='ocrx_word' id='word_1_470' title='bbox 204 4115 266 4151; x_wconf 82' lang='lat' dir='ltr'><strong>cum</strong></span> <span class='ocrx_word' id='word_1_471' title='bbox 283 4099 323 4167; x_wconf 80' lang='lat' dir='ltr'><strong>in,</strong></span> <span class='ocrx_word' id='word_1_472' title='bbox 343 4104 427 4171; x_wconf 87' lang='lat' dir='ltr'><strong>quod,</strong></span> <span class='ocrx_word' id='word_1_473' title='bbox 446 4121 512 4158; x_wconf 85' lang='lat' dir='ltr'><strong>casu</strong></span> <span class='ocrx_word' id='word_1_474' title='bbox 529 4105 652 4174; x_wconf 82' lang='lat' dir='ltr'><strong>quodam</strong></span> <span class='ocrx_word' id='word_1_475' title='bbox 670 4113 855 4157; x_wconf 77' lang='lat' dir='ltr'><strong>evanescente</strong></span> <span class='ocrx_word' id='word_1_476' title='bbox 872 4104 920 4157; x_wconf 84' lang='lat' dir='ltr'><strong>vol</strong></span> <span class='ocrx_word' id='word_1_477' title='bbox 939 4106 1072 4178; x_wconf 78' lang='lat' dir='ltr'><strong>neglecta</strong></span> <span class='ocrx_word' id='word_1_478' title='bbox 1088 4104 1197 4156; x_wconf 84' lang='lat' dir='ltr'><strong>lineola</strong></span> <span class='ocrx_word' id='word_1_479' title='bbox 1214 4123 1264 4156; x_wconf 87' lang='lat' dir='ltr'><strong>su-</strong></span> 
     </span>
     <span class='ocr_line' id='line_1_51' title="bbox 119 4170 1263 4301; baseline 0.005 -80"><span class='ocrx_word' id='word_1_480' title='bbox 119 4186 216 4294; x_wconf 57' lang='lat' dir='ltr'><strong>{ffi&#39;</strong></span> <span class='ocrx_word' id='word_1_481' title='bbox 235 4170 386 4252; x_wconf 73' lang='lat' dir='ltr'><strong>legebatur</strong></span> <span class='ocrx_word' id='word_1_482' title='bbox 395 4190 471 4298; x_wconf 43' lang='grc' dir='ltr'><strong>ἔφη.</strong></span> <span class='ocrx_word' id='word_1_483' title='bbox 491 4175 589 4301; x_wconf 48' lang='lat' dir='ltr'><strong>Pupp)</strong></span> <span class='ocrx_word' id='word_1_484' title='bbox 606 4174 731 4298; x_wconf 57' lang='lat' dir='ltr'><strong>{lludur&#39;n</strong></span> <span class='ocrx_word' id='word_1_485' title='bbox 747 4174 913 4297; x_wconf 56' lang='lat' dir='ltr'><strong>adipnotnpp</strong></span> <span class='ocrx_word' id='word_1_486' title='bbox 930 4174 1015 4228; x_wconf 85' lang='lat' dir='ltr'><strong>habet</strong></span> <span class='ocrx_word' id='word_1_487' title='bbox 1023 4173 1171 4229; x_wconf 82' lang='lat' dir='ltr'><strong>infinitivo</strong></span> <span class='ocrx_word' id='word_1_488' title='bbox 1191 4190 1263 4242; x_wconf 82' lang='lat' dir='ltr'><strong>esee,</strong></span> 
     </span>
    </p>

    <p class='ocr_par' dir='ltr' id='par_1_10' title="bbox 207 4257 929 4309">
     <span class='ocr_line' id='line_1_52' title="bbox 207 4257 929 4309; baseline 0.003 -16"><span class='ocrx_word' id='word_1_489' title='bbox 207 4257 256 4294; x_wconf 87' lang='lat' dir='ltr'><strong>ens</strong></span> <span class='ocrx_word' id='word_1_490' title='bbox 273 4257 375 4298; x_wconf 69' lang='lat' dir='ltr'><strong>ecesse.</strong></span> <span class='ocrx_word' id='word_1_491' title='bbox 425 4262 470 4299; x_wconf 91' lang='lat' dir='ltr'><strong>on.</strong></span> <span class='ocrx_word' id='word_1_492' title='bbox 507 4285 515 4309; x_wconf 88' lang='lat'><strong>,</strong></span> <span class='ocrx_word' id='word_1_493' title='bbox 591 4263 605 4300; x_wconf 84' lang='lat' dir='ltr'><strong>e</strong></span> <span class='ocrx_word' id='word_1_494' title='bbox 638 4259 674 4298; x_wconf 80' lang='lat' dir='ltr'><strong>nu</strong></span> <span class='ocrx_word' id='word_1_495' title='bbox 699 4261 744 4297; x_wconf 78' lang='lat' dir='ltr'><strong>um</strong></span> <span class='ocrx_word' id='word_1_496' title='bbox 762 4259 792 4296; x_wconf 83' lang='lat' dir='ltr'><strong>es</strong></span> <span class='ocrx_word' id='word_1_497' title='bbox 808 4259 830 4296; x_wconf 87' lang='lat' dir='ltr'><strong>e.</strong></span> <span class='ocrx_word' id='word_1_498' title='bbox 904 4261 929 4295; x_wconf 89' lang='lat' dir='ltr'><strong>r.</strong></span> 
     </span>
    </p>

    <p class='ocr_par' dir='ltr' id='par_1_11' title="bbox 119 4309 1265 4454">
     <span class='ocr_line' id='line_1_53' title="bbox 188 4309 1265 4388; baseline 0.006 -23"><span class='ocrx_word' id='word_1_499' title='bbox 188 4309 285 4365; x_wconf 76' lang='lat' dir='ltr'><strong>videas</strong></span> <span class='ocrx_word' id='word_1_500' title='bbox 303 4329 363 4367; x_wconf 83' lang='lat' dir='ltr'><strong>me</strong></span> <span class='ocrx_word' id='word_1_501' title='bbox 387 4317 490 4370; x_wconf 67' lang='lat' dir='ltr'><strong>nudum</strong></span> <span class='ocrx_word' id='word_1_502' title='bbox 508 4315 653 4382; x_wconf 63' lang='lat' dir='ltr'><strong>semime]</strong></span> <span class='ocrx_word' id='word_1_503' title='bbox 690 4314 801 4380; x_wconf 81' lang='lat' dir='ltr'><strong>„Abest</strong></span> <span class='ocrx_word' id='word_1_504' title='bbox 817 4329 874 4366; x_wconf 79' lang='lat' dir='ltr'><strong>vox</strong></span> <span class='ocrx_word' id='word_1_505' title='bbox 891 4331 1001 4367; x_wconf 82' lang='lat' dir='ltr'><strong>sensam</strong></span> <span class='ocrx_word' id='word_1_506' title='bbox 1027 4317 1061 4367; x_wconf 83' lang='lat' dir='ltr'><strong>ab</strong></span> <span class='ocrx_word' id='word_1_507' title='bbox 1079 4317 1208 4388; x_wconf 86' lang='lat' dir='ltr'><strong>antiquo,</strong></span> <span class='ocrx_word' id='word_1_508' title='bbox 1233 4327 1265 4371; x_wconf 85' lang='lat' dir='ltr'><strong>et</strong></span> 
     </span>
     <span class='ocr_line' id='line_1_54' title="bbox 119 4376 1265 4454; baseline 0.006 -18"><span class='ocrx_word' id='word_1_509' title='bbox 119 4389 208 4451; x_wconf 81' lang='lat' dir='ltr'><strong>recte,</strong></span> <span class='ocrx_word' id='word_1_510' title='bbox 226 4385 411 4454; x_wconf 81' lang='lat' dir='ltr'><strong>ut.opinor.⁴‘</strong></span> <span class='ocrx_word' id='word_1_511' title='bbox 432 4387 559 4443; x_wconf 72' lang='lat' dir='ltr'><strong>Ursinus.</strong></span> <span class='ocrx_word' id='word_1_512' title='bbox 597 4376 828 4441; x_wconf 78' lang='lat' dir='ltr'><strong>ProburitBouh.</strong></span> <span class='ocrx_word' id='word_1_513' title='bbox 848 4385 949 4439; x_wconf 83' lang='lat' dir='ltr'><strong>Ursini</strong></span> <span class='ocrx_word' id='word_1_514' title='bbox 966 4387 1151 4442; x_wconf 82' lang='lat' dir='ltr'><strong>sententiam:</strong></span> <span class='ocrx_word' id='word_1_515' title='bbox 1172 4389 1265 4443; x_wconf 85' lang='lat' dir='ltr'><strong>idem·</strong></span> 
     </span>
    </p>
   </div>
   <div class='ocr_carea' id='block_1_8' title="bbox 0 0 1418 5070">
    <p class='ocr_par' dir='ltr' id='par_1_12' title="bbox 0 0 1418 5070">
     <span class='ocr_line' id='line_1_55' title="bbox 0 0 1418 5070; baseline 0 1"><span class='ocrx_word' id='word_1_516' title='bbox 0 0 1418 5070; x_wconf 95' lang='lat' dir='ltr'><strong> </strong></span> 
     </span>
    </p>
   </div>
  </div>
 </body>
</html>
