<?xml version="1.0" encoding="UTF-8"?>
<!DOCTYPE html PUBLIC "-//W3C//DTD XHTML 1.0 Transitional//EN"
    "http://www.w3.org/TR/xhtml1/DTD/xhtml1-transitional.dtd">
<html xmlns="http://www.w3.org/1999/xhtml" xml:lang="en" lang="en">
 <head>
  <title>
</title>
<meta http-equiv="Content-Type" content="text/html;charset=utf-8" />
  <meta name='ocr-system' content='tesseract 3.04.00' />
  <meta name='ocr-capabilities' content='ocr_page ocr_carea ocr_par ocr_line ocrx_word'/>
</head>
<body>
  <div class='ocr_page' id='page_1' title='image "./mtulliiciceroni01davigoog_0598.png"; bbox 0 0 2828 5070; ppageno 0'>
   <div class='ocr_carea' id='block_1_1' title="bbox 565 301 837 381">
    <p class='ocr_par' dir='ltr' id='par_1_1' title="bbox 565 301 837 381">
     <span class='ocr_line' id='line_1_1' title="bbox 565 301 837 381; baseline -0.007 -12"><span class='ocrx_word' id='word_1_1' title='bbox 565 302 693 369; x_wconf 73' lang='lat' dir='ltr'><strong>moun</strong></span> <span class='ocrx_word' id='word_1_2' title='bbox 713 301 757 381; x_wconf 89' lang='grc'><strong>11,</strong></span> <span class='ocrx_word' id='word_1_3' title='bbox 784 303 837 369; x_wconf 79' lang='lat' dir='ltr'><strong>tt.</strong></span> 
     </span>
    </p>
   </div>
   <div class='ocr_carea' id='block_1_2' title="bbox 71 464 1013 727">
    <p class='ocr_par' dir='ltr' id='par_1_2' title="bbox 71 464 1013 727">
     <span class='ocr_line' id='line_1_2' title="bbox 289 464 1013 548; baseline -0.006 -18"><span class='ocrx_word' id='word_1_4' title='bbox 289 464 338 530; x_wconf 67' lang='lat' dir='ltr'><strong>tta</strong></span> <span class='ocrx_word' id='word_1_5' title='bbox 359 464 493 548; x_wconf 71' lang='lat' dir='ltr'><strong>quique,</strong></span> <span class='ocrx_word' id='word_1_6' title='bbox 518 466 640 543; x_wconf 77' lang='lat' dir='ltr'><em>Ulixes,</em></span> <span class='ocrx_word' id='word_1_7' title='bbox 652 464 846 548; x_wconf 70' lang='lat' dir='ltr'><strong>&#39;quamquain</strong></span> <span class='ocrx_word' id='word_1_8' title='bbox 864 466 1013 547; x_wconf 77' lang='lat' dir='ltr'><strong>graviter</strong></span> 
     </span>
     <span class='ocr_line' id='line_1_3' title="bbox 287 548 1002 629; baseline -0.007 -14"><span class='ocrx_word' id='word_1_9' title='bbox 287 548 451 615; x_wconf 77' lang='lat' dir='ltr'><strong><em>Cernimus</em></strong></span> <span class='ocrx_word' id='word_1_10' title='bbox 471 553 577 620; x_wconf 83' lang='lat' dir='ltr'><strong>icttun,</strong></span> <span class='ocrx_word' id='word_1_11' title='bbox 605 552 691 613; x_wconf 80' lang='lat' dir='ltr'><strong>nimi&#39;</strong></span> <span class='ocrx_word' id='word_1_12' title='bbox 708 548 813 629; x_wconf 84' lang='lat' dir='ltr'><strong>pce&#39;ne</strong></span> <span class='ocrx_word' id='word_1_13' title='bbox 834 553 937 612; x_wconf 81' lang='lat' dir='ltr'><strong>animo</strong></span> <span class='ocrx_word' id='word_1_14' title='bbox 969 567 1002 610; x_wconf 81' lang='lat' dir='ltr'><strong>ee</strong></span> 
     </span>
     <span class='ocr_line' id='line_1_4' title="bbox 71 629 850 727; baseline -0.005 -29"><span class='ocrx_word' id='word_1_15' title='bbox 71 664 87 727; x_wconf 75' lang='lat' dir='ltr'><strong>p</strong></span> <span class='ocrx_word' id='word_1_16' title='bbox 285 631 392 710; x_wconf 76' lang='lat' dir='ltr'><strong>Motu,</strong></span> <span class='ocrx_word' id='word_1_17' title='bbox 413 635 479 714; x_wconf 78' lang='lat' dir='ltr'><strong>qui,</strong></span> <span class='ocrx_word' id='word_1_18' title='bbox 503 629 668 694; x_wconf 73' lang='lat' dir='ltr'><strong>consuetis</strong></span> <span class='ocrx_word' id='word_1_19' title='bbox 689 635 725 694; x_wconf 84' lang='lat' dir='ltr'><strong>in</strong></span> <span class='ocrx_word' id='word_1_20' title='bbox 753 633 850 697; x_wconf 82' lang='lat' dir='ltr'><strong>arnis</strong></span> 
     </span>
    </p>
   </div>
   <div class='ocr_carea' id='block_1_3' title="bbox 71 768 1269 896">
    <p class='ocr_par' dir='ltr' id='par_1_3' title="bbox 71 768 1269 896">
     <span class='ocr_line' id='line_1_5' title="bbox 71 768 1269 896; baseline -0.001 -28"><span class='ocrx_word' id='word_1_21' title='bbox 71 768 84 896; x_wconf 58' lang='grc' dir='ltr'><em>τ</em></span> <span class='ocrx_word' id='word_1_22' title='bbox 119 833 181 870; x_wconf 84' lang='lat' dir='ltr'><strong>snus</strong></span> <span class='ocrx_word' id='word_1_23' title='bbox 199 817 229 870; x_wconf 82' lang='lat' dir='ltr'><strong>in</strong></span> <span class='ocrx_word' id='word_1_24' title='bbox 247 817 363 870; x_wconf 82' lang='lat' dir='ltr'><strong>Plutone</strong></span> <span class='ocrx_word' id='word_1_25' title='bbox 383 825 441 869; x_wconf 86' lang='lat' dir='ltr'><strong>tam</strong></span> <span class='ocrx_word' id='word_1_26' title='bbox 466 818 569 871; x_wconf 76' lang='lat' dir='ltr'><strong>lsatine</strong></span> <span class='ocrx_word' id='word_1_27' title='bbox 587 817 707 882; x_wconf 85' lang='lat' dir='ltr'><strong>dicitur,</strong></span> <span class='ocrx_word' id='word_1_28' title='bbox 735 835 821 887; x_wconf 85' lang='lat' dir='ltr'><strong>quam</strong></span> <span class='ocrx_word' id='word_1_29' title='bbox 839 818 916 884; x_wconf 76' lang='lat' dir='ltr'><strong>apud</strong></span> <span class='ocrx_word' id='word_1_30' title='bbox 934 815 1082 870; x_wconf 82' lang='lat' dir='ltr'><strong>Platonem.</strong></span> <span class='ocrx_word' id='word_1_31' title='bbox 1101 813 1166 867; x_wconf 83' lang='lat' dir='ltr'><strong>Vid.</strong></span> <span class='ocrx_word' id='word_1_32' title='bbox 1184 813 1269 867; x_wconf 88' lang='lat' dir='ltr'><strong>modo</strong></span> 
     </span>
    </p>
   </div>
   <div class='ocr_carea' id='block_1_4' title="bbox 71 887 1340 4496">
    <p class='ocr_par' dir='ltr' id='par_1_4' title="bbox 71 887 1340 2211">
     <span class='ocr_line' id='line_1_6' title="bbox 98 887 1268 958; baseline -0.002 -19"><span class='ocrx_word' id='word_1_33' title='bbox 98 887 331 957; x_wconf 69' lang='lat' dir='ltr'><strong>0Hieronymum</strong></span> <span class='ocrx_word' id='word_1_34' title='bbox 351 889 382 940; x_wconf 90' lang='lat' dir='ltr'><strong>in</strong></span> <span class='ocrx_word' id='word_1_35' title='bbox 399 888 493 942; x_wconf 84' lang='lat' dir='ltr'><strong>Rufin.</strong></span> <span class='ocrx_word' id='word_1_36' title='bbox 514 887 576 940; x_wconf 82' lang='lat' dir='ltr'><strong>Lib.</strong></span> <span class='ocrx_word' id='word_1_37' title='bbox 598 889 651 946; x_wconf 86' lang='grc'><strong>111.</strong></span> <span class='ocrx_word' id='word_1_38' title='bbox 671 906 700 958; x_wconf 85' lang='lat' dir='ltr'><strong>p.</strong></span> <span class='ocrx_word' id='word_1_39' title='bbox 719 889 803 950; x_wconf 57' lang='lat' dir='ltr'><strong>537ss</strong></span> <span class='ocrx_word' id='word_1_40' title='bbox 840 889 933 942; x_wconf 86' lang='lat' dir='ltr'><strong>Verbo</strong></span> <span class='ocrx_word' id='word_1_41' title='bbox 961 902 1073 949; x_wconf 87' lang='lat' dir='ltr'><strong>moneo,</strong></span> <span class='ocrx_word' id='word_1_42' title='bbox 1099 901 1134 936; x_wconf 79' lang='lat' dir='ltr'><strong>ex</strong></span> <span class='ocrx_word' id='word_1_43' title='bbox 1157 892 1268 937; x_wconf 88' lang='lat' dir='ltr'><strong>annott.</strong></span> 
     </span>
     <span class='ocr_line' id='line_1_7' title="bbox 120 954 1270 1028; baseline -0.004 -17"><span class='ocrx_word' id='word_1_44' title='bbox 120 957 168 1011; x_wconf 85' lang='lat' dir='ltr'><strong>Or.</strong></span> <span class='ocrx_word' id='word_1_45' title='bbox 188 960 234 1020; x_wconf 85' lang='lat' dir='ltr'><strong>(ad</strong></span> <span class='ocrx_word' id='word_1_46' title='bbox 252 960 359 1013; x_wconf 87' lang='lat' dir='ltr'><strong>Wolfii</strong></span> <span class='ocrx_word' id='word_1_47' title='bbox 378 958 503 1022; x_wconf 89' lang='lat' dir='ltr'><strong>scholas)</strong></span> <span class='ocrx_word' id='word_1_48' title='bbox 529 967 558 1011; x_wconf 92' lang='lat' dir='ltr'><strong>et</strong></span> <span class='ocrx_word' id='word_1_49' title='bbox 575 958 644 1015; x_wconf 85' lang='lat' dir='ltr'><strong>Bill.</strong></span> <span class='ocrx_word' id='word_1_50' title='bbox 663 959 751 1013; x_wconf 81' lang='lat' dir='ltr'><strong>saeile</strong></span> <span class='ocrx_word' id='word_1_51' title='bbox 778 959 903 1028; x_wconf 81' lang='lat' dir='ltr'><strong>aliquem</strong></span> <span class='ocrx_word' id='word_1_52' title='bbox 924 956 1065 1027; x_wconf 88' lang='lat' dir='ltr'><strong>suspicari</strong></span> <span class='ocrx_word' id='word_1_53' title='bbox 1083 970 1165 1024; x_wconf 88' lang='lat' dir='ltr'><strong>posse</strong></span> <span class='ocrx_word' id='word_1_54' title='bbox 1184 954 1270 1007; x_wconf 88' lang='lat' dir='ltr'><strong>Bent-</strong></span> 
     </span>
     <span class='ocr_line' id='line_1_8' title="bbox 71 1023 1270 1097; baseline -0.002 -17"><span class='ocrx_word' id='word_1_55' title='bbox 71 1023 80 1037; x_wconf 88' lang='lat'>&#39;</span> <span class='ocrx_word' id='word_1_56' title='bbox 120 1028 211 1083; x_wconf 88' lang='lat' dir='ltr'><strong>leium</strong></span> <span class='ocrx_word' id='word_1_57' title='bbox 231 1046 283 1097; x_wconf 86' lang='lat' dir='ltr'><strong>pro</strong></span> <span class='ocrx_word' id='word_1_58' title='bbox 303 1030 378 1096; x_wconf 84' lang='lat' dir='ltr'><strong>apud</strong></span> <span class='ocrx_word' id='word_1_59' title='bbox 396 1030 474 1081; x_wconf 81' lang='lat' dir='ltr'><strong>illum</strong></span> <span class='ocrx_word' id='word_1_60' title='bbox 494 1029 619 1083; x_wconf 87' lang='lat' dir='ltr'><strong>voluisse</strong></span> <span class='ocrx_word' id='word_1_61' title='bbox 638 1031 712 1096; x_wconf 83' lang='lat' dir='ltr'><strong>apud</strong></span> <span class='ocrx_word' id='word_1_62' title='bbox 729 1028 815 1095; x_wconf 73' lang='lat' dir='ltr'><strong>bunc3</strong></span> <span class='ocrx_word' id='word_1_63' title='bbox 843 1028 919 1097; x_wconf 87' lang='lat' dir='ltr'><strong>quod</strong></span> <span class='ocrx_word' id='word_1_64' title='bbox 942 1045 1022 1081; x_wconf 89' lang='lat' dir='ltr'><strong>secus</strong></span> <span class='ocrx_word' id='word_1_65' title='bbox 1050 1034 1100 1079; x_wconf 87' lang='lat' dir='ltr'><strong>est.</strong></span> <span class='ocrx_word' id='word_1_66' title='bbox 1138 1025 1182 1077; x_wconf 89' lang='lat' dir='ltr'><strong>Ne</strong></span> <span class='ocrx_word' id='word_1_67' title='bbox 1200 1039 1270 1078; x_wconf 80' lang='lat' dir='ltr'><strong>vero</strong></span> 
     </span>
     <span class='ocr_line' id='line_1_9' title="bbox 71 1093 1270 1173; baseline -0.006 -18"><span class='ocrx_word' id='word_1_68' title='bbox 71 1107 77 1155; x_wconf 91' lang='grc'>1</span> <span class='ocrx_word' id='word_1_69' title='bbox 121 1101 187 1170; x_wconf 83' lang='lat' dir='ltr'><strong>quis</strong></span> <span class='ocrx_word' id='word_1_70' title='bbox 206 1099 336 1152; x_wconf 85' lang='lat' dir='ltr'><strong>Bentleio</strong></span> <span class='ocrx_word' id='word_1_71' title='bbox 361 1100 497 1153; x_wconf 86' lang='lat' dir='ltr'><strong>assentiat</strong></span> <span class='ocrx_word' id='word_1_72' title='bbox 519 1115 573 1171; x_wconf 89' lang='lat' dir='ltr'><strong>pro</strong></span> <span class='ocrx_word' id='word_1_73' title='bbox 599 1113 691 1154; x_wconf 72' lang='lat' dir='ltr'><strong>sannen</strong></span> <span class='ocrx_word' id='word_1_74' title='bbox 714 1099 779 1153; x_wconf 76' lang='lat' dir='ltr'><strong>nuic</strong></span> <span class='ocrx_word' id='word_1_75' title='bbox 803 1100 965 1173; x_wconf 74' lang='lat' dir='ltr'>corrigenti</span> <span class='ocrx_word' id='word_1_76' title='bbox 984 1097 1059 1164; x_wconf 84' lang='lat' dir='ltr'><strong>apud</strong></span> <span class='ocrx_word' id='word_1_77' title='bbox 1077 1093 1156 1159; x_wconf 82' lang='lat' dir='ltr'><strong>lunc,</strong></span> <span class='ocrx_word' id='word_1_78' title='bbox 1176 1096 1201 1147; x_wconf 91' lang='lat' dir='ltr'><strong>is</strong></span> <span class='ocrx_word' id='word_1_79' title='bbox 1220 1111 1270 1148; x_wconf 85' lang='lat' dir='ltr'><strong>re-</strong></span> 
     </span>
     <span class='ocr_line' id='line_1_10' title="bbox 71 1164 1272 1294; baseline 0.009 -75"><span class='ocrx_word' id='word_1_80' title='bbox 71 1256 73 1272; x_wconf 78' lang='lat'><strong>.</strong></span> <span class='ocrx_word' id='word_1_81' title='bbox 119 1177 218 1293; x_wconf 51' lang='lat' dir='ltr'><strong>patet:l</strong></span> <span class='ocrx_word' id='word_1_82' title='bbox 234 1171 329 1293; x_wconf 56' lang='lat' dir='ltr'><strong>pepbpp</strong></span> <span class='ocrx_word' id='word_1_83' title='bbox 349 1169 486 1293; x_wconf 45' lang='lat' dir='ltr'><strong>lchcuuius</strong></span> <span class='ocrx_word' id='word_1_84' title='bbox 503 1172 671 1294; x_wconf 44' lang='lat' dir='ltr'><strong>{uulnere</strong></span> <span class='ocrx_word' id='word_1_85' title='bbox 690 1170 906 1294; x_wconf 52' lang='lat' dir='ltr'><strong>intpargnltjlpeei</strong></span> <span class='ocrx_word' id='word_1_86' title='bbox 924 1169 1028 1289; x_wconf 57' lang='lat' dir='ltr'><strong>positps</strong></span> <span class='ocrx_word' id='word_1_87' title='bbox 1046 1165 1172 1288; x_wconf 47' lang='lat' dir='ltr'><strong>tellissds</strong></span> <span class='ocrx_word' id='word_1_88' title='bbox 1194 1164 1272 1287; x_wconf 49' lang='lat' dir='ltr'><strong>(iffil</strong></span> 
     </span>
     <span class='ocr_line' id='line_1_11' title="bbox 120 1255 1271 1378; baseline -0.003 -16"><span class='ocrx_word' id='word_1_89' title='bbox 120 1258 207 1364; x_wconf 64' lang='lat' dir='ltr'><strong>niis</strong></span> <span class='ocrx_word' id='word_1_90' title='bbox 221 1260 313 1363; x_wconf 66' lang='grc' dir='ltr'><strong>ῖῗ...</strong></span> <span class='ocrx_word' id='word_1_91' title='bbox 328 1258 566 1378; x_wconf 55' lang='lat' dir='ltr'><strong>“inim&#39;iinii</strong></span> <span class='ocrx_word' id='word_1_92' title='bbox 583 1258 752 1366; x_wconf 43' lang='lat' dir='ltr'><strong>iiiiii?</strong></span> <span class='ocrx_word' id='word_1_93' title='bbox 768 1261 840 1364; x_wconf 74' lang='lat' dir='ltr'><strong>in..</strong></span> <span class='ocrx_word' id='word_1_94' title='bbox 864 1257 942 1362; x_wconf 56' lang='lat' dir='ltr'><strong>*td</strong></span> <span class='ocrx_word' id='word_1_95' title='bbox 961 1255 1271 1369; x_wconf 64' lang='grc' dir='ltr'><strong>ὅὶἑ“ι“.’.1.ἓ““...;</strong></span> 
     </span>
     <span class='ocr_line' id='line_1_12' title="bbox 119 1377 1272 1452; baseline -0.004 -20"><span class='ocrx_word' id='word_1_96' title='bbox 119 1382 268 1450; x_wconf 59' lang='lat' dir='ltr'><strong>gracilem</strong></span> <span class='ocrx_word' id='word_1_97' title='bbox 297 1400 368 1452; x_wconf 89' lang='lat' dir='ltr'><strong>quae</strong></span> <span class='ocrx_word' id='word_1_98' title='bbox 396 1391 463 1436; x_wconf 88' lang='lat' dir='ltr'><strong>sunt</strong></span> <span class='ocrx_word' id='word_1_99' title='bbox 490 1385 674 1437; x_wconf 87' lang='lat' dir='ltr'><strong>correctoris.</strong></span> <span class='ocrx_word' id='word_1_100' title='bbox 718 1384 760 1439; x_wconf 89' lang='lat' dir='ltr'><strong>De</strong></span> <span class='ocrx_word' id='word_1_101' title='bbox 791 1382 961 1434; x_wconf 83' lang='lat' dir='ltr'><strong>confusione</strong></span> <span class='ocrx_word' id='word_1_102' title='bbox 991 1394 1095 1443; x_wconf 83' lang='lat' dir='ltr'><strong>vocum</strong></span> <span class='ocrx_word' id='word_1_103' title='bbox 1119 1377 1219 1430; x_wconf 82' lang='lat' dir='ltr'><strong>leniter</strong></span> <span class='ocrx_word' id='word_1_104' title='bbox 1242 1381 1272 1429; x_wconf 89' lang='lat' dir='ltr'><strong>et</strong></span> 
     </span>
     <span class='ocr_line' id='line_1_13' title="bbox 121 1450 1270 1518; baseline -0.005 -16"><span class='ocrx_word' id='word_1_105' title='bbox 121 1451 224 1505; x_wconf 79' lang='lat' dir='ltr'><strong>leuiter</strong></span> <span class='ocrx_word' id='word_1_106' title='bbox 242 1453 309 1506; x_wconf 83' lang='lat' dir='ltr'><strong>vide</strong></span> <span class='ocrx_word' id='word_1_107' title='bbox 328 1453 462 1506; x_wconf 85' lang='lat' dir='ltr'><strong>Beierum</strong></span> <span class='ocrx_word' id='word_1_108' title='bbox 480 1455 512 1507; x_wconf 91' lang='lat' dir='ltr'><strong>in</strong></span> <span class='ocrx_word' id='word_1_109' title='bbox 530 1452 630 1506; x_wconf 82' lang='lat' dir='ltr'><strong>Jahnii</strong></span> <span class='ocrx_word' id='word_1_110' title='bbox 648 1454 765 1508; x_wconf 79' lang='lat' dir='ltr'><strong>Annall.</strong></span> <span class='ocrx_word' id='word_1_111' title='bbox 784 1451 903 1506; x_wconf 89' lang='lat' dir='ltr'><strong>Philoll.</strong></span> <span class='ocrx_word' id='word_1_112' title='bbox 925 1453 1001 1506; x_wconf 78' lang='lat'><strong>1827.</strong></span> <span class='ocrx_word' id='word_1_113' title='bbox 1029 1450 1050 1501; x_wconf 93' lang='lat' dir='ltr'><strong>l.</strong></span> <span class='ocrx_word' id='word_1_114' title='bbox 1070 1452 1096 1504; x_wconf 82' lang='grc'><strong>3.</strong></span> <span class='ocrx_word' id='word_1_115' title='bbox 1115 1465 1144 1518; x_wconf 86' lang='lat' dir='ltr'><strong>p·</strong></span> <span class='ocrx_word' id='word_1_116' title='bbox 1165 1450 1206 1503; x_wconf 82' lang='lat' dir='ltr'><strong>tc.</strong></span> <span class='ocrx_word' id='word_1_117' title='bbox 1229 1463 1270 1516; x_wconf 80' lang='lat' dir='ltr'><strong>sq.</strong></span> 
     </span>
     <span class='ocr_line' id='line_1_14' title="bbox 120 1519 1272 1591; baseline -0.008 -14"><span class='ocrx_word' id='word_1_118' title='bbox 120 1523 175 1577; x_wconf 87' lang='lat' dir='ltr'><strong>Pro</strong></span> <span class='ocrx_word' id='word_1_119' title='bbox 200 1525 295 1591; x_wconf 72' lang='lat' dir='ltr'><strong>ferunt</strong></span> <span class='ocrx_word' id='word_1_120' title='bbox 320 1524 393 1576; x_wconf 89' lang='lat' dir='ltr'><strong>Gud.</strong></span> <span class='ocrx_word' id='word_1_121' title='bbox 422 1529 445 1578; x_wconf 93' lang='grc'><strong>1.</strong></span> <span class='ocrx_word' id='word_1_122' title='bbox 470 1543 493 1577; x_wconf 87' lang='lat' dir='ltr'><strong>a.</strong></span> <span class='ocrx_word' id='word_1_123' title='bbox 521 1529 544 1583; x_wconf 89' lang='lat' dir='ltr'><strong>l.</strong></span> <span class='ocrx_word' id='word_1_124' title='bbox 570 1543 609 1578; x_wconf 89' lang='lat' dir='ltr'><strong>m.</strong></span> <span class='ocrx_word' id='word_1_125' title='bbox 638 1526 758 1589; x_wconf 78' lang='lat' dir='ltr'><strong>fuerunt.</strong></span> <span class='ocrx_word' id='word_1_126' title='bbox 809 1521 901 1576; x_wconf 79' lang='lat' dir='ltr'><strong>Verba</strong></span> <span class='ocrx_word' id='word_1_127' title='bbox 931 1536 1066 1589; x_wconf 72' lang='lat' dir='ltr'><strong>personae</strong></span> <span class='ocrx_word' id='word_1_128' title='bbox 1099 1519 1272 1585; x_wconf 72' lang='lat' dir='ltr'><strong>grauitatem</strong></span> 
     </span>
     <span class='ocr_line' id='line_1_15' title="bbox 121 1589 1273 1666; baseline -0.003 -20"><span class='ocrx_word' id='word_1_129' title='bbox 121 1592 218 1647; x_wconf 73' lang='lat' dir='ltr'><strong>Runa.</strong></span> <span class='ocrx_word' id='word_1_130' title='bbox 238 1594 309 1647; x_wconf 90' lang='lat' dir='ltr'><strong>bene</strong></span> <span class='ocrx_word' id='word_1_131' title='bbox 328 1595 454 1663; x_wconf 82' lang='lat' dir='ltr'><strong>explicat</strong></span> <span class='ocrx_word' id='word_1_132' title='bbox 473 1595 508 1649; x_wconf 87' lang='lat' dir='ltr'><strong>de</strong></span> <span class='ocrx_word' id='word_1_133' title='bbox 526 1596 666 1665; x_wconf 86' lang='lat' dir='ltr'><strong>partibus,</strong></span> <span class='ocrx_word' id='word_1_134' title='bbox 694 1614 763 1665; x_wconf 84' lang='lat' dir='ltr'><strong>quae</strong></span> <span class='ocrx_word' id='word_1_135' title='bbox 782 1597 813 1647; x_wconf 90' lang='lat' dir='ltr'><strong>in</strong></span> <span class='ocrx_word' id='word_1_136' title='bbox 830 1595 891 1645; x_wconf 81' lang='lat' dir='ltr'><strong>vita</strong></span> <span class='ocrx_word' id='word_1_137' title='bbox 910 1599 1008 1666; x_wconf 79' lang='lat' dir='ltr'><strong>egerat</strong></span> <span class='ocrx_word' id='word_1_138' title='bbox 1026 1589 1139 1655; x_wconf 78' lang='lat' dir='ltr'><strong>Ulixes,</strong></span> <span class='ocrx_word' id='word_1_139' title='bbox 1166 1591 1197 1642; x_wconf 91' lang='lat' dir='ltr'><strong>in</strong></span> <span class='ocrx_word' id='word_1_140' title='bbox 1256 1604 1273 1643; x_wconf 75' lang='lat' dir='ltr'><strong>a</strong></span> 
     </span>
     <span class='ocr_line' id='line_1_16' title="bbox 122 1660 1272 1734; baseline -0.004 -17"><span class='ocrx_word' id='word_1_141' title='bbox 122 1682 238 1734; x_wconf 83' lang='lat' dir='ltr'><strong>semper</strong></span> <span class='ocrx_word' id='word_1_142' title='bbox 256 1665 419 1718; x_wconf 80' lang='lat' dir='ltr'><strong>ostenderat</strong></span> <span class='ocrx_word' id='word_1_143' title='bbox 465 1667 626 1720; x_wconf 75' lang='lat' dir='ltr'><strong>raritatem.</strong></span> <span class='ocrx_word' id='word_1_144' title='bbox 663 1668 717 1720; x_wconf 88' lang='lat' dir='ltr'><strong>Pro</strong></span> <span class='ocrx_word' id='word_1_145' title='bbox 736 1666 897 1718; x_wconf 78' lang='lat' dir='ltr'><strong>dubitarunt</strong></span> <span class='ocrx_word' id='word_1_146' title='bbox 922 1680 988 1714; x_wconf 91' lang='lat' dir='ltr'><strong>cum</strong></span> <span class='ocrx_word' id='word_1_147' title='bbox 1007 1661 1079 1713; x_wconf 84' lang='lat' dir='ltr'><strong>Lall.</strong></span> <span class='ocrx_word' id='word_1_148' title='bbox 1098 1660 1208 1713; x_wconf 72' lang='lat' dir='ltr'><strong>FAWo</strong></span> <span class='ocrx_word' id='word_1_149' title='bbox 1245 1674 1272 1725; x_wconf 88' lang='lat' dir='ltr'><strong>c,</strong></span> 
     </span>
     <span class='ocr_line' id='line_1_17' title="bbox 121 1684 1273 1813; baseline -0.005 -24"><span class='ocrx_word' id='word_1_150' title='bbox 121 1733 205 1790; x_wconf 89' lang='lat' dir='ltr'><strong>Schz.</strong></span> <span class='ocrx_word' id='word_1_151' title='bbox 227 1735 272 1787; x_wconf 89' lang='lat' dir='ltr'><strong>Or.</strong></span> <span class='ocrx_word' id='word_1_152' title='bbox 294 1735 365 1788; x_wconf 88' lang='lat' dir='ltr'><strong>Tbn.</strong></span> <span class='ocrx_word' id='word_1_153' title='bbox 387 1752 422 1788; x_wconf 83' lang='lat' dir='ltr'><strong>ex</strong></span> <span class='ocrx_word' id='word_1_154' title='bbox 441 1684 550 1791; x_wconf 72' lang='lat' dir='ltr'><strong>inobus</strong></span> <span class='ocrx_word' id='word_1_155' title='bbox 569 1736 667 1813; x_wconf 73' lang='lat' dir='ltr'><strong>Regiis</strong></span> <span class='ocrx_word' id='word_1_156' title='bbox 687 1736 763 1806; x_wconf 84' lang='lat' dir='ltr'><strong>apud</strong></span> <span class='ocrx_word' id='word_1_157' title='bbox 780 1735 1001 1788; x_wconf 84' lang='lat' dir='ltr'><strong>Lallemannum</strong></span> <span class='ocrx_word' id='word_1_158' title='bbox 1026 1732 1076 1796; x_wconf 89' lang='lat' dir='ltr'><strong>(in</strong></span> <span class='ocrx_word' id='word_1_159' title='bbox 1101 1731 1205 1810; x_wconf 72' lang='lat' dir='ltr'><strong>quibus</strong></span> <span class='ocrx_word' id='word_1_160' title='bbox 1222 1746 1273 1783; x_wconf 77' lang='lat' dir='ltr'><strong>ue·</strong></span> 
     </span>
     <span class='ocr_line' id='line_1_18' title="bbox 121 1800 1272 1876; baseline -0.005 -18"><span class='ocrx_word' id='word_1_161' title='bbox 121 1807 298 1858; x_wconf 86' lang='lat' dir='ltr'><strong>tustissimus</strong></span> <span class='ocrx_word' id='word_1_162' title='bbox 325 1805 436 1869; x_wconf 87' lang='lat' dir='ltr'><strong>noster)</strong></span> <span class='ocrx_word' id='word_1_163' title='bbox 465 1815 493 1859; x_wconf 87' lang='lat' dir='ltr'><strong>et</strong></span> <span class='ocrx_word' id='word_1_164' title='bbox 511 1806 601 1862; x_wconf 85' lang='lat' dir='ltr'><strong>Rehd.</strong></span> <span class='ocrx_word' id='word_1_165' title='bbox 630 1809 737 1876; x_wconf 83' lang='lat' dir='ltr'>recepi,</span> <span class='ocrx_word' id='word_1_166' title='bbox 765 1806 908 1861; x_wconf 87' lang='lat' dir='ltr'><strong>sententia</strong></span> <span class='ocrx_word' id='word_1_167' title='bbox 932 1800 1108 1874; x_wconf 76' lang='lat' dir='ltr'><strong>postulante,</strong></span> <span class='ocrx_word' id='word_1_168' title='bbox 1135 1800 1272 1865; x_wconf 80' lang='lat' dir='ltr'><strong>dubstanl,</strong></span> 
     </span>
     <span class='ocr_line' id='line_1_19' title="bbox 163 1869 1340 1947; baseline -0.006 -20"><span class='ocrx_word' id='word_1_169' title='bbox 163 1877 198 1927; x_wconf 90' lang='lat' dir='ltr'><strong>od</strong></span> <span class='ocrx_word' id='word_1_170' title='bbox 216 1877 336 1928; x_wconf 84' lang='lat' dir='ltr'><strong>ultimae</strong></span> <span class='ocrx_word' id='word_1_171' title='bbox 356 1877 483 1946; x_wconf 84' lang='lat' dir='ltr'><strong>syllabae</strong></span> <span class='ocrx_word' id='word_1_172' title='bbox 502 1876 577 1931; x_wconf 71' lang='lat' dir='ltr'><strong>linei</strong></span> <span class='ocrx_word' id='word_1_173' title='bbox 596 1884 706 1931; x_wconf 87' lang='lat' dir='ltr'><strong>temere</strong></span> <span class='ocrx_word' id='word_1_174' title='bbox 726 1876 931 1947; x_wconf 85' lang='lat' dir='ltr'><strong>superscripta,</strong></span> <span class='ocrx_word' id='word_1_175' title='bbox 955 1871 1042 1925; x_wconf 78' lang='lat' dir='ltr'><strong>facile</strong></span> <span class='ocrx_word' id='word_1_176' title='bbox 1060 1872 1159 1941; x_wconf 88' lang='lat' dir='ltr'><strong>potuit</strong></span> <span class='ocrx_word' id='word_1_177' title='bbox 1177 1869 1238 1946; x_wconf 79' lang='lat' dir='ltr'><strong>legi</strong></span> <span class='ocrx_word' id='word_1_178' title='bbox 1256 1888 1272 1921; x_wconf 82' lang='lat' dir='ltr'><strong>a</strong></span> <span class='ocrx_word' id='word_1_179' title='bbox 1332 1886 1340 1904; x_wconf 94' lang='lat'><strong>·</strong></span> 
     </span>
     <span class='ocr_line' id='line_1_20' title="bbox 136 1939 1271 2018; baseline -0.004 -21"><span class='ocrx_word' id='word_1_180' title='bbox 136 1947 252 1998; x_wconf 77' lang='lat' dir='ltr'><strong>ibt-ariis</strong></span> <span class='ocrx_word' id='word_1_181' title='bbox 276 1947 452 2012; x_wconf 76' lang='lat' dir='ltr'><strong>dubitarunt,</strong></span> <span class='ocrx_word' id='word_1_182' title='bbox 481 1948 542 2018; x_wconf 86' lang='lat' dir='ltr'><strong>qui,</strong></span> <span class='ocrx_word' id='word_1_183' title='bbox 574 1965 639 2000; x_wconf 91' lang='lat' dir='ltr'><strong>cum</strong></span> <span class='ocrx_word' id='word_1_184' title='bbox 667 1948 702 2002; x_wconf 89' lang='lat' dir='ltr'><strong>de</strong></span> <span class='ocrx_word' id='word_1_185' title='bbox 725 1964 758 2000; x_wconf 88' lang='lat' dir='ltr'><strong>re</strong></span> <span class='ocrx_word' id='word_1_186' title='bbox 782 1944 890 2000; x_wconf 85' lang='lat' dir='ltr'><strong>dudum</strong></span> <span class='ocrx_word' id='word_1_187' title='bbox 936 1943 1072 1996; x_wconf 84' lang='lat' dir='ltr'><strong>raeterita</strong></span> <span class='ocrx_word' id='word_1_188' title='bbox 1099 1955 1193 1997; x_wconf 81' lang='lat' dir='ltr'><strong>sermo</strong></span> <span class='ocrx_word' id='word_1_189' title='bbox 1224 1939 1271 2004; x_wconf 84' lang='lat' dir='ltr'><strong>sit,</strong></span> 
     </span>
     <span class='ocr_line' id='line_1_21' title="bbox 122 1962 1270 2087; baseline -0.005 -18"><span class='ocrx_word' id='word_1_190' title='bbox 122 2017 285 2069; x_wconf 81' lang='lat' dir='ltr'><strong>Perfectum</strong></span> <span class='ocrx_word' id='word_1_191' title='bbox 305 2019 452 2087; x_wconf 83' lang='lat' dir='ltr'><strong>praeferre</strong></span> <span class='ocrx_word' id='word_1_192' title='bbox 469 2034 526 2070; x_wconf 85' lang='lat' dir='ltr'><strong>non</strong></span> <span class='ocrx_word' id='word_1_193' title='bbox 540 2017 714 2072; x_wconf 78' lang='lat' dir='ltr'><strong>dubitarent.</strong></span> <span class='ocrx_word' id='word_1_194' title='bbox 739 2017 823 2072; x_wconf 87' lang='lat' dir='ltr'><strong>Solus</strong></span> <span class='ocrx_word' id='word_1_195' title='bbox 833 2016 905 2070; x_wconf 88' lang='lat' dir='ltr'><strong>Gud.</strong></span> <span class='ocrx_word' id='word_1_196' title='bbox 914 1962 1003 2066; x_wconf 61' lang='lat' dir='ltr'><strong>labet</strong></span> <span class='ocrx_word' id='word_1_197' title='bbox 1022 2012 1190 2065; x_wconf 76' lang='lat' dir='ltr'><strong>dubitarent.</strong></span> <span class='ocrx_word' id='word_1_198' title='bbox 1211 2009 1270 2063; x_wconf 83' lang='lat' dir='ltr'><strong>Mr.</strong></span> 
     </span>
     <span class='ocr_line' id='line_1_22' title="bbox 122 2080 1273 2211; baseline -0.007 -71"><span class='ocrx_word' id='word_1_199' title='bbox 122 2158 140 2211; x_wconf 70' lang='lat' dir='ltr'>d</span> <span class='ocrx_word' id='word_1_200' title='bbox 196 2089 234 2140; x_wconf 85' lang='lat' dir='ltr'><strong>Tu</strong></span> <span class='ocrx_word' id='word_1_201' title='bbox 257 2104 363 2157; x_wconf 81' lang='lat' dir='ltr'><strong>quoque</strong></span> <span class='ocrx_word' id='word_1_202' title='bbox 387 2088 459 2154; x_wconf 76' lang='lat' dir='ltr'><strong>etc]</strong></span> <span class='ocrx_word' id='word_1_203' title='bbox 504 2088 585 2154; x_wconf 81' lang='lat' dir='ltr'><strong>„llos</strong></span> <span class='ocrx_word' id='word_1_204' title='bbox 609 2106 662 2166; x_wconf 80' lang='lat' dir='ltr'><strong>ego</strong></span> <span class='ocrx_word' id='word_1_205' title='bbox 686 2096 788 2144; x_wconf 71' lang='lat' dir='ltr'><strong>‘versus</strong></span> <span class='ocrx_word' id='word_1_206' title='bbox 816 2085 1010 2159; x_wconf 78' lang='lat' dir='ltr'><strong>anapaesticus</strong></span> <span class='ocrx_word' id='word_1_207' title='bbox 1029 2084 1070 2137; x_wconf 86' lang='lat' dir='ltr'><strong>sic</strong></span> <span class='ocrx_word' id='word_1_208' title='bbox 1091 2080 1273 2152; x_wconf 85' lang='lat' dir='ltr'><strong>perscriben-</strong></span> 
     </span>
     <span class='ocr_line' id='line_1_23' title="bbox 143 2165 282 2210; baseline -0.014 -1"><span class='ocrx_word' id='word_1_209' title='bbox 143 2173 173 2209; x_wconf 84' lang='lat' dir='ltr'><strong>os</strong></span> <span class='ocrx_word' id='word_1_210' title='bbox 220 2165 282 2210; x_wconf 84' lang='lat' dir='ltr'><strong>ulo:</strong></span> 
     </span>
    </p>

    <p class='ocr_par' dir='ltr' id='par_1_5' title="bbox 199 2176 806 2300">
     <span class='ocr_line' id='line_1_24' title="bbox 199 2176 806 2300; baseline -0.005 -16"><span class='ocrx_word' id='word_1_211' title='bbox 199 2176 217 2228; x_wconf 68' lang='lat' dir='ltr'>p</span> <span class='ocrx_word' id='word_1_212' title='bbox 288 2263 321 2272; x_wconf 90' lang='lat'>—</span> <span class='ocrx_word' id='word_1_213' title='bbox 341 2258 373 2268; x_wconf 93' lang='lat'><strong>—</strong></span> <span class='ocrx_word' id='word_1_214' title='bbox 394 2263 425 2272; x_wconf 92' lang='lat'>—</span> <span class='ocrx_word' id='word_1_215' title='bbox 446 2263 479 2272; x_wconf 92' lang='lat'>-</span> <span class='ocrx_word' id='word_1_216' title='bbox 502 2236 531 2283; x_wconf 85' lang='lat' dir='ltr'><strong>tu</strong></span> <span class='ocrx_word' id='word_1_217' title='bbox 550 2247 661 2300; x_wconf 83' lang='lat' dir='ltr'><strong>quoque,</strong></span> <span class='ocrx_word' id='word_1_218' title='bbox 682 2231 806 2299; x_wconf 80' lang='lat' dir='ltr'><strong>Ulysaee,</strong></span> 
     </span>
    </p>

    <p class='ocr_par' dir='ltr' id='par_1_6' title="bbox 287 2300 881 2368">
     <span class='ocr_line' id='line_1_25' title="bbox 287 2300 881 2368; baseline -0.008 -13"><span class='ocrx_word' id='word_1_219' title='bbox 287 2302 451 2367; x_wconf 76' lang='lat' dir='ltr'><strong>eramqunm</strong></span> <span class='ocrx_word' id='word_1_220' title='bbox 474 2302 605 2368; x_wconf 76' lang='lat' dir='ltr'><strong>grauiter</strong></span> <span class='ocrx_word' id='word_1_221' title='bbox 623 2301 762 2354; x_wconf 82' lang='lat' dir='ltr'><strong>cernimus</strong></span> <span class='ocrx_word' id='word_1_222' title='bbox 783 2300 881 2366; x_wconf 81' lang='lat' dir='ltr'><strong>ictum,</strong></span> 
     </span>
    </p>

    <p class='ocr_par' dir='ltr' id='par_1_7' title="bbox 285 2369 826 2439">
     <span class='ocr_line' id='line_1_26' title="bbox 285 2369 826 2439; baseline -0.004 -17"><span class='ocrx_word' id='word_1_223' title='bbox 285 2371 381 2422; x_wconf 82' lang='lat' dir='ltr'><strong>Nimis</strong></span> <span class='ocrx_word' id='word_1_224' title='bbox 400 2389 429 2424; x_wconf 86' lang='lat' dir='ltr'><strong>es</strong></span> <span class='ocrx_word' id='word_1_225' title='bbox 444 2387 533 2439; x_wconf 85' lang='lat' dir='ltr'><strong>paene</strong></span> <span class='ocrx_word' id='word_1_226' title='bbox 551 2372 646 2424; x_wconf 80' lang='lat' dir='ltr'><strong>animo</strong></span> <span class='ocrx_word' id='word_1_227' title='bbox 664 2369 752 2435; x_wconf 85' lang='lat' dir='ltr'><strong>molli,</strong></span> <span class='ocrx_word' id='word_1_228' title='bbox 776 2369 826 2439; x_wconf 83' lang='lat' dir='ltr'><strong>qus&#39;</strong></span> 
     </span>
    </p>

    <p class='ocr_par' dir='ltr' id='par_1_8' title="bbox 121 2433 1331 3076">
     <span class='ocr_line' id='line_1_27' title="bbox 288 2433 1272 2507; baseline 0 -14"><span class='ocrx_word' id='word_1_229' title='bbox 288 2442 444 2493; x_wconf 79' lang='lat' dir='ltr'><strong>Consuetue</strong></span> <span class='ocrx_word' id='word_1_230' title='bbox 479 2442 510 2495; x_wconf 78' lang='lat' dir='ltr'><strong>in</strong></span> <span class='ocrx_word' id='word_1_231' title='bbox 536 2443 626 2495; x_wconf 77' lang='lat' dir='ltr'><strong>annis</strong></span> <span class='ocrx_word' id='word_1_232' title='bbox 653 2458 748 2495; x_wconf 77' lang='lat' dir='ltr'><strong>acutum</strong></span> <span class='ocrx_word' id='word_1_233' title='bbox 779 2455 873 2507; x_wconf 79' lang='lat' dir='ltr'><strong>agere.</strong></span> <span class='ocrx_word' id='word_1_234' title='bbox 919 2433 1108 2492; x_wconf 62' lang='lat' dir='ltr'><strong>canerentur.</strong></span> <span class='ocrx_word' id='word_1_235' title='bbox 1160 2435 1272 2493; x_wconf 83' lang='lat' dir='ltr'><strong>Eodem</strong></span> 
     </span>
     <span class='ocr_line' id='line_1_28' title="bbox 122 2506 1270 2593; baseline -0.006 -27"><span class='ocrx_word' id='word_1_236' title='bbox 122 2512 208 2566; x_wconf 90' lang='lat' dir='ltr'><strong>modo</strong></span> <span class='ocrx_word' id='word_1_237' title='bbox 234 2511 287 2565; x_wconf 90' lang='lat' dir='ltr'><strong>hos</strong></span> <span class='ocrx_word' id='word_1_238' title='bbox 312 2530 410 2565; x_wconf 79' lang='lat' dir='ltr'><strong>versus</strong></span> <span class='ocrx_word' id='word_1_239' title='bbox 441 2511 635 2581; x_wconf 90' lang='lat' dir='ltr'><strong>disponendos</strong></span> <span class='ocrx_word' id='word_1_240' title='bbox 665 2512 778 2566; x_wconf 85' lang='lat' dir='ltr'><strong>censuit</strong></span> <span class='ocrx_word' id='word_1_241' title='bbox 803 2511 838 2562; x_wconf 86' lang='lat' dir='ltr'><strong>G.</strong></span> <span class='ocrx_word' id='word_1_242' title='bbox 864 2509 891 2567; x_wconf 86' lang='lat' dir='ltr'><strong>J.</strong></span> <span class='ocrx_word' id='word_1_243' title='bbox 917 2509 1035 2562; x_wconf 84' lang='lat' dir='ltr'><strong>Vossius</strong></span> <span class='ocrx_word' id='word_1_244' title='bbox 1063 2509 1099 2560; x_wconf 89' lang='lat' dir='ltr'><strong>ad</strong></span> <span class='ocrx_word' id='word_1_245' title='bbox 1124 2506 1270 2593; x_wconf 60' lang='lat' dir='ltr'><strong>treguam.</strong></span> 
     </span>
     <span class='ocr_line' id='line_1_29' title="bbox 121 2578 1272 2658; baseline -0.003 -23"><span class='ocrx_word' id='word_1_246' title='bbox 121 2583 227 2658; x_wconf 79' lang='lat' dir='ltr'><strong>Tragg.</strong></span> <span class='ocrx_word' id='word_1_247' title='bbox 248 2601 275 2653; x_wconf 88' lang='lat' dir='ltr'><strong>p.</strong></span> <span class='ocrx_word' id='word_1_248' title='bbox 296 2585 354 2637; x_wconf 86' lang='lat'><strong>1⁰1.</strong></span> <span class='ocrx_word' id='word_1_249' title='bbox 381 2599 465 2650; x_wconf 77' lang='lat' dir='ltr'><strong>quem</strong></span> <span class='ocrx_word' id='word_1_250' title='bbox 493 2584 524 2635; x_wconf 92' lang='lat' dir='ltr'><strong>in</strong></span> <span class='ocrx_word' id='word_1_251' title='bbox 545 2587 568 2636; x_wconf 88' lang='grc'><strong>1.</strong></span> <span class='ocrx_word' id='word_1_252' title='bbox 594 2583 636 2635; x_wconf 93' lang='lat' dir='ltr'><strong>ed.</strong></span> <span class='ocrx_word' id='word_1_253' title='bbox 658 2579 836 2654; x_wconf 86' lang='lat' dir='ltr'><strong>sequendum</strong></span> <span class='ocrx_word' id='word_1_254' title='bbox 862 2578 946 2633; x_wconf 80' lang='lat' dir='ltr'><strong>duxit</strong></span> <span class='ocrx_word' id='word_1_255' title='bbox 973 2578 1044 2631; x_wconf 83' lang='lat' dir='ltr'><strong>Dav.</strong></span> <span class='ocrx_word' id='word_1_256' title='bbox 1070 2578 1211 2648; x_wconf 77' lang='lat' dir='ltr'><strong>Disposati</strong></span> <span class='ocrx_word' id='word_1_257' title='bbox 1230 2578 1272 2633; x_wconf 84' lang='lat' dir='ltr'><strong>sic</strong></span> 
     </span>
     <span class='ocr_line' id='line_1_30' title="bbox 124 2648 1271 2719; baseline -0.005 -12"><span class='ocrx_word' id='word_1_258' title='bbox 124 2655 211 2709; x_wconf 87' lang='lat' dir='ltr'><strong>etiam</strong></span> <span class='ocrx_word' id='word_1_259' title='bbox 231 2655 347 2705; x_wconf 85' lang='lat' dir='ltr'><strong>suntin</strong></span> <span class='ocrx_word' id='word_1_260' title='bbox 365 2652 418 2704; x_wconf 84' lang='lat' dir='ltr'><strong>Ed.</strong></span> <span class='ocrx_word' id='word_1_261' title='bbox 439 2661 537 2706; x_wconf 85' lang='lat' dir='ltr'><strong>nostra</strong></span> <span class='ocrx_word' id='word_1_262' title='bbox 556 2653 670 2706; x_wconf 79' lang='lat' dir='ltr'><strong>Aldina.</strong></span> <span class='ocrx_word' id='word_1_263' title='bbox 700 2653 734 2704; x_wconf 83' lang='lat' dir='ltr'><strong>ln</strong></span> <span class='ocrx_word' id='word_1_264' title='bbox 754 2652 864 2708; x_wconf 86' lang='lat' dir='ltr'><strong>Sturm.</strong></span> <span class='ocrx_word' id='word_1_265' title='bbox 886 2651 948 2703; x_wconf 82' lang='lat' dir='ltr'><strong>Car.</strong></span> <span class='ocrx_word' id='word_1_266' title='bbox 970 2649 1069 2719; x_wconf 80' lang='lat' dir='ltr'><strong>steph.</strong></span> <span class='ocrx_word' id='word_1_267' title='bbox 1090 2648 1171 2703; x_wconf 84' lang='lat' dir='ltr'><strong>Brut.</strong></span> <span class='ocrx_word' id='word_1_268' title='bbox 1190 2649 1271 2702; x_wconf 73' lang='lat' dir='ltr'><strong>Boul-</strong></span> 
     </span>
     <span class='ocr_line' id='line_1_31' title="bbox 122 2720 1273 2808; baseline -0.005 -30"><span class='ocrx_word' id='word_1_269' title='bbox 122 2724 204 2792; x_wconf 77' lang='lat' dir='ltr'><strong>sylb.</strong></span> <span class='ocrx_word' id='word_1_270' title='bbox 225 2725 323 2808; x_wconf 79' lang='lat' dir='ltr'><strong>eodem</strong></span> <span class='ocrx_word' id='word_1_271' title='bbox 347 2724 630 2807; x_wconf 34' lang='lat' dir='ltr'><strong>verborumlordine</strong></span> <span class='ocrx_word' id='word_1_272' title='bbox 654 2723 833 2806; x_wconf 78' lang='lat' dir='ltr'><strong>scribuntur,</strong></span> <span class='ocrx_word' id='word_1_273' title='bbox 863 2722 912 2775; x_wconf 88' lang='lat' dir='ltr'><strong>sed</strong></span> <span class='ocrx_word' id='word_1_274' title='bbox 930 2729 965 2773; x_wconf 88' lang='lat' dir='ltr'><strong>ut</strong></span> <span class='ocrx_word' id='word_1_275' title='bbox 981 2720 1037 2773; x_wconf 91' lang='lat' dir='ltr'><strong>duo</strong></span> <span class='ocrx_word' id='word_1_276' title='bbox 1057 2738 1167 2785; x_wconf 83' lang='lat' dir='ltr'><strong>versus,</strong></span> <span class='ocrx_word' id='word_1_277' title='bbox 1200 2736 1273 2804; x_wconf 73' lang='lat' dir='ltr'><strong>quo-</strong></span> 
     </span>
     <span class='ocr_line' id='line_1_32' title="bbox 123 2791 1331 2937; baseline -0.005 -18"><span class='ocrx_word' id='word_1_278' title='bbox 123 2792 695 2937; x_wconf 60' lang='lat' dir='ltr'><strong>{tt..P332..tt⁵¹;t..¹¹¹..2tt²·..lt</strong></span> <span class='ocrx_word' id='word_1_279' title='bbox 716 2791 1159 2931; x_wconf 53' lang='lat' dir='ltr'><strong>ibiniibiaiiEii&#39;siif?</strong></span> <span class='ocrx_word' id='word_1_280' title='bbox 1177 2791 1273 2915; x_wconf 68' lang='lat' dir='ltr'><strong>ltu</strong></span> <span class='ocrx_word' id='word_1_281' title='bbox 1329 2859 1331 2862; x_wconf 40' lang='lat'><strong>⁴</strong></span> 
     </span>
     <span class='ocr_line' id='line_1_33' title="bbox 122 2932 1272 3005; baseline -0.006 -15"><span class='ocrx_word' id='word_1_282' title='bbox 122 2935 209 2990; x_wconf 81' lang='lat' dir='ltr'><strong>habet</strong></span> <span class='ocrx_word' id='word_1_283' title='bbox 228 2938 299 2990; x_wconf 88' lang='lat' dir='ltr'><strong>item</strong></span> <span class='ocrx_word' id='word_1_284' title='bbox 318 2944 383 3005; x_wconf 86' lang='lat' dir='ltr'><strong>post</strong></span> <span class='ocrx_word' id='word_1_285' title='bbox 403 2934 513 2988; x_wconf 83' lang='lat' dir='ltr'><strong>animo:</strong></span> <span class='ocrx_word' id='word_1_286' title='bbox 540 2934 616 3005; x_wconf 89' lang='lat' dir='ltr'><strong>quod</strong></span> <span class='ocrx_word' id='word_1_287' title='bbox 635 2952 700 2986; x_wconf 89' lang='lat' dir='ltr'><strong>cum</strong></span> <span class='ocrx_word' id='word_1_288' title='bbox 721 2936 807 2987; x_wconf 88' lang='lat' dir='ltr'><strong>etiam</strong></span> <span class='ocrx_word' id='word_1_289' title='bbox 827 2935 932 2987; x_wconf 80' lang='lat' dir='ltr'><strong>fecerit</strong></span> <span class='ocrx_word' id='word_1_290' title='bbox 949 2932 1045 2998; x_wconf 65' lang='lat' dir='ltr'><strong>verb„</strong></span> <span class='ocrx_word' id='word_1_291' title='bbox 1064 2933 1135 2986; x_wconf 90' lang='lat' dir='ltr'><strong>duos</strong></span> <span class='ocrx_word' id='word_1_292' title='bbox 1152 2932 1272 2984; x_wconf 88' lang='lat' dir='ltr'><strong>ultimos</strong></span> 
     </span>
     <span class='ocr_line' id='line_1_34' title="bbox 123 3004 1118 3076; baseline -0.006 -15"><span class='ocrx_word' id='word_1_293' title='bbox 123 3026 223 3062; x_wconf 83' lang='lat' dir='ltr'><strong>versus</strong></span> <span class='ocrx_word' id='word_1_294' title='bbox 243 3009 285 3060; x_wconf 86' lang='lat' dir='ltr'><strong>sic</strong></span> <span class='ocrx_word' id='word_1_295' title='bbox 305 3007 439 3076; x_wconf 82' lang='lat' dir='ltr'><strong>scripsit:</strong></span> <span class='ocrx_word' id='word_1_296' title='bbox 458 3007 554 3059; x_wconf 80' lang='lat' dir='ltr'><strong>Nimis</strong></span> <span class='ocrx_word' id='word_1_297' title='bbox 571 3022 657 3075; x_wconf 79' lang='lat' dir='ltr'><strong>paene</strong></span> <span class='ocrx_word' id='word_1_298' title='bbox 675 3005 770 3059; x_wconf 84' lang='lat' dir='ltr'><strong>animo</strong></span> <span class='ocrx_word' id='word_1_299' title='bbox 789 3004 927 3070; x_wconf 79' lang='lat' dir='ltr'><strong>camelli,</strong></span> <span class='ocrx_word' id='word_1_300' title='bbox 947 3004 996 3072; x_wconf 79' lang='lat' dir='ltr'><strong>qui</strong></span> <span class='ocrx_word' id='word_1_301' title='bbox 1014 3019 1118 3056; x_wconf 83' lang='lat' dir='ltr'><strong>con-</strong></span> 
     </span>
    </p>

    <p class='ocr_par' dir='ltr' id='par_1_9' title="bbox 123 3071 1274 3202">
     <span class='ocr_line' id='line_1_35' title="bbox 221 3071 1274 3142; baseline -0.01 -9"><span class='ocrx_word' id='word_1_302' title='bbox 221 3079 225 3085; x_wconf 81' lang='grc'><strong>’</strong></span> <span class='ocrx_word' id='word_1_303' title='bbox 453 3077 572 3131; x_wconf 80' lang='lat' dir='ltr'><strong>Sacris</strong></span> <span class='ocrx_word' id='word_1_304' title='bbox 605 3077 635 3129; x_wconf 82' lang='lat' dir='ltr'><strong>in</strong></span> <span class='ocrx_word' id='word_1_305' title='bbox 667 3077 756 3128; x_wconf 82' lang='lat' dir='ltr'><strong>armis</strong></span> <span class='ocrx_word' id='word_1_306' title='bbox 789 3092 886 3128; x_wconf 84' lang='lat' dir='ltr'><strong>aeuum</strong></span> <span class='ocrx_word' id='word_1_307' title='bbox 917 3089 1022 3142; x_wconf 81' lang='lat' dir='ltr'><strong>agere.-</strong></span> <span class='ocrx_word' id='word_1_308' title='bbox 1064 3091 1100 3128; x_wconf 86' lang='lat' dir='ltr'><strong>ex</strong></span> <span class='ocrx_word' id='word_1_309' title='bbox 1133 3071 1274 3126; x_wconf 86' lang='lat' dir='ltr'><strong>sententia</strong></span> 
     </span>
     <span class='ocr_line' id='line_1_36' title="bbox 123 3149 353 3202; baseline -0.009 -2"><span class='ocrx_word' id='word_1_310' title='bbox 123 3149 256 3202; x_wconf 84' lang='lat' dir='ltr'><strong>Bentleii.</strong></span> <span class='ocrx_word' id='word_1_311' title='bbox 293 3151 353 3201; x_wconf 87' lang='lat' dir='ltr'><strong>Mr.</strong></span> 
     </span>
    </p>

    <p class='ocr_par' dir='ltr' id='par_1_10' title="bbox 124 3212 1275 3436">
     <span class='ocr_line' id='line_1_37' title="bbox 198 3212 1274 3299; baseline -0.004 -30"><span class='ocrx_word' id='word_1_312' title='bbox 198 3219 239 3270; x_wconf 85' lang='lat' dir='ltr'><strong>Tu</strong></span> <span class='ocrx_word' id='word_1_313' title='bbox 258 3234 375 3287; x_wconf 79' lang='lat' dir='ltr'><strong>quoque,</strong></span> <span class='ocrx_word' id='word_1_314' title='bbox 404 3218 498 3286; x_wconf 75' lang='lat' dir='ltr'><strong>Ulixe]</strong></span> <span class='ocrx_word' id='word_1_315' title='bbox 538 3219 581 3273; x_wconf 84' lang='lat' dir='ltr'><strong>Cl.</strong></span> <span class='ocrx_word' id='word_1_316' title='bbox 602 3217 768 3271; x_wconf 90' lang='lat' dir='ltr'><strong>Bentleium</strong></span> <span class='ocrx_word' id='word_1_317' title='bbox 787 3215 934 3270; x_wconf 54' lang='lat' dir='ltr'><strong>sic‘hosce</strong></span> <span class='ocrx_word' id='word_1_318' title='bbox 951 3232 1053 3269; x_wconf 84' lang='lat' dir='ltr'><strong>versus</strong></span> <span class='ocrx_word' id='word_1_319' title='bbox 1072 3212 1274 3299; x_wconf 79' lang='lat' dir='ltr'><strong>disponentem</strong></span> 
     </span>
     <span class='ocr_line' id='line_1_38' title="bbox 124 3284 1275 3361; baseline -0.006 -19"><span class='ocrx_word' id='word_1_320' title='bbox 124 3290 282 3358; x_wconf 82' lang='lat' dir='ltr'><strong>sequimur.</strong></span> <span class='ocrx_word' id='word_1_321' title='bbox 322 3288 484 3353; x_wconf 83' lang='lat' dir='ltr'><strong>Rationem,</strong></span> <span class='ocrx_word' id='word_1_322' title='bbox 504 3307 589 3361; x_wconf 83' lang='lat' dir='ltr'><strong>quam</strong></span> <span class='ocrx_word' id='word_1_323' title='bbox 607 3288 743 3358; x_wconf 84' lang='lat' dir='ltr'><strong>probavit</strong></span> <span class='ocrx_word' id='word_1_324' title='bbox 761 3288 797 3342; x_wconf 78' lang='lat' dir='ltr'><strong>G.</strong></span> <span class='ocrx_word' id='word_1_325' title='bbox 817 3287 845 3340; x_wconf 85' lang='lat' dir='ltr'><strong>J.</strong></span> <span class='ocrx_word' id='word_1_326' title='bbox 865 3288 994 3352; x_wconf 78' lang='lat' dir='ltr'><strong>Vossius,</strong></span> <span class='ocrx_word' id='word_1_327' title='bbox 1017 3286 1084 3342; x_wconf 81' lang='lat' dir='ltr'><strong>vide</strong></span> <span class='ocrx_word' id='word_1_328' title='bbox 1103 3303 1144 3338; x_wconf 77' lang='lat' dir='ltr'><strong>sis</strong></span> <span class='ocrx_word' id='word_1_329' title='bbox 1162 3285 1194 3336; x_wconf 89' lang='lat' dir='ltr'><strong>in</strong></span> <span class='ocrx_word' id='word_1_330' title='bbox 1213 3284 1275 3336; x_wconf 87' lang='lat' dir='ltr'><strong>eius</strong></span> 
     </span>
     <span class='ocr_line' id='line_1_39' title="bbox 124 3358 765 3436; baseline 0.002 -24"><span class='ocrx_word' id='word_1_331' title='bbox 124 3361 202 3412; x_wconf 87' lang='lat' dir='ltr'><strong>notis</strong></span> <span class='ocrx_word' id='word_1_332' title='bbox 221 3360 256 3412; x_wconf 89' lang='lat' dir='ltr'><strong>ad</strong></span> <span class='ocrx_word' id='word_1_333' title='bbox 273 3360 389 3435; x_wconf 81' lang='lat' dir='ltr'><strong>Fragm.</strong></span> <span class='ocrx_word' id='word_1_334' title='bbox 409 3358 526 3435; x_wconf 78' lang='lat' dir='ltr'><strong>Tragia.</strong></span> <span class='ocrx_word' id='word_1_335' title='bbox 546 3379 611 3436; x_wconf 82' lang='lat' dir='ltr'><strong>pag.</strong></span> <span class='ocrx_word' id='word_1_336' title='bbox 633 3361 692 3415; x_wconf 80' lang='lat' dir='ltr'><strong>lssl.</strong></span> <span class='ocrx_word' id='word_1_337' title='bbox 728 3359 765 3413; x_wconf 89' lang='lat' dir='ltr'><strong>D.</strong></span> 
     </span>
    </p>

    <p class='ocr_par' dir='ltr' id='par_1_11' title="bbox 197 3424 1275 3500">
     <span class='ocr_line' id='line_1_40' title="bbox 197 3424 1275 3500; baseline -0.003 -20"><span class='ocrx_word' id='word_1_338' title='bbox 197 3430 236 3481; x_wconf 87' lang='lat' dir='ltr'><strong>Tu</strong></span> <span class='ocrx_word' id='word_1_339' title='bbox 263 3448 367 3499; x_wconf 82' lang='lat' dir='ltr'><strong>quoque</strong></span> <span class='ocrx_word' id='word_1_340' title='bbox 392 3431 463 3496; x_wconf 82' lang='lat' dir='ltr'><strong>etc]</strong></span> <span class='ocrx_word' id='word_1_341' title='bbox 507 3430 618 3500; x_wconf 82' lang='lat' dir='ltr'><strong>Scripsi</strong></span> <span class='ocrx_word' id='word_1_342' title='bbox 651 3428 767 3491; x_wconf 75' lang='lat' dir='ltr'><strong>Ulixes,</strong></span> <span class='ocrx_word' id='word_1_343' title='bbox 803 3445 858 3498; x_wconf 89' lang='lat' dir='ltr'><strong>pro</strong></span> <span class='ocrx_word' id='word_1_344' title='bbox 886 3427 1041 3481; x_wconf 83' lang='lat' dir='ltr'><strong>Davisiano</strong></span> <span class='ocrx_word' id='word_1_345' title='bbox 1075 3424 1173 3490; x_wconf 76' lang='lat' dir='ltr'><strong>Ulixe,</strong></span> <span class='ocrx_word' id='word_1_346' title='bbox 1209 3440 1275 3477; x_wconf 85' lang='lat' dir='ltr'><strong>cum</strong></span> 
     </span>
    </p>

    <p class='ocr_par' dir='ltr' id='par_1_12' title="bbox 78 3493 1278 3905">
     <span class='ocr_line' id='line_1_41' title="bbox 78 3493 1276 3565; baseline -0.004 -13"><span class='ocrx_word' id='word_1_347' title='bbox 78 3510 84 3518; x_wconf 82' lang='grc'><strong>“</strong></span> <span class='ocrx_word' id='word_1_348' title='bbox 124 3499 296 3565; x_wconf 67' lang='lat' dir='ltr'><strong>Fewolfin</strong></span> <span class='ocrx_word' id='word_1_349' title='bbox 323 3500 407 3553; x_wconf 87' lang='lat' dir='ltr'><strong>Schz.</strong></span> <span class='ocrx_word' id='word_1_350' title='bbox 428 3502 474 3556; x_wconf 87' lang='lat' dir='ltr'><strong>Or.</strong></span> <span class='ocrx_word' id='word_1_351' title='bbox 500 3501 592 3554; x_wconf 89' lang='lat' dir='ltr'><strong>Nobb.</strong></span> <span class='ocrx_word' id='word_1_352' title='bbox 620 3499 691 3552; x_wconf 84' lang='lat' dir='ltr'><strong>Tbn.</strong></span> <span class='ocrx_word' id='word_1_353' title='bbox 718 3509 751 3552; x_wconf 90' lang='lat' dir='ltr'><strong>ut</strong></span> <span class='ocrx_word' id='word_1_354' title='bbox 776 3508 819 3554; x_wconf 91' lang='lat' dir='ltr'><strong>est</strong></span> <span class='ocrx_word' id='word_1_355' title='bbox 836 3500 943 3554; x_wconf 85' lang='lat' dir='ltr'><strong>Acadd.</strong></span> <span class='ocrx_word' id='word_1_356' title='bbox 962 3498 1000 3553; x_wconf 91' lang='grc'><strong>11.</strong></span> <span class='ocrx_word' id='word_1_357' title='bbox 1020 3497 1064 3553; x_wconf 79' lang='lat'><strong>²8.</strong></span> <span class='ocrx_word' id='word_1_358' title='bbox 1085 3499 1137 3554; x_wconf 84' lang='lat' dir='ltr'><strong>ee:</strong></span> <span class='ocrx_word' id='word_1_359' title='bbox 1165 3511 1222 3565; x_wconf 83' lang='lat' dir='ltr'><strong>qua</strong></span> <span class='ocrx_word' id='word_1_360' title='bbox 1239 3493 1276 3547; x_wconf 90' lang='lat' dir='ltr'><strong>de</strong></span> 
     </span>
     <span class='ocr_line' id='line_1_42' title="bbox 124 3566 1277 3642; baseline -0.005 -19"><span class='ocrx_word' id='word_1_361' title='bbox 124 3588 156 3624; x_wconf 89' lang='lat' dir='ltr'><strong>re</strong></span> <span class='ocrx_word' id='word_1_362' title='bbox 175 3574 319 3642; x_wconf 88' lang='lat' dir='ltr'><strong>praecipit</strong></span> <span class='ocrx_word' id='word_1_363' title='bbox 338 3572 370 3627; x_wconf 85' lang='lat' dir='ltr'><strong>K.</strong></span> <span class='ocrx_word' id='word_1_364' title='bbox 390 3572 421 3622; x_wconf 87' lang='lat'><strong>1..</strong></span> <span class='ocrx_word' id='word_1_365' title='bbox 442 3570 608 3625; x_wconf 85' lang='lat' dir='ltr'><strong>Schneider.</strong></span> <span class='ocrx_word' id='word_1_366' title='bbox 628 3571 660 3622; x_wconf 92' lang='lat' dir='ltr'><strong>in</strong></span> <span class='ocrx_word' id='word_1_367' title='bbox 680 3571 731 3623; x_wconf 90' lang='lat' dir='ltr'><strong>Gr.</strong></span> <span class='ocrx_word' id='word_1_368' title='bbox 751 3573 813 3623; x_wconf 83' lang='lat' dir='ltr'><strong>Lat.</strong></span> <span class='ocrx_word' id='word_1_369' title='bbox 835 3571 873 3626; x_wconf 91' lang='grc'><strong>11.</strong></span> <span class='ocrx_word' id='word_1_370' title='bbox 894 3570 1042 3625; x_wconf 85' lang='lat' dir='ltr'><strong>Formenl.</strong></span> <span class='ocrx_word' id='word_1_371' title='bbox 1062 3568 1085 3621; x_wconf 90' lang='lat'><strong>1.</strong></span> <span class='ocrx_word' id='word_1_372' title='bbox 1104 3585 1133 3638; x_wconf 88' lang='lat' dir='ltr'><strong>p.</strong></span> <span class='ocrx_word' id='word_1_373' title='bbox 1153 3570 1204 3622; x_wconf 77' lang='lat'><strong>⁴2:</strong></span> <span class='ocrx_word' id='word_1_374' title='bbox 1225 3566 1277 3636; x_wconf 85' lang='lat' dir='ltr'><strong>qui</strong></span> 
     </span>
     <span class='ocr_line' id='line_1_43' title="bbox 115 3637 1278 3717; baseline -0.005 -24"><span class='ocrx_word' id='word_1_375' title='bbox 115 3658 184 3695; x_wconf 83' lang='lat' dir='ltr'><strong>non</strong></span> <span class='ocrx_word' id='word_1_376' title='bbox 207 3652 294 3717; x_wconf 79' lang='lat' dir='ltr'><strong>negat</strong></span> <span class='ocrx_word' id='word_1_377' title='bbox 318 3644 488 3696; x_wconf 79' lang='lat' dir='ltr'><strong>vocativum</strong></span> <span class='ocrx_word' id='word_1_378' title='bbox 514 3643 601 3694; x_wconf 87' lang='lat' dir='ltr'><strong>etiam</strong></span> <span class='ocrx_word' id='word_1_379' title='bbox 638 3641 727 3693; x_wconf 88' lang='lat' dir='ltr'><strong>scribi</strong></span> <span class='ocrx_word' id='word_1_380' title='bbox 758 3642 852 3696; x_wconf 79' lang='lat' dir='ltr'><strong>Ulixe.</strong></span> <span class='ocrx_word' id='word_1_381' title='bbox 895 3642 950 3694; x_wconf 86' lang='lat' dir='ltr'><strong>Pro</strong></span> <span class='ocrx_word' id='word_1_382' title='bbox 978 3640 1064 3693; x_wconf 84' lang='lat' dir='ltr'><strong>ictum</strong></span> <span class='ocrx_word' id='word_1_383' title='bbox 1091 3646 1135 3692; x_wconf 87' lang='lat' dir='ltr'><strong>est</strong></span> <span class='ocrx_word' id='word_1_384' title='bbox 1157 3638 1216 3689; x_wconf 82' lang='lat' dir='ltr'><strong>ictu</strong></span> <span class='ocrx_word' id='word_1_385' title='bbox 1245 3637 1278 3688; x_wconf 88' lang='lat' dir='ltr'><strong>in</strong></span> 
     </span>
     <span class='ocr_line' id='line_1_44' title="bbox 126 3704 1278 3785; baseline -0.006 -21"><span class='ocrx_word' id='word_1_386' title='bbox 126 3712 201 3766; x_wconf 87' lang='lat' dir='ltr'><strong>Gud.</strong></span> <span class='ocrx_word' id='word_1_387' title='bbox 223 3717 246 3768; x_wconf 93' lang='lat' dir='ltr'><strong>l.</strong></span> <span class='ocrx_word' id='word_1_388' title='bbox 267 3714 291 3764; x_wconf 78' lang='lat'><strong>2.</strong></span> <span class='ocrx_word' id='word_1_389' title='bbox 329 3713 413 3766; x_wconf 71' lang='lat' dir='ltr'><strong>Nini*</strong></span> <span class='ocrx_word' id='word_1_390' title='bbox 432 3714 535 3783; x_wconf 88' lang='lat' dir='ltr'><strong>scripsi</strong></span> <span class='ocrx_word' id='word_1_391' title='bbox 554 3730 620 3763; x_wconf 87' lang='lat' dir='ltr'><strong>cum</strong></span> <span class='ocrx_word' id='word_1_392' title='bbox 638 3712 691 3765; x_wconf 80' lang='lat' dir='ltr'><strong>Ed.</strong></span> <span class='ocrx_word' id='word_1_393' title='bbox 711 3709 784 3765; x_wconf 84' lang='lat' dir='ltr'><strong>Tbn.</strong></span> <span class='ocrx_word' id='word_1_394' title='bbox 803 3728 902 3765; x_wconf 82' lang='lat' dir='ltr'><strong>versus</strong></span> <span class='ocrx_word' id='word_1_395' title='bbox 921 3712 1025 3785; x_wconf 79' lang='lat' dir='ltr'><strong>gratia.</strong></span> <span class='ocrx_word' id='word_1_396' title='bbox 1045 3710 1119 3764; x_wconf 86' lang='lat' dir='ltr'><strong>Gud.</strong></span> <span class='ocrx_word' id='word_1_397' title='bbox 1142 3712 1164 3761; x_wconf 92' lang='lat'><strong>1.</strong></span> <span class='ocrx_word' id='word_1_398' title='bbox 1191 3704 1278 3759; x_wconf 85' lang='lat' dir='ltr'><strong>habat</strong></span> 
     </span>
     <span class='ocr_line' id='line_1_45' title="bbox 124 3776 1276 3905; baseline -0.003 -73"><span class='ocrx_word' id='word_1_399' title='bbox 124 3797 248 3904; x_wconf 51' lang='lat' dir='ltr'><strong>ppebnures,t</strong></span> <span class='ocrx_word' id='word_1_400' title='bbox 267 3783 365 3905; x_wconf 54' lang='lat' dir='ltr'><strong>Dpisp.</strong></span> <span class='ocrx_word' id='word_1_401' title='bbox 391 3783 607 3905; x_wconf 47' lang='lat' dir='ltr'><strong>gaeffddnimiii&#39;</strong></span> <span class='ocrx_word' id='word_1_402' title='bbox 648 3782 721 3835; x_wconf 85' lang='lat' dir='ltr'><strong>Ante</strong></span> <span class='ocrx_word' id='word_1_403' title='bbox 743 3782 1026 3905; x_wconf 50' lang='lat' dir='ltr'><strong>pugngdhabenttes,</strong></span> <span class='ocrx_word' id='word_1_404' title='bbox 1057 3786 1175 3902; x_wconf 60' lang='lat' dir='ltr'><strong>pppeter</strong></span> <span class='ocrx_word' id='word_1_405' title='bbox 1199 3776 1276 3830; x_wconf 84' lang='lat' dir='ltr'><strong>Viet.</strong></span> 
     </span>
    </p>

    <p class='ocr_par' dir='ltr' id='par_1_13' title="bbox 151 3867 1136 3913">
     <span class='ocr_line' id='line_1_46' title="bbox 151 3867 1136 3913; baseline -0.003 -9"><span class='ocrx_word' id='word_1_406' title='bbox 151 3867 1136 3913; x_wconf 82' lang='lat' dir='ltr'><strong>0·e.·‚..tn:.1.t&#39;.</strong></span> 
     </span>
    </p>

    <p class='ocr_par' dir='ltr' id='par_1_14' title="bbox 124 3868 1281 4496">
     <span class='ocr_line' id='line_1_47' title="bbox 196 3868 1279 3990; baseline -0.005 -16"><span class='ocrx_word' id='word_1_407' title='bbox 196 3873 292 3987; x_wconf 82' lang='lat' dir='ltr'><strong>Molli,</strong></span> <span class='ocrx_word' id='word_1_408' title='bbox 317 3871 601 3990; x_wconf 48' lang='lat' dir='ltr'><strong>qruiioconsustusvein</strong></span> <span class='ocrx_word' id='word_1_409' title='bbox 630 3869 731 3988; x_wconf 55' lang='lat' dir='ltr'><strong>insiliis]</strong></span> <span class='ocrx_word' id='word_1_410' title='bbox 768 3870 850 3976; x_wconf 73' lang='lat' dir='ltr'><strong>Uisus</strong></span> <span class='ocrx_word' id='word_1_411' title='bbox 870 3868 1043 3975; x_wconf 49' lang='lat' dir='ltr'><strong>(ilrinrnollii.</strong></span> <span class='ocrx_word' id='word_1_412' title='bbox 1081 3920 1148 3972; x_wconf 87' lang='lat' dir='ltr'><strong>Post</strong></span> <span class='ocrx_word' id='word_1_413' title='bbox 1167 3916 1216 3987; x_wconf 81' lang='lat' dir='ltr'><strong>qui</strong></span> <span class='ocrx_word' id='word_1_414' title='bbox 1234 3917 1279 3977; x_wconf 84' lang='lat' dir='ltr'><strong>di·</strong></span> 
     </span>
     <span class='ocr_line' id='line_1_48' title="bbox 124 3988 1280 4070; baseline -0.003 -24"><span class='ocrx_word' id='word_1_415' title='bbox 124 3994 226 4058; x_wconf 86' lang='lat' dir='ltr'><strong>etinxi,</strong></span> <span class='ocrx_word' id='word_1_416' title='bbox 245 4001 278 4045; x_wconf 85' lang='lat' dir='ltr'><strong>ut</strong></span> <span class='ocrx_word' id='word_1_417' title='bbox 296 3995 502 4070; x_wconf 83' lang='lat' dir='ltr'><strong>significarem,</strong></span> <span class='ocrx_word' id='word_1_418' title='bbox 526 3993 622 4048; x_wconf 86' lang='lat' dir='ltr'><strong>deesse</strong></span> <span class='ocrx_word' id='word_1_419' title='bbox 642 3994 762 4047; x_wconf 85' lang='lat' dir='ltr'><strong>verbum</strong></span> <span class='ocrx_word' id='word_1_420' title='bbox 781 3994 909 4060; x_wconf 85' lang='lat' dir='ltr'><strong>finitum,</strong></span> <span class='ocrx_word' id='word_1_421' title='bbox 943 3990 977 4044; x_wconf 90' lang='lat' dir='ltr'><strong>ad</strong></span> <span class='ocrx_word' id='word_1_422' title='bbox 1003 3990 1079 4062; x_wconf 85' lang='lat' dir='ltr'><strong>quod</strong></span> <span class='ocrx_word' id='word_1_423' title='bbox 1097 3997 1209 4060; x_wconf 84' lang='lat' dir='ltr'><strong>spectat</strong></span> <span class='ocrx_word' id='word_1_424' title='bbox 1226 3988 1280 4042; x_wconf 82' lang='lat' dir='ltr'><strong>Re·</strong></span> 
     </span>
     <span class='ocr_line' id='line_1_49' title="bbox 124 4060 1280 4133; baseline -0.003 -17"><span class='ocrx_word' id='word_1_425' title='bbox 124 4063 255 4118; x_wconf 74' lang='lat' dir='ltr'><strong>latinum.</strong></span> <span class='ocrx_word' id='word_1_426' title='bbox 281 4064 361 4116; x_wconf 91' lang='lat' dir='ltr'><strong>Illud</strong></span> <span class='ocrx_word' id='word_1_427' title='bbox 380 4064 498 4117; x_wconf 86' lang='lat' dir='ltr'><strong>verbum</strong></span> <span class='ocrx_word' id='word_1_428' title='bbox 519 4083 585 4117; x_wconf 84' lang='lat' dir='ltr'><strong>cum</strong></span> <span class='ocrx_word' id='word_1_429' title='bbox 604 4062 801 4119; x_wconf 84' lang='lat' dir='ltr'><strong>desiderarent</strong></span> <span class='ocrx_word' id='word_1_430' title='bbox 819 4065 917 4128; x_wconf 86' lang='lat' dir='ltr'><strong>multi,</strong></span> <span class='ocrx_word' id='word_1_431' title='bbox 936 4063 1007 4115; x_wconf 82' lang='lat' dir='ltr'><strong>Ern.</strong></span> <span class='ocrx_word' id='word_1_432' title='bbox 1029 4060 1156 4133; x_wconf 84' lang='lat' dir='ltr'><strong>quidem,</strong></span> <span class='ocrx_word' id='word_1_433' title='bbox 1174 4078 1280 4132; x_wconf 84' lang='lat' dir='ltr'><strong>parum</strong></span> 
     </span>
     <span class='ocr_line' id='line_1_50' title="bbox 125 4129 1278 4260; baseline -0.007 -72"><span class='ocrx_word' id='word_1_434' title='bbox 125 4151 237 4259; x_wconf 61' lang='lat' dir='ltr'><strong>emnia</strong></span> <span class='ocrx_word' id='word_1_435' title='bbox 248 4136 295 4188; x_wconf 89' lang='lat' dir='ltr'><strong>vel</strong></span> <span class='ocrx_word' id='word_1_436' title='bbox 312 4136 405 4260; x_wconf 54' lang='lat' dir='ltr'><strong>libpop</strong></span> <span class='ocrx_word' id='word_1_437' title='bbox 422 4136 472 4188; x_wconf 78' lang='lat' dir='ltr'><strong>rel</strong></span> <span class='ocrx_word' id='word_1_438' title='bbox 490 4154 588 4217; x_wconf 65' lang='lat' dir='ltr'><strong>persus</strong></span> <span class='ocrx_word' id='word_1_439' title='bbox 607 4136 759 4199; x_wconf 87' lang='lat' dir='ltr'><strong>rationem,</strong></span> <span class='ocrx_word' id='word_1_440' title='bbox 786 4134 881 4256; x_wconf 56' lang='lat' dir='ltr'><strong>peleti</strong></span> <span class='ocrx_word' id='word_1_441' title='bbox 899 4133 1019 4216; x_wconf 37' lang='lat' dir='ltr'><strong>&#39;volebat</strong></span> <span class='ocrx_word' id='word_1_442' title='bbox 1037 4134 1100 4202; x_wconf 79' lang='lat' dir='ltr'><strong>qui.-</strong></span> <span class='ocrx_word' id='word_1_443' title='bbox 1132 4149 1207 4217; x_wconf 76' lang='lat' dir='ltr'><strong>unns</strong></span> <span class='ocrx_word' id='word_1_444' title='bbox 1226 4129 1278 4182; x_wconf 85' lang='lat' dir='ltr'><strong>Ox.</strong></span> 
     </span>
     <span class='ocr_line' id='line_1_51' title="bbox 125 4206 1280 4353; baseline -0.003 -27"><span class='ocrx_word' id='word_1_445' title='bbox 125 4212 353 4346; x_wconf 47' lang='lat' dir='ltr'><strong>tentat..</strong></span> <span class='ocrx_word' id='word_1_446' title='bbox 372 4214 556 4343; x_wconf 58' lang='lat' dir='ltr'><strong>{iiiiii</strong></span> <span class='ocrx_word' id='word_1_447' title='bbox 572 4206 1203 4353; x_wconf 50' lang='lat' dir='ltr'><strong>{tuttelstettettae?’tt</strong></span> <span class='ocrx_word' id='word_1_448' title='bbox 1214 4215 1280 4323; x_wconf 68' lang='lat' dir='ltr'><strong>tt:</strong></span> 
     </span>
     <span class='ocr_line' id='line_1_52' title="bbox 127 4342 1280 4418; baseline 0.002 -21"><span class='ocrx_word' id='word_1_449' title='bbox 127 4347 265 4411; x_wconf 82' lang='lat' dir='ltr'><strong>suers&#39;e,</strong></span> <span class='ocrx_word' id='word_1_450' title='bbox 294 4348 402 4404; x_wconf 87' lang='lat' dir='ltr'><strong>dudum</strong></span> <span class='ocrx_word' id='word_1_451' title='bbox 429 4359 509 4403; x_wconf 83' lang='lat' dir='ltr'><strong>certe</strong></span> <span class='ocrx_word' id='word_1_452' title='bbox 536 4357 603 4403; x_wconf 87' lang='lat' dir='ltr'><strong>ante</strong></span> <span class='ocrx_word' id='word_1_453' title='bbox 619 4347 797 4413; x_wconf 85' lang='lat' dir='ltr'><strong>Bentleium,</strong></span> <span class='ocrx_word' id='word_1_454' title='bbox 827 4349 879 4418; x_wconf 83' lang='lat' dir='ltr'><strong>qui</strong></span> <span class='ocrx_word' id='word_1_455' title='bbox 901 4350 978 4403; x_wconf 90' lang='lat' dir='ltr'><strong>idem</strong></span> <span class='ocrx_word' id='word_1_456' title='bbox 1005 4364 1042 4402; x_wconf 84' lang='lat' dir='ltr'><strong>ex</strong></span> <span class='ocrx_word' id='word_1_457' title='bbox 1058 4348 1144 4406; x_wconf 60' lang='lat' dir='ltr'><strong>unisti</strong></span> <span class='ocrx_word' id='word_1_458' title='bbox 1163 4342 1280 4404; x_wconf 71' lang='lat' dir='ltr'><strong>Codicis</strong></span> 
     </span>
     <span class='ocr_line' id='line_1_53' title="bbox 126 4413 1281 4496; baseline 0 -29"><span class='ocrx_word' id='word_1_459' title='bbox 126 4413 277 4479; x_wconf 67' lang='lat' dir='ltr'><strong>Duisiani</strong></span> <span class='ocrx_word' id='word_1_460' title='bbox 293 4417 422 4477; x_wconf 81' lang='lat' dir='ltr'><strong>lectione</strong></span> <span class='ocrx_word' id='word_1_461' title='bbox 439 4420 615 4485; x_wconf 80' lang='lat' dir='ltr'><strong>consueveris</strong></span> <span class='ocrx_word' id='word_1_462' title='bbox 642 4420 691 4487; x_wconf 89' lang='lat' dir='ltr'><strong>(in</strong></span> <span class='ocrx_word' id='word_1_463' title='bbox 709 4437 766 4490; x_wconf 80' lang='lat' dir='ltr'><strong>qua</strong></span> <span class='ocrx_word' id='word_1_464' title='bbox 782 4435 836 4494; x_wconf 73' lang='lat' dir='ltr'><strong>ego</strong></span> <span class='ocrx_word' id='word_1_465' title='bbox 854 4437 973 4475; x_wconf 87' lang='lat' dir='ltr'><strong>menum</strong></span> <span class='ocrx_word' id='word_1_466' title='bbox 990 4431 1116 4496; x_wconf 79' lang='lat' dir='ltr'><strong>agnosco</strong></span> <span class='ocrx_word' id='word_1_467' title='bbox 1134 4419 1281 4470; x_wconf 68' lang='lat' dir='ltr'><strong>ceraemo-</strong></span> 
     </span>
    </p>
   </div>
   <div class='ocr_carea' id='block_1_5' title="bbox 0 0 1431 5070">
    <p class='ocr_par' dir='ltr' id='par_1_15' title="bbox 0 0 1431 5070">
     <span class='ocr_line' id='line_1_54' title="bbox 0 0 1431 5070; baseline 0 0"><span class='ocrx_word' id='word_1_468' title='bbox 0 0 1431 5070; x_wconf 95' lang='lat' dir='ltr'><strong> </strong></span> 
     </span>
    </p>
   </div>
  </div>
 </body>
</html>
