2828 5070
575 311 703 377 uste
722 313 751 393 l,
774 315 822 381 10.
1235 317 1279 383 63

122 469 355 556 philosophus,
374 474 480 558 ipsius
502 476 657 559 corporis
678 477 899 541 intentionem
920 475 1095 560 quandam,
1127 479 1277 546 velutin

122 654 284 722 Xenocrati,
311 657 448 724 Platonis,
474 655 657 725 Dicaearchi,
683 657 852 711 Aristotelis
878 659 1061 713 sententiis.“
1096 654 1171 717 Tum
1194 683 1275 732 sero,

122 725 159 778 ait
175 743 282 780 censor
300 727 363 780 eius
381 729 459 799 hips.
479 731 557 785 1831.
578 731 638 784 199.
657 746 685 800 p.
708 730 785 794 1590,
804 729 855 782 sed
872 739 1028 801 exspectes,
1047 748 1106 786 non
1122 741 1160 788 ot.
1198 736 1277 804 Quod

121 796 265 851 siGieero
290 799 408 870 scripsit
431 806 471 865 ss,
496 800 529 851 in
551 816 642 870 seqq,
667 816 756 869 quum
779 806 867 853 auten
893 800 1043 868 scriberet,
1075 803 1151 858 illud
1167 812 1199 859 ut
1218 823 1276 861 non

121 868 256 938 respuit,
276 869 328 923 sed
382 871 487 936 rrexit,
505 871 586 954 quasi
605 870 746 940 coeperit:
774 870 865 924 Multi
881 877 948 926 oste
965 877 1084 927 veteres.
1108 873 1233 931 Orellius
1242 879 1278 932 ad

121 938 248 993 Nissenii
266 940 329 996 Wo
366 940 433 1012 ‘que
451 942 608 994 lectionem
625 940 714 994 baec:
739 939 796 995 Sed
822 942 926 995 iustam
944 944 1155 1015 oppositionem
1173 947 1204 999 in
1221 947 1276 1002 hac

120 1008 246 1065 lectione
264 1012 386 1066 fortasse
404 1012 557 1077 derideres,
575 1011 600 1063 si
619 1030 714 1066 sensus
733 1021 789 1066 est:
809 1021 863 1078 „ut
880 1013 974 1067 multo
992 1023 1059 1068 ante
1078 1013 1185 1080 (nostra
1203 1025 1278 1071 tem·

121 1096 197 1151 pora,
218 1083 279 1134 iam
295 1092 362 1136 ante
381 1082 540 1149 Socratem)
565 1091 679 1136 veteres
696 1082 808 1152 aliquot
825 1083 1002 1155 philosophi,
1031 1086 1098 1140 satis
1121 1104 1138 1139 a
1160 1087 1277 1144 Platone

121 1152 251 1217 refutati,
270 1152 400 1205 animum
416 1171 469 1225 pro
487 1152 637 1207 hannonia
661 1152 833 1219 habuerunt,
859 1155 899 1207 sic
923 1155 995 1208 item
1016 1157 1148 1228 proxime
1167 1156 1278 1214 Aristo-

122 1222 243 1275 xenus.“
262 1224 359 1277 Potest
377 1232 473 1278 tamen
491 1224 598 1279 referri
616 1224 651 1278 ad
668 1226 771 1278 multas
788 1225 948 1296 opiniones,
967 1245 1034 1297 quas
1052 1228 1180 1304 singulas
1199 1245 1277 1283 com·

121 1293 318 1347 memorandas
340 1310 398 1347 non
425 1294 554 1361 ducebat,
585 1304 703 1366 praeter
722 1294 898 1361 Aristoxeni,
932 1299 1110 1365 Xenocratis,
1138 1299 1275 1367 Platonis,

121 1362 302 1430 Dicaearchi,
321 1364 486 1420 Aristotelis
503 1364 588 1419 eade
607 1383 638 1420 re
656 1365 819 1420 sententias.
857 1369 892 1420 ln
911 1366 953 1419 cd
979 1369 1121 1440 peculiari
1138 1369 1211 1424 baec
1229 1370 1277 1424 ad·

121 1434 173 1488 dit:
207 1435 314 1502 Quodsi
336 1437 415 1490 stedi
437 1454 495 1490 non
519 1444 702 1506 opponantur
723 1435 849 1506 singulis
874 1437 901 1503 (e
920 1455 975 1508 qua
998 1438 1177 1510 oppositione
1196 1450 1275 1497 ortae

122 1515 184 1559 eant
192 1507 324 1560 Bentleii
343 1517 373 1560 et
384 1507 491 1562 Wolni
509 1507 703 1574 coniecturae)
722 1507 763 1562 its
779 1508 896 1562 delendi
913 1517 1008 1579 potest
1026 1510 1113 1577 molti,
1140 1513 1274 1567 utdioas:

121 1577 207 1631 multi
226 1578 285 1631 iam
303 1596 340 1631 ex
357 1578 504 1632 veteribus
522 1577 562 1630 ite
580 1577 752 1631 sentiebant:
771 1581 904 1649 proxime
922 1596 991 1633 vero
1008 1581 1195 1636 Aristoxenus
1213 1581 1275 1638 eam

120 1649 295 1701 sententiam
313 1648 407 1702 denuo
423 1648 557 1720 protulit.
593 1649 669 1703 Utut
695 1657 752 1714 est;
779 1658 858 1704 certe
885 1650 984 1721 paullo
1011 1669 1047 1704 ne
1068 1653 1208 1730 ligentius
1232 1653 1276 1709 lo-

122 1721 224 1789 quitur
242 1719 355 1772 Cicero.
393 1719 428 1772 ln
455 1736 510 1790 qua
536 1719 671 1791 equidem
697 1720 839 1773 sententia
865 1671 1105 1791 acquiescendum
1131 1725 1273 1779 existimo.

121 1790 203 1845 ln'bri
221 1789 315 1842 nostri
335 1789 414 1842 nihil
431 1790 554 1843 ruiant.
574 1790 640 1844 Cod
660 1790 744 1842 Rern.
764 1798 830 1843 ante
849 1796 880 1843 ut
899 1791 1046 1844 nobiscum
1068 1795 1155 1864 plene
1173 1795 1277 1847 distin-

157 1861 192 1914 't
231 1859 367 1930 Beggs'us
384 1860 405 1912 l.
425 1877 449 1913 c.
469 1879 497 1931 p.
520 1862 561 1916 13.
589 1860 645 1913 sibi
670 1860 840 1931 perplacere
858 1861 899 1913 ait
921 1854 1099 1916 coniecturas
1112 1864 1228 1917 lleiskii
1247 1875 1277 1919 et

120 1877 363 2004 wyttenbachim
391 1948 490 1984 earum
506 1939 603 1984 autem
620 1938 716 1983 utram
733 1932 951 2001 praeferendam
968 1931 1063 2000 ducat,
1081 1934 1228 1988 incertum
1248 1952 1277 1989 se

121 2002 254 2058 haerere.
292 2005 348 2069 „ln
365 2019 443 2072 seqq.
464 2011 570 2068 autem,
589 2002 697 2076 pergit,
717 2002 863 2056 nensinem
881 2005 944 2058 fore
962 2014 1042 2075 puto,
1083 2005 1135 2059 uin
1153 2013 1276 2076 utraque

121 2092 206 2127 manu
225 2074 419 2194 arnplectatur
435 2072 548 2127 Reiskii
566 2072 793 2127 emendationem
810 2073 856 2127 oel
878 2081 923 2140 αἱς
950 2093 1017 2128 nam
1033 2023 1185 2152 rudgatum
1202 2078 1276 2132 velet

121 2161 252 2198 moun
283 2145 342 2196 scit
358 2144 540 2209 sententiam,
567 2161 635 2198 cum
651 2143 832 2198 desideretur
858 2163 872 2196 s
894 2154 939 2198 tus
966 2147 1200 2202 enunciationum
1225 2167 1276 2204 ne-

120 2215 204 2270 xus.“
240 2215 318 2268 'l'um
345 2232 413 2267 curn
438 2213 579 2268 Schiitzio
605 2214 629 2266 si
656 2214 752 2267 minus
778 2216 864 2291 legen
884 2235 934 2268 mn
959 2235 1017 2271 esse
1043 2218 1142 2273 varios
1161 2220 1276 2274 animi

122 2296 218 2354 nous,
237 2285 336 2339 saltim
354 2286 396 2338 ita
414 2285 601 2356 supplendam
618 2286 798 2338 sententiam.
835 2288 870 2339 ln
897 2305 975 2359 seqq.
1004 2289 1146 2359 improbat
1164 2290 1275 2343 Reiskii

121 2360 321 2413 coniecturam
358 2356 412 2411 uod
429 2357 518 2425 ipsum
536 2363 599 2410 erut
616 2356 699 2410 multo
717 2363 782 2410 unte
801 2364 828 2410 et
847 2357 958 2423 dietum,
982 2365 1009 2410 et
1031 2361 1111 2428 quale
1135 2365 1209 2412 esset
1228 2376 1275 2414 er-

120 2430 265 2498 ansatas
290 2444 310 2480 o
351 2430 451 2481 latone.
488 2427 653 2494 „Putavisse
678 2428 805 2493 videtur,
833 2429 883 2493 ait,
910 2429 1098 2502 tautologiam
1125 2431 1217 2483 inesse
1244 2432 1275 2483 in

122 2500 232 2573 duplici
252 2500 340 2553 verbo
358 2500 460 2553 dicture
479 2508 508 2551 et
526 2497 700 2567 explanatum
719 2531 752 2542 -
788 2496 827 2549 At
852 2498 924 2552 bene
950 2516 979 2552 se
1005 2499 1091 2552 habet
1114 2500 1274 2553 miletum.

110 2572 211 2629 Petale
229 2571 349 2634 dicitur,
370 2580 402 2622 ut
421 2587 503 2640 saepe
521 2569 596 2640 apud
613 2570 762 2623 Platonem
780 2562 851 2634 olor,
870 2578 903 2620 ut
921 2585 978 2621 non
996 2570 1089 2623 solum
1176 2581 1277 2625 itatem

123 2644 166 2697 rei
183 2642 307 2707 indicet,
325 2657 428 2694 verum
446 2642 533 2694 etiam
550 2641 640 2711 ipsam
659 2659 731 2694 rem.
768 2640 869 2709 ltaque
895 2639 951 2693 hoc
977 2643 1043 2693 vult
1062 2643 1180 2696 Cicero:
1210 2661 1277 2696 ean·

123 2713 187 2767 dem
205 2714 288 2765 illam
307 2711 480 2764 sententiam
497 2713 555 2764 iam
574 2720 656 2764 antea
674 2721 945 2764 cormnemoraverat
964 2712 1043 2766 Plato
1072 2713 1165 2782 (quale
1193 2722 1275 2781 estet,

124 2784 248 2849 dixerat)
277 2791 307 2836 et
324 2802 408 2834 suurn
425 2782 459 2834 de
479 2799 511 2834 ea
529 2782 669 2834 iudicium
688 2783 796 2835 tulerat
815 2780 909 2850 (quale
927 2791 1007 2850 esset,
1032 2785 1276 2854 explanaverul).“

125 2854 169 2909 Ad
198 2852 422 2925 Wyttenbaehii
441 2852 638 2907 coniecturam
662 2854 810 2923 explosum,
838 2851 971 2907 Schiitzii
994 2873 1028 2909 ue
1046 2858 1156 2909 eiectum
1185 2865 1211 2911 et
1229 2876 1276 2911 er·

121 2928 227 2994 piorum
254 2925 346 2977 addit:
375 2933 463 2994 „apta
489 2941 556 2976 sane
582 2924 736 2977 verborum
762 2925 921 2991 sententia,
949 2874 999 2979 sed
1023 2928 1126 2997 absque
1145 2930 1277 2982 codicum

123 2996 297 3050 anctoritate
323 3003 414 3047 tantas
432 2994 528 3078 turbas
546 2996 641 3047 facere
660 2994 795 3065 equidem
821 3012 877 3048 non
902 2998 999 3048 ausim.
1037 2998 1182 3067 linthium,
1210 3018 1277 3070 per·

123 3064 1279 3206 133113ξο1131·..111οἓ11131111111111111131ἰέ

123 3207 187 3260 beri
213 3207 352 3260 videntur
379 3207 496 3280 ingenio
524 3209 706 3282 grammatici
734 3216 784 3259 aut
810 3207 928 3272 scribae,
957 3208 1008 3277 qui
1036 3209 1076 3259 ita
1094 3158 1181 3260 verda
1198 3217 1279 3262 ante-

123 3278 263 3343 cedentia,
290 3279 472 3402 0311000010
491 3279 643 3345 etfididus,
671 3293 741 3350 quoe
768 3276 911 3331 harmonia
928 3277 1043 3344 dicitur,
1069 3278 1213 3349 explicare
1232 3297 1279 3334 co·

124 3360 208 3404 natus
225 3350 273 3400 sit.
347 3367 371 3402 r.

197 3418 328 3475 Rosius
345 3426 432 3472 eutem
449 3418 650 3488 Aristoxenus]
686 3420 753 3474 Cod.
775 3419 849 3473 Gud.
878 3424 914 3471 ut
942 3418 1019 3471 addit
1043 3428 1108 3472 ante
1126 3420 1279 3476 Aristoxe-

126 3509 189 3547 ω.
209 3491 264 3544 Ed
283 3492 319 3543 ll.
338 3490 440 3544 habet:
461 3489 686 3544 Aristlsossenut.
723 3491 765 3543 De
783 3490 955 3543 Aristoxeno
972 3490 1038 3542 ride
1052 3492 1230 3561 praeclaram
1240 3496 1275 3549 G.

125 3566 158 3618 1..
177 3561 290 3617 blahnii
308 3561 450 3615 diatriben
470 3561 575 3614 editam
584 3562 737 3615 Amstelod.
760 3565 845 3618 179³:
866 3561 914 3613 ubi
933 3560 967 3613 de
986 3571 1083 3613 nostro
1102 3563 1165 3617 loco
1206 3569 1278 3622 ,100

124 3654 166 3707 sq.
196 3648 291 3687 sermo
318 3643 375 3698 est3
403 3632 443 3684 ibi
466 3672 472 3684 .
501 3633 575 3684 laud.
596 3633 806 3703 Wyttenbach.
835 3633 870 3685 ad
896 3631 1042 3685 Plutarch.
1070 3633 1104 3685 de
1131 3633 1158 3687 S.
1184 3584 1222 3688 Al.
1244 3640 1275 3689 V.

123 3726 152 3779 p.
174 3709 236 3762 143.
264 3703 334 3756 Add.
355 3704 414 3756 Ast.
443 3650 476 3755 de
495 3703 619 3756 Platonis
645 3704 707 3756 vita
734 3713 762 3758 et
789 3703 905 3775 scriptis
931 3722 958 3774 p.
981 3707 1039 3759 163.
1078 3704 1206 3772 Rathius,
1224 3725 1278 3778 pro

123 3777 252 3848 maine
270 3775 432 3829 desiderans
452 3773 567 3842 peissun
594 3775 642 3826 vel
665 3775 743 3827 aliud
770 3775 848 3844 quid,
877 3791 934 3827 non
960 3775 1129 3850 intelligens
1152 3778 1279 3844 proxime

125 3849 160 3902 ad
186 3848 357 3903 Ciceronem
384 3854 520 3916 spectare,
548 3852 615 3897 cum
642 3845 827 3898 Aristoxenus
854 3862 912 3898 non
940 3847 976 3898 iis
1003 3847 1041 3897 sit
1068 3846 1278 3914 adscribendus,

124 3936 195 3990 quos
219 3919 339 3989 proprie
364 3916 460 3969 dicere
484 3915 556 3968 solet
571 3917 671 3970 Cicero
689 3923 803 3983 veteres,
823 3932 880 3968 non
900 3925 941 3970 est
959 3917 1128 3971 audiendus:
1149 3937 1202 3974 nec
1221 3939 1279 3973 rna.

81 4000 88 4012 ⁹
125 3992 181 4071 gis,
201 3990 279 4061 quod
296 4005 350 4061 pro
369 3993 457 4040 autem
474 3988 541 4039 vult
559 3988 600 4040 os't
619 4004 680 4040 esse
698 3988 821 4041 unionum.
858 3988 919 4040 Mr.

196 4080 290 4149 ipsius
307 4076 435 4146 eorporis
453 4075 630 4130 intentionem
648 4076 793 4146 quondan]
824 4076 885 4142 „De
904 4075 1073 4152 integritate
1091 4080 1173 4133 verbi
1192 4080 1278 4135 intest·

126 4152 225 4205 lt'otten
244 4167 304 4204 non
323 4151 426 4231 liquet.
456 4149 580 4201 intentio
599 4147 676 4199 enim
695 4148 823 4218 corporis
842 4165 909 4200 cum
926 4148 1076 4203 harmonia
1102 4152 1172 4221 quid
1195 4152 1280 4206 habet

126 4223 244 4277 simile?
261 4224 444 4276 sacenssosess
462 4221 636 4294 congruebat
653 4219 773 4293 magir‘.
794 4217 825 4272 Ρ.
845 4219 995 4274 Manutius
1013 4224 1139 4286 „blerito
1159 4225 1192 4275 ob
1206 4223 1280 4275 hanc

125 4296 297 4348 sententiam
315 4312 332 4346 a
350 4292 464 4345 Darisio
482 4289 670 4361 reprehensus
689 4299 731 4343 est
750 4290 921 4344 llanutius“.
953 4292 1033 4346 Vero.
1052 4293 1177 4347 lucentio
1201 4301 1280 4345 certe

127 4384 220 4436 neque
245 4375 313 4436 apta
338 4363 409 4416 huic
434 4365 499 4416 loco
526 4379 591 4428 vox,
619 4379 711 4431 neque
732 4361 927 4416 Ciceroniana.
957 4363 1023 4418 cod.
1048 4364 1121 4416 Gud.
1141 4367 1167 4418 3.
1195 4363 1280 4415 habet

129 4437 314 4493 latmiom.
352 4436 409 4490 Sed
426 4456 454 4490 r.
473 4452 537 4488 ann.
557 4451 616 4504 seq.
653 4432 713 4487 Mr.
882 4446 895 4473 0
