2828 5070
495 291 622 355 LIBER
643 291 669 372 1,
706 293 757 359 47.
815 358 820 367 ,
1153 299 1222 365 349.

68 469 149 536 gens
178 452 288 528 fortis,
317 451 395 514 dom
426 455 543 534 Lycur
569 457 576 472 '
599 457 687 540 leges
707 456 873 542 vigebant.
917 455 942 518 Ε
970 458 1089 540 quibus
1114 479 1213 540 unus,

67 551 170 612 quum
182 534 297 594 Perses
310 535 415 598 bostis
435 539 472 596 in
493 538 661 617 coloquio
682 537 818 600 dixisset
830 538 989 623 glorians,
1011 540 1116 604 sotem
1134 558 1214 623 prce

67 747 126 784 non
151 731 289 784 videntur
314 733 385 786 haec
410 734 473 787 loco
498 753 556 787 esse
582 736 700 821 proprio
724 754 757 789 ac
784 753 842 789 suo.
880 737 1009 790 Fortasse
1033 740 1211 809 irrepserunt

68 801 100 853 in
118 802 255 854 orationis
273 804 377 855 seriem
397 821 412 856 e
430 806 571 879 margine,
599 806 646 858 ubi
668 815 749 860 erant
767 806 936 876 explicando
954 809 1038 861 alteri
1058 809 1214 863 Simonidis

66 872 163 924 versui
182 872 328 924 collocata.
365 873 468 938 Quodsi
488 892 545 927 non
564 876 722 928 eiiciuntur
758 892 862 941 rorsus,
886 877 1057 930 reiiciautur
1079 889 1159 932 certe
1177 881 1213 932 ad

67 941 177 994 calcem
193 942 279 993 huius
297 944 408 1011 capitis.
445 944 518 996 Satis
536 947 682 998 commode
699 895 813 998 stridunt
831 955 896 999 ante
913 947 984 999 haec
1000 949 1100 1001 verba:
1127 950 1212 1003 Euae

66 1012 157 1075 fortes
175 1018 201 1064 et
219 1013 284 1064 duri
301 1012 496 1080 Spartiatse.“
531 1015 633 1080 Quodsi
651 1016 740 1068 selnel
757 1017 926 1069 traiectione
950 1016 1047 1070 locum
1065 1020 1214 1071 turbatum

66 1096 135 1133 cum
151 1082 274 1135 Ernesto
292 1085 474 1147 concesseris,
500 1081 575 1136 hanc
598 1100 711 1154 quoque
729 1087 979 1155 transpositionem
1001 1087 1077 1139 haud
1103 1089 1212 1142 incom-

65 1151 179 1202 modam
196 1152 341 1204 concedes.
377 1153 441 1235 Ego
462 1171 532 1206 vero
559 1153 744 1207 haecomnia
762 1159 883 1219 referre,
911 1174 996 1225 quam
1019 1158 1131 1227 aliquid
1150 1177 1213 1211 mu·

65 1228 130 1272 tare
147 1221 246 1286 malui,
265 1239 331 1273 cum
350 1232 424 1274 certa
443 1223 519 1275 nihil
538 1241 573 1276 ex
590 1225 673 1275 libris
693 1224 756 1276 crui
773 1226 870 1294 possit,
888 1226 1044 1295 facileque,
1067 1229 1215 1295 quodcun-

66 1305 124 1359 que
141 1287 304 1355 mutaveris,
332 1291 466 1344 Ciceroni
490 1295 585 1364 potius
602 1295 664 1346 vim
681 1295 822 1358 intulisse,
847 1312 933 1364 quam
955 1296 1088 1348 librarios
1115 1315 1212 1352 corra-

66 1359 141 1413 xisse
159 1360 289 1413 videaris.
327 1362 362 1413 ln
380 1364 477 1414 eadem
495 1365 557 1416 iere
576 1365 718 1416 sententia
735 1365 819 1417 video
837 1381 894 1417 esse
913 1365 1065 1429 Orellium,
1092 1370 1143 1436 qui
1160 1385 1212 1439 po-

65 1437 211 1500 steaquam
227 1432 352 1483 Bentleii
372 1441 401 1485 et
418 1433 527 1484 Davisii
545 1434 737 1502 suspicionem
759 1435 917 1505 proposuit,
943 1436 1001 1497 sed,
1025 1435 1076 1498 sit,
1109 1445 1142 1488 ut
1164 1437 1210 1502 fit,

66 1497 235 1553 Ciceronem
252 1502 356 1584 potius,
375 1519 461 1572 qnam
478 1502 610 1555 librarios
635 1504 891 1572 reprehenderunt.
928 1503 1013 1557 Certe
1038 1504 1112 1573 quod
1130 1506 1211 1559 aiunt

66 1585 83 1620 e
101 1568 209 1638 quibus,
235 1571 291 1621 nusi
316 1572 413 1623 eiicias
433 1573 483 1624 illa
502 1574 609 1624 omnis:
636 1573 705 1640 quid
722 1604 755 1616 -
774 1573 915 1642 vigebant,
942 1590 1001 1626 non
1018 1574 1133 1638 habere,
1153 1591 1212 1646 quo

67 1641 225 1704 referatur,
250 1641 280 1692 id
297 1659 399 1693 verum
416 1651 542 1695 nonest.
578 1643 605 1694 Ε
623 1644 723 1711 quibua
740 1661 795 1712 per
811 1650 921 1696 σύνεσιν
946 1644 1093 1696 commodo
1120 1650 1212 1698 rerer-

64 1715 116 1759 tur
133 1709 212 1760 adv.
231 1726 308 1775 gena,
328 1712 404 1792 quod
421 1721 463 1765 est
481 1728 586 1765 nomen
605 1713 798 1765 collectivum.
836 1715 880 1765 lta
904 1721 1001 1767 noster
1023 1712 1144 1767 Accadd
1171 1716 1209 1768 11.

65 1779 185 1834 ³210&
204 1780 359 1833 Academsa
377 1814 410 1825 -
430 1798 448 1832 a
466 1782 593 1850 quibus
611 1782 659 1844 (sc.
677 1781 865 1846 Academicis)
885 1797 1024 1850 uunquam
1034 1782 1137 1834 dictim
1155 1783 1211 1837 sits

65 1845 101 1900 de
120 1848 172 1901 off.
193 1850 214 1901 l.
235 1853 277 1904 84.
300 1853 364 1906 122:
392 1849 474 1904 isaeo
500 1858 601 1903 aetas
624 1867 642 1902 a
660 1851 824 1903 libidinibus
846 1851 967 1904 arcenda
993 1857 1036 1903 est
1055 1881 1087 1894 -·
1106 1859 1136 1904 ut
1153 1869 1211 1905 eo·

66 1932 142 1969 ram
161 1949 190 1960 -
211 1920 260 1983 (sc.
279 1921 518 1986 adolescentium)
536 1952 569 1964 -
588 1921 679 1986 uigeat
697 1920 850 1972 industria.
880 1922 939 1973 lam
947 1920 1006 1971 vid.
1020 1921 1055 1973 de
1073 1920 1128 1973 hoc
1146 1922 1210 1976 loco

65 1986 256 2058 disputantem
281 1998 310 2042 et
333 1991 418 2042 verbs
440 1991 536 2042 οιιιιιίι
563 1991 641 2043 inter
665 1990 740 2045 Quid
763 1999 792 2043 et
817 1990 950 2057 vigebant
973 2006 1026 2059 pro
1043 1990 1210 2063 glossemate

65 2055 141 2109 haud
159 2059 389 2142 improbabiliter
406 2060 556 2113 habentem
575 2060 606 2112 C.
625 2059 659 2110 D.
678 2059 818 2111 Beckium
836 2062 867 2111 in
885 2061 1055 2113 Commentt.
1075 2060 1110 2114 de
1128 2061 1211 2118 Glos-

64 2130 178 2181 sematis
196 2147 228 2179 ιιι
246 2131 384 2182 Veterum
402 2130 484 2181 libris
504 2130 540 2193 (4.
560 2130 636 2199 Lips.
658 2130 747 2193 1⁸³1.)
766 2131 789 2182 1.
810 2147 838 2198 p·
859 2133 884 2186 8.
923 2131 983 2184 Mr.

134 2215 215 2271 lodie
233 2219 309 2286 opud
325 2219 432 2281 inferos
450 2219 569 2281 sonam
586 2215 772 2299 comedimus]
799 2215 923 2297 Scripsit
940 2217 1009 2269 Dav.
1029 2218 1208 2285 cenabimus,

64 2285 489 2411 ltili?”sst⁵2t‘’.l¹tffn?l
506 2287 612 2409 'iiii
629 2285 1031 2424 ¹⁸iissiipii.i=¹f¹¹1.⁰l‘.¹ffii
1048 2291 1208 2410 {iiiiii

65 2443 93 2478 n.
113 2428 191 2484 7493.
212 2419 404 2481 cenatorium.
441 2425 497 2480 Sed
514 2427 582 2479 ibid.
602 2392 635 2476 T'.
656 2427 693 2478 11.
712 2442 740 2476 n.
760 2427 838 2480 ‹1³2³-
858 2426 936 2479 432⁴.
962 2435 1006 2477 est
1029 2396 1208 2484 coenacula:

65 2496 145 2550 Cous.
166 2498 285 2551 cellarii
305 2496 439 2568 Orthogr.
459 2513 487 2566 p.
507 2498 568 2550 21⁰.
596 2495 712 2548 Nolten.
732 2495 800 2546 Lex.
819 2493 966 2546 Antibarb.
986 2512 1014 2564 p.
1033 2498 1076 2550 ⁴1.
1106 2497 1209 2550 Grote-

64 2567 141 2620 send.
161 2567 241 2622 Orth.
261 2570 321 2620 Lat.
341 2567 363 2631 ᾗ.
385 2568 444 2621 1³2
482 2566 616 2619 Ceterum
633 2565 710 2634 quod
726 2563 777 2616 hic
795 2580 908 2634 quoque
925 2579 1010 2617 mena
1032 2564 1113 2618 ducit
1139 2583 1207 2621 cum

64 2637 207 2707 prioribus
226 2654 241 2688 a
258 2640 357 2699 κοινός,
375 2637 504 2689 fallitur:
524 2646 566 2688 est
584 2636 662 2688 enim
679 2654 696 2687 a
713 2637 804 2700 θοίνη.
833 2634 867 2687 1ιι
883 2634 936 2688 Ed.
957 2636 992 2686 tl.
1019 2643 1061 2687 est
1083 2635 1209 2698 fortasse

64 2707 138 2776 apud
163 2707 279 2774 inferos.
317 2707 412 2759 Duisb.
437 2706 547 2758 omittit
574 2706 707 2769 fortasse.
744 2706 808 2756 Mox
834 2703 902 2756 Ood.
921 2703 1003 2785 hug.
1028 2704 1115 2759 habet
1135 2722 1208 2787 gesa

63 2776 159 2900 {pati
176 2779 301 2902 mmo.
322 2778 395 2831 Gud.
416 2779 440 2832 2.
461 2792 525 2830 num
542 2791 595 2847 pro
613 2776 684 2830 dum.
720 2775 800 2829 Unus
819 2774 869 2827 Ox.
897 2773 1023 2828 ososbast
1048 2791 1101 2845 pro
1127 2792 1209 2844 osgs·

134 2936 159 2988 li
185 2937 284 3004 quibus
310 2956 388 3021 unus·
406 2970 439 2980 -
464 2937 495 2992 is
520 2938 620 3021 umbro
643 2908 736 3004 igitar
755 2933 970 3018 pugnabimusl
987 2935 1125 2988 Dienaoes
1148 2937 1207 2988 fuit

62 3007 1206 3146 illim‘alitilia¹l..lll..3²¹'..?3.⁸:m‘¹l.².*·.”253¹..tisss

63 3145 137 3197 unde
155 3147 324 3200 Ciceronem
345 3153 516 3213 μνημονικοῦ
542 3149 699 3216 ordinator
722 3145 868 3198 insimulat
892 3147 950 3197 Pet.
970 3145 1115 3197 Victorius
1139 3147 1205 3198 Var.

62 3217 142 3268 Lect.
169 3217 218 3268 lib.
238 3218 326 3270 xvu.
355 3215 409 3280 [est
425 3217 475 3268 lib.
496 3217 607 3268 xxvll.
633 3233 661 3286 p.
682 3215 755 3282 779.]
781 3231 841 3335 cap.
860 3218 887 3270 9.
924 3212 999 3279 Quin
1025 3222 1053 3266 et
1075 3215 1207 3267 Valerius

63 3287 212 3352 Maximus,
230 3287 281 3357 qui
300 3295 428 3339 nostrum
447 3287 508 3338 iere
527 3286 629 3337 ducem
648 3287 820 3356 sequitur‚a
857 3299 890 3337 eo
908 3284 966 3335 ism
983 3282 1111 3336 diversus
1130 3285 1205 3348 sbit3
1284 3309 1294 3326 ι

62 3355 134 3408 haec
153 3357 229 3409 enim
248 3357 331 3409 habet
349 3355 400 3406 lib.
421 3356 472 3408 lll.
493 3372 553 3424 cap.
572 3356 636 3420 Vll,
656 3358 681 3409 8.
702 3362 761 3407 ext.
788 3353 936 3417 Refersste
954 3354 1079 3422 quodam
1105 3353 1206 3420 Sagit-

63 3425 100 3478 tis
117 3425 268 3480 Persarum
286 3426 378 3480 Solem
396 3424 542 3477 obscurari
559 3426 665 3477 soleres
698 3425 775 3476 Bene
793 3440 900 3487 narras,
924 3422 1025 3489 iuquit,
1052 3425 1084 3476 in
1106 3425 1206 3476 umbra

63 3498 141 3550 enim
160 3498 263 3550 melius
288 3495 502 3569 praeliabimur.
539 3496 688 3547 Praeterea
713 3492 867 3545 monendus
893 3500 935 3545 est
958 3493 1071 3556 Lector,
1094 3494 1206 3545 Plutar-

62 3568 151 3620 chum
174 3567 235 3638 Apo
256 3566 284 3618 h.
311 3567 413 3618 Lacon.
438 3582 502 3640 pag.
521 3566 582 3619 225.
618 3563 796 3617 Scholiasten
822 3561 1019 3633 Aristophanis
1045 3562 1076 3614 in
1102 3564 1205 3633 Vespas

61 3656 102 3690 ts.
125 3640 200 3692 1⁰79.
236 3584 388 3689 {sabaeum
407 3633 497 3688 serm.
517 3636 579 3688 Vll.
607 3651 671 3708 pag.
690 3637 734 3689 86.
761 3641 790 3685 et
809 3631 924 3685 Suidam
947 3631 1002 3684 hoc
1028 3632 1084 3702 ipsi
1101 3634 1206 3686 Leoni·

61 3707 112 3759 dae
131 3706 303 3775 induamus
320 3705 459 3757 tribuisse.
496 3704 532 3759 D.

133 3809 215 3860 mum
231 3792 331 3847 Peraea
349 3791 440 3846 hostis
459 3793 526 3859 etc]
562 3792 642 3845 Unus
660 3791 711 3845 01.
730 3791 795 3844 dam
811 3805 865 3861 pro
882 3806 970 3858 quam
988 3793 1062 3843 Mon.
1084 3796 1107 3845 l.
1133 3791 1204 3844 Per·

61 3863 112 3949 ais.
150 3863 283 3914 Formam
308 3862 406 3916 Perses
429 3861 514 3915 habet
537 3863 629 3944 ¹etiam
653 3861 737 3914 Corn.
766 3863 838 3982 Nep.
864 3861 898 3913 de
916 3863 1005 3935 llegg.
1027 3865 1051 3914 l
1078 3858 1202 3945 ubivid.

61 3945 249 4004 anterprr..p.
272 3934 321 3986 102
339 3951 380 4001 sq.
400 3933 443 3985 ed.
461 3931 578 3985 Bardili.
614 3931 742 3984 Eandem
766 3931 804 3984 ha
824 3938 852 3982 et
877 3931 999 3981 formam
1026 3946 1085 4013 ipse
1102 3930 1204 3984 Cicero

62 4007 97 4058 de
115 4008 183 4077 Rep.
200 4003 222 4055 1.
237 4004 280 4056 27.
321 4005 402 4058 .11³:
423 4003 514 4072 Cyrus
531 4001 582 4054 ille
599 3999 745 4055 Perses:
764 4001 812 4052 ubi
831 3998 925 4053 erravi
943 3998 1039 4051 dicens
1057 4017 1088 4051 ιιι
1107 4010 1202 4056 annot.

62 4073 282 4130 Nominatirum
299 4021 384 4125 huius
401 4073 527 4125 nominis
565 4071 663 4124 entilis
687 4070 756 4124 alibi
775 4085 832 4122 non
856 4068 916 4143 legi
934 4070 1008 4140 apud
1025 4071 1202 4125 OEceronem.

62 4149 128 4200 Mox
145 4150 218 4200 Mon.
241 4150 265 4200 l.
284 4140 496 4197 multitudinem.
521 4143 534 4195 l
554 4159 599 4195 em
617 4141 728 4195 omittit
746 4145 774 4193 et
792 4157 858 4193 cum
874 4155 932 4192 uno
950 4142 1006 4193 Ox..
1020 4141 1087 4195 cod.
1106 4142 1201 4195 Duisb.

62 4216 148 4270 habet
165 4224 193 4271 et
210 4215 384 4286 sagittarum
401 4213 585 4266 multitudine.
622 4211 704 4265 Unde
724 4211 830 4281 aliquis
848 4210 985 4264 coniiciat
1002 4211 1089 4265 verbs
1111 4217 1138 4265 et
1156 4227 1204 4265 ss·

61 4286 201 4353 gittasum
219 4286 369 4363 glossatori
387 4284 494 4349 deberi,
522 4282 572 4352 qni
590 4282 707 4356 sagittas
725 4280 798 4352 apud
814 4280 963 4334 Valerium
980 4282 1135 4336 Maximum
1162 4281 1204 4332 le-

62 4357 148 4430 gisset
173 4359 236 4412 loco
263 4377 280 4411 a
295 4357 363 4410 Dav.
392 4353 522 4408 laudato:
555 4351 725 4422 praesertim
750 4368 817 4405 cum
841 4351 898 4405 alio
922 4351 1090 4427 glossemate
1117 4349 1203 4402 etiam
