2828 5070
579 319 708 382 LIBER
728 317 772 398 ll,
794 320 824 386 7.

290 486 323 548 Ε
352 483 498 564 viperina
523 476 629 548 mirso
650 505 748 547 aeetae
774 484 928 548 viscerum

296 569 423 632 Veae'ao
445 569 583 630 imbutae
606 570 708 631 te'tros
730 568 891 632 cruciatus
919 571 1014 632 cient.

125 650 240 734 ltaque
262 653 423 711 exclamat
444 654 604 713 auxilium
627 662 794 734 expetens,
817 654 905 713 niori
927 653 1082 735 cupiens:

287 735 380 796 Heu!
402 734 476 816 qais
497 735 595 814 falsis
615 735 767 816 fluctibu'
788 736 913 799 mandet

288 819 345 882 Me
365 838 405 879 ex
426 818 560 880 sabltmo
581 817 704 881 vertice
725 823 799 882 saxi
810 819 825 883 i

123 1006 200 1059 diam
221 1007 282 1060 sive
301 1007 349 1082 agi
367 1006 479 1060 videas:
500 1007 549 1061 sed
568 1009 649 1078 qnasi
668 1009 777 1060 iactum
796 1007 826 1059 id
845 1007 945 1073 refert,
975 1014 1004 1059 et
1028 1007 1109 1076 qussi
1127 1014 1281 1076 perrectu-

123 1095 173 1128 rus
193 1094 275 1146 qrtam
295 1110 324 1119 -
347 1077 468 1131 cierent:
488 1087 584 1131 servat
602 1088 699 1132 tamen
719 1086 854 1138 metrum,
880 1095 917 1131 ne
942 1095 1059 1130 versam
1079 1077 1219 1144 destruat,
1246 1084 1281 1132 ut

123 1164 176 1200 nos
201 1166 255 1218 quo
280 1166 315 1201 ue
339 1149 473 1211 facimus,
509 1168 597 1220 quum
626 1149 874 1202 constructionem
898 1148 1022 1217 aliquam
1055 1149 1151 1201 exorsi
1178 1148 1280 1219 poetae

123 1219 247 1272 alicuius
259 1166 363 1272 iocum
383 1220 530 1295 integrum
550 1219 689 1285 addimus,
710 1237 767 1273 non
787 1220 880 1290 priori
899 1237 963 1273 eom
984 1228 1148 1271 structurae
1166 1235 1281 1273 accom-

124 1290 281 1342 modantes.
319 1290 371 1343 Est
401 1292 481 1360 quasi
501 1293 594 1345 oratio
618 1291 820 1351 ἀνακόλιιυθοςε
845 1291 949 1359 incipit
976 1291 1066 1343 enim:
1097 1288 1184 1343 Nilit
1205 1291 1281 1344 enim

125 1359 307 1413 terrestrum
326 1362 452 1429 sagittae
472 1395 503 1403 -
524 1369 580 1415 tum
599 1363 813 1415 consolabamur
833 1393 865 1402 -
883 1369 1089 1431 perrecturus:
1110 1379 1176 1414 cuin
1196 1361 1281 1415 dolo·

125 1432 205 1483 ribus
233 1432 363 1486 vulneris
390 1433 622 1487 intolerabilibus
648 1435 843 1495 cruciaretur3
882 1433 931 1485 sed
966 1434 1063 1484 statim
1091 1433 1122 1484 in
1150 1441 1280 1487 mentem

124 1503 248 1555 veniunt
266 1520 373 1568 versus,
393 1521 463 1573 quos
483 1507 608 1558 recitans
628 1504 660 1556 ab
680 1505 796 1574 incepta
815 1511 960 1556 structura
986 1503 1065 1556 abire
1084 1503 1133 1556 vel
1152 1504 1280 1559 transire

125 1575 156 1625 in
176 1572 262 1626 aliam
281 1577 363 1644 quasi
380 1577 504 1659 cogitur.
545 1573 623 1642 Quod
642 1591 711 1628 vero
728 1575 826 1650 pergit
846 1575 995 1634 exclamat,
1014 1574 1216 1628 idnecesserio
1229 1574 1277 1628 fit:

123 1645 223 1719 pergit
242 1649 320 1698 enim
341 1646 397 1698 iarn
418 1665 448 1698 sn
469 1663 510 1710 eo,
531 1647 605 1714 qnod
620 1646 654 1698 fit
667 1647 866 1721 intragoetlia‚
887 1643 1030 1717 quodque,
1050 1648 1280 1715 quotiescunque

124 1733 186 1768 eam
207 1716 378 1786 inspexeris,
399 1734 514 1786 semper
532 1735 665 1788 praesens
684 1725 736 1770 est.
773 1715 910 1770 Ktihnero
934 1733 1049 1785 quoque
1069 1717 1280 1786 imperfectum

123 1802 182 1838 nou
201 1788 297 1840 visum
317 1795 359 1840 est
379 1787 606 1852 sollicitandum,
633 1805 805 1857 quamquam
831 1788 854 1838 is
882 1787 926 1838 sui
947 1786 1050 1838 indicii
1075 1789 1201 1840 rationes
1221 1804 1281 1842 non

125 1859 267 1979 qxposuit.
304 1859 412 1912 Versus
431 1866 499 1911 sunt
519 1877 553 1912 ex
573 1859 648 1911 Attii
666 1857 833 1912 Philoctete.
870 1854 954 1911 Solus
976 1856 1050 1911 Gud.
1072 1857 1157 1911 habet
1185 1873 1281 1912 cauea-

137 1928 264 1978 abuatur.
303 1930 362 1981 Mr.

196 1999 377 2067 Eaipertao]
414 1999 500 2054 cndu.
520 2000 619 2053 Duisb.
650 2008 679 2055 et
697 1999 781 2054 Febr.
806 1999 851 2054 us·
875 1999 1019 2068 viperinos
1067 1996 1124 2051 aad
1147 2006 1190 2052 est
1215 2014 1294 2052 corr

124 2071 257 2135 rectoris,
286 2072 336 2138 qui
361 2073 564 2126 recordaretur
591 2072 717 2126 eiusdem
741 2072 801 2125 loci
832 2074 864 2125 in
891 2072 976 2124 libris
1001 2017 1144 2124 deth‘inn.
1168 2068 1207 2123 11.
1234 2073 1279 2128 29.

124 2139 243 2205 laudati,
264 2142 311 2194 ubi
331 2143 442 2220 legitur
460 2143 517 2197 cui
536 2142 671 2211 viperina.
709 2143 744 2195 ln
763 2142 830 2197 Cot.
854 2142 940 2196 Marb.
967 2141 1109 2217 legiture
1136 2142 1279 2209 vitupe-

125 2210 207 2263 riaa
227 2212 369 2281 et'pert'aa:
397 2215 444 2266 sed
463 2215 546 2285 prior
565 2233 631 2279 vox,
650 2232 804 2286 perperam
823 2215 940 2283 scripte,
959 2214 1078 2282 punctis
1105 2213 1278 2283 subscriptis

123 2290 221 2335 notata
242 2294 292 2337 est.
314 2286 382 2338 Cod.
403 2284 500 2338 Duisb.
521 2285 633 2338 omittit
653 2287 797 2338 uiscerum.
817 2285 892 2337 Ante
908 2301 969 2336 eam
988 2300 1088 2336 vocem
1100 2284 1280 2337 Guainssr-

123 2361 187 2404 tuni
207 2353 293 2407 habet
312 2357 495 2421 vocabulum,
515 2356 592 2425 quod
611 2365 743 2409 accurate
761 2356 860 2430 legere
883 2371 940 2407 non
960 2354 1039 2419 licet,
1064 2354 1182 2407 videtur
1206 2354 1279 2408 scri·

122 2430 206 2492 ptum
224 2425 345 2491 aipicam
368 2423 416 2479 vel
441 2427 568 2479 alateum.
607 2425 661 2478 Ed.
687 2427 782 2480 Alteri
808 2426 879 2491 sola,
905 2441 1068 2494 operarum,
1093 2432 1126 2476 ut
1151 2425 1278 2492 videtur,

125 2510 241 2547 errore:
269 2511 352 2549 cenae
376 2496 552 2550 oritarum.
595 2497 682 2556 ilecto
711 2499 861 2551 viluerat
894 2497 1056 2549 versionem
1086 2495 1279 2550 novissimam

125 2565 261 2630 Orellius,
288 2568 394 2638 inqua
423 2577 465 2621 est
493 2569 556 2622 der
574 2515 816 2642 Eingeweitie
835 2567 963 2620 Adern.
1002 2567 1075 2619 Nam
1096 2564 1206 2619 (licitur
1223 2583 1278 2639 pro

125 2636 256 2704 simplici
274 2654 357 2691 aenae
376 2642 489 2709 poetice
507 2655 591 2692 aenae
610 2640 760 2705 viscerum
780 2640 893 2692 viscera
911 2639 988 2692 enim
1009 2646 1075 2698 aaut
1089 2640 1186 2693 ornnia
1205 2656 1279 2709 quae

125 2714 193 2759 cute
216 2717 366 2784 teguntur,
391 2710 499 2763 ossibus
527 2710 655 2781 exceptis
681 2720 710 2765 et
735 2711 882 2786 unguine.
925 2711 1033 2764 Venena
1062 2711 1174 2763 omittit
1204 2730 1278 2767 unus

125 2777 187 2841 On,
206 2778 284 2832 alius
300 2780 384 2834 habet
403 2783 514 2843 iactata,
542 2789 575 2833 ut
599 2781 693 2835 solent
720 2781 835 2834 librarii
859 2782 947 2835 verba
975 2782 1191 2835 accommodare
1208 2797 1279 2853 pro·

122 2851 220 2902 xitnis.
259 2852 313 2904 Pro
341 2853 415 2905 cient
442 2860 484 2906 ost
511 2853 619 2905 cierent
648 2854 679 2905 in
704 2851 1082 2928 tribus0x1.Aag.Viml.
1104 2859 1127 2910 l.
1154 2855 1230 2907 illan.
1251 2859 1277 2910 1.

123 2919 196 2972 Edd.
217 2923 250 2974 A.
270 2923 301 2974 B.
323 2923 350 2977 S.
372 2924 402 2977 C.
423 2926 454 2976 V.
476 2927 512 2977 Μ.
533 2926 564 2976 h.
585 2923 652 2978 Rob.
674 2923 771 2994 Steph.
791 2923 862 2975 Ven.
883 2931 974 2977 nostr.
994 2933 1023 2978 et
1041 2924 1101 2977 Alt.
1127 2923 1187 2988 (sed
1204 2924 1279 2980 haec

123 2993 155 3044 in
181 3011 272 3069 inarg.
301 3014 336 3047 ex
363 3013 436 3049 corr.
462 2994 547 3058 cient)
573 2994 636 3048 Asc.
661 3001 683 3050 Ι.
703 2998 728 3050 2.
759 2991 819 3059 (sed
845 2993 918 3047 haec
942 2994 974 3046 in
998 3014 1090 3071 snarg.
1113 2995 1168 3048 M&
1195 2995 1277 3062 cieal)

124 3062 187 3115 Car.
214 3065 312 3133 Steph.
339 3066 419 3120 Brut.
449 3066 536 3120 Goth.
563 3065 642 3136 Syll.
669 3066 791 3120 HWols.
821 3063 906 3117 Leod.
927 3065 991 3117 Ald.
1022 3067 1070 3118 Fr.
1090 3066 1173 3123 Febr.
1193 3066 1275 3120 Boul.

122 3134 217 3196 olim
235 3137 323 3189 sciant
341 3137 426 3190 habet
443 3157 518 3190 unus
538 3138 598 3201 On,
617 3137 691 3190 alius
710 3137 832 3189 cierunt:
853 3135 961 3206 reliqui
979 3137 1050 3190 libri
1068 3153 1178 3204 ornnes,
1198 3140 1278 3207 iique

123 3207 237 3272 optimi,
258 3215 322 3259 octo
342 3211 427 3261 etiem
447 3207 593 3262 Gebhardi
611 3206 719 3260 habent
737 3209 820 3260 deal.
858 3206 993 3260 Reiskius
1019 3206 1047 3260 h.
1068 3208 1088 3260 l.
1115 3207 1188 3262 Edd-
1214 3226 1278 3264 suas

121 3290 181 3327 non
199 3274 316 3328 videtur
335 3279 503 3349 inspexisse,
525 3295 645 3347 quarum
665 3279 728 3332 sine
746 3278 833 3331 (lubio
857 3296 914 3330 una
938 3277 1067 3333 alterave
1090 3277 1196 3334 habent
1220 3279 1279 3334 αἰ·

121 3352 195 3412 reat,
216 3348 292 3417 quod
311 3366 387 3401 nunc
406 3351 477 3419 ipse,
498 3358 530 3401 ut
549 3366 628 3401 suam
647 3350 854 3413 coniecturam,
873 3349 1035 3420 proposuit.
1073 3351 1134 3404 Mr.

193 3438 291 3504 ltaque
310 3439 448 3490 exclamat
467 3429 606 3490 auxilium
625 3438 768 3504 expetens]
806 3437 893 3490 Carti.
913 3437 984 3512 Reg.
1004 3445 1033 3491 et
1051 3442 1126 3495 Mon.
1149 3443 1172 3492 1.
1197 3457 1278 3509 eape-

122 3515 208 3572 cteas,
237 3516 268 3561 ut
287 3509 394 3579 aliquis
423 3509 550 3561 voluisse
568 3509 702 3561 videatur
720 3510 972 3576 expectans.·l‘ro
991 3506 1061 3562 lea!
1107 3511 1137 3563 ui
1154 3509 1224 3565 Dav.
1245 3513 1278 3567 in

121 3580 176 3634 Ed.
192 3585 216 3631 ·l.
238 3582 349 3649 recepit
369 3579 571 3632 Bentleianum
590 3580 689 3647 Ecqui..
713 3577 928 3633 Scribiturlteu
948 3579 1059 3650 quiin
1082 3529 1169 3638 godd.
1183 3581 1276 3638 Reid.

123 3650 197 3704 Gud.
217 3650 315 3704 Duisb.
335 3653 408 3707 Gud.
432 3657 453 3703 Ι.
475 3649 535 3713 (hic
554 3666 635 3704 eraso
654 3650 692 3716 t.)
710 3650 766 3704 Ed.
785 3652 814 3702 P.
842 3658 871 3703 et
889 3651 945 3704 duo
965 3651 1054 3713 Oxx.;
1082 3670 1157 3708 unus
1184 3671 1276 3722 quam.

122 3722 177 3773 Per
199 3731 252 3773 unt
271 3723 325 3775 duo
346 3723 414 3775 Oxx.
435 3723 523 3777 llarb.
544 3720 606 3783 (hic
624 3739 640 3774 a
657 3739 699 3791 pr.
721 3720 772 3786 m.)
791 3721 864 3775 Eud.
886 3720 972 3775 Goth.
993 3731 1021 3777 et
1039 3723 1159 3778 ttWott.
1180 3725 1276 3789 falsie.

121 3739 232 3845 Lauhat
255 3793 508 3849 nostrumlocum
533 3791 569 3844 G.
589 3793 771 3846 Hermennus
798 3793 830 3845 in
858 3793 1028 3851 Comtn..de
1049 3794 1190 3864 Aeschyli
1209 3795 1278 3849 Phi-

121 3862 229 3915 loctets
248 3882 275 3932 p.
299 3869 338 3920 15.
359 3865 492 3934 (Opnscc.
514 3863 547 3920 T.
567 3864 620 3916 111.
641 3881 668 3933 p.
693 3865 765 3928 tat.)
792 3863 891 3934 ibique
918 3864 1036 3934 scripsit
1060 3863 1119 3917 ltei
1137 3867 1203 3935 quit
1221 3875 1277 3921 etc.

121 3935 231 3987 Laudat
253 3934 373 4004 Billorb.
399 3934 550 4004 Sophoclis
576 3932 767 3994 Philoctetam
794 3953 822 3988 v·
844 3937 894 3996 tot
914 3953 977 4005 sqq·
996 3937 1074 3990 1222.
1096 3939 1175 3993 1212.
1197 3941 1276 3997 1348.

121 4005 172 4058 ubi
191 4024 249 4059 uon
268 4007 356 4059 facile
375 4013 507 4058 nostram
527 4021 666 4080 agnoscas
685 4006 792 4058 locum.
828 4006 890 4058 Mr.

193 4097 243 4150 Me
261 4112 295 4148 ea
314 4095 444 4161 sublimi]
480 4096 526 4147 Ex
551 4096 646 4147 tlsstis
670 4093 787 4147 Balliol.
818 4103 847 4149 et
864 4095 956 4148 vatic.
986 4095 1014 4148 le
1050 4096 1141 4149 ndum
1159 4096 1278 4151 videtur

121 4167 248 4249 tulliam.
288 4168 336 4222 Sic
356 4168 434 4219 enim
452 4166 535 4237 loqui
554 4165 649 4220 solent
671 4175 791 4220 veteres.
828 4166 901 4250 Vide
920 4164 1005 4220 modo
1052 4167 1152 4221 onium
1176 4170 1208 4221 in
1231 4185 1277 4222 su·

122 4239 243 4363 tlamqm
256 4240 295 4363 ix
313 4310 467 4364 sublima
485 4309 588 4363 vertice
606 4309 713 4376 caeti]
734 4310 785 4363 Me
802 4308 945 4363 omittant
961 4328 1036 4365 unus
1045 4313 1095 4366 01.
1117 4319 1146 4364 et
1159 4311 1233 4365 Gud.
1248 4312 1276 4366 2.

120 4375 230 4448 Scripsi
248 4382 368 4435 sublima
393 4399 459 4435 enin
484 4382 530 4435 Or.
551 4381 697 4437 FAWolf.
721 4379 806 4434 Schz.
833 4381 922 4436 Nobb.
942 4381 1014 4435 tan.
1043 4401 1078 4437 ex
1097 4381 1184 4436 Codri.
1203 4380 1276 4434 Dav.

120 4448 224 4519 quibus
242 4451 354 4506 accedit
372 4471 445 4506 unus
462 4453 543 4506 Laid.
561 4459 590 4508 et
608 4453 876 4526 praestantissimos
895 4453 969 4510 Gaul·
987 4458 1011 4512 1.
1030 4453 1158 4508 Facilius
1176 4458 1275 4508 satem
