2828 5070
571 319 698 381 uranu
720 317 762 399 11,
797 320 847 383 zo.
976 347 979 351 ,
1220 318 1282 385 nso

129 489 291 568 optimum
315 507 397 563 esse,
421 483 507 568 quod
530 488 639 566 ipsum
665 488 709 545 eit
737 483 917 566 optandum
944 502 1004 565 per
1032 503 1078 563 so,
1105 505 1123 546 a
1154 486 1282 548 virtute

127 573 325 650 proiectum,
356 570 405 630 vel
434 571 468 628 in
496 570 565 649 ipsa
593 571 722 629 virtute
742 570 855 644 situm,
883 584 941 626 sua
963 575 1080 649 sponte
1102 567 1281 630 laudabile:

129 651 216 732 quod
238 652 371 732 quidem
394 653 493 712 cilius
517 650 657 711 dixerim
680 651 800 725 solum,
832 670 927 733 quam
950 670 1016 710 non
1039 669 1203 711 summum
1225 651 1280 713 bo·
1340 690 1344 702 ·

128 753 218 793 num.
262 736 368 815 Atque
396 741 434 795 ut
462 735 541 793 haec
569 733 610 793 de
638 732 788 809 honesto,
818 736 865 792 sic
898 729 938 791 de
969 733 1061 815 turpi
1095 735 1281 794 contrariae

128 816 211 876 nihil
241 825 308 876 tam
335 825 493 890 taetrum,
528 815 612 875 nihil
644 823 710 874 tam
741 813 994 897 aspernandum,
1033 814 1116 874 nihil
1149 814 1282 877 homine

128 898 305 983 indignius.
348 897 445 962 Quod
467 901 494 986 si
517 897 581 958 tibi
603 914 798 979 persuasum
820 908 881 975 est,
908 895 1090 978 (principio
1121 900 1209 957 enim
1232 895 1281 958 di·
1299 901 1342 953 ⁴⁷.

440 1022 502 1027 -.-.
512 1020 639 1026 ..-..-.-.
780 1017 905 1024 —n—
970 1019 1001 1024 -—
1013 1019 1018 1024 -
1082 1021 1088 1025 .
1127 1022 1271 1030 ,--—.-

127 1077 195 1144 ipen
214 1079 317 1132 rirtute
334 1081 441 1132 Veneta
460 1079 556 1131 Alteri
575 1078 691 1130 nonnisi
714 1079 854 1150 inpmarg.
874 1077 973 1130 habet:
995 1094 1094 1131 errore
1113 1096 1148 1131 ex
1157 1081 1281 1151 repetito

127 1149 231 1200 virtute
250 1159 322 1201 orto.
343 1151 426 1201 Vind.
450 1156 471 1205 l.
492 1160 521 1202 et
540 1150 612 1202 Gud.
633 1149 738 1202 habent
757 1155 789 1200 et
806 1165 858 1200 ena
882 1155 987 1216 sponte.
1026 1149 1086 1200 Mr.

203 1221 273 1272 Volo
292 1226 382 1272 nutem
408 1222 502 1273 dicere
521 1248 553 1258 -
573 1219 725 1286 laudabile]
762 1221 845 1271 Hunc
871 1220 968 1271 locum
996 1222 1109 1290 profert
1136 1219 1282 1274 Charisius

128 1290 178 1339 lib.
201 1292 237 1342 11.
258 1293 313 1343 col.
336 1297 393 1347 123.
432 1293 467 1344 D.

199 1363 277 1417 Quod
301 1364 412 1430 quidem
438 1364 521 1416 citior
549 1362 671 1415 dixerim
695 1362 794 1427 colum,
820 1377 901 1430 qnam
923 1375 985 1413 non
1009 1378 1144 1414 summum
1161 1360 1294 1430 ionumd,

127 1429 272 1494 „Secutus
291 1453 352 1486 eum
372 1443 400 1486 et
419 1435 491 1485 olim
509 1443 538 1487 et
556 1449 633 1485 nunc
652 1434 740 1485 libros
749 1433 880 1506 vulgatos
899 1431 1018 1498 [edendo
1030 1448 1113 1502 quum
1121 1451 1217 1486 eumm.
1231 1433 1280 1502 b.].
1301 1474 1305 1481 .

127 1502 233 1555 Fateor
250 1513 345 1556 autem
364 1506 536 1574 scripturam
555 1505 703 1572 antiquam
722 1521 780 1556 esse
797 1504 951 1556 veriorem.
972 1502 1048 1556 iuss.
1069 1515 1165 1557 autem
1183 1520 1281 1558 omnes

126 1570 232 1625 habent
259 1593 339 1643 quom
365 1592 431 1628 non
457 1590 591 1627 commum
614 1576 721 1627 bonum.
764 1573 837 1639 Quid
862 1583 956 1626 autem
985 1575 1101 1627 intersit
1127 1577 1206 1628 iuter
1231 1574 1281 1629 bas

126 1642 194 1695 duas
210 1647 375 1715 scripturas,
394 1648 491 1715 paucis
509 1646 604 1698 verbis
624 1645 780 1714 expediam.
819 1645 958 1718 Vulgatae
976 1643 1046 1699 haec
1070 1646 1212 1699 sententia
1223 1652 1281 1714 esi,

126 1731 192 1768 sane
212 1734 297 1785 quam
317 1719 411 1769 facilis
430 1726 457 1768 et
476 1726 575 1768 acuta:
596 1718 640 1769 lta
657 1716 798 1767 virtutem
817 1723 846 1766 et
865 1716 1006 1784 quidquid
1024 1717 1057 1768 ab
1076 1720 1281 1787 eaprolectum

126 1785 174 1848 eit,
195 1788 275 1839 bonis
294 1788 424 1839 omnibus
443 1796 594 1858 antepono,
614 1795 646 1837 ut
665 1802 726 1837 eam
744 1786 834 1836 ausim
853 1785 950 1836 dicere
973 1787 1065 1837 solum
1088 1787 1196 1839 bonum
1223 1804 1281 1842 essa

148 1857 232 1922 otius,
252 1875 337 1925 quam
357 1875 500 1908 summum
519 1856 632 1908 bonum.
670 1856 822 1923 Antiquae,
841 1855 928 1907 haec:
949 1864 1061 1908 tantum
1080 1856 1187 1910 virtuti
1206 1867 1234 1912 et
1253 1861 1280 1912 ei

125 1872 209 1990 bono,
229 1929 305 1996 quod
324 1929 355 1978 ab
376 1946 407 1979 ea
426 1929 589 1996 proiectum
608 1927 655 1990 sit,
680 1925 787 1988 tribuo,
815 1934 857 1989 ut,
882 1927 906 1976 si
926 1927 990 1995 quis
1009 1936 1095 2002 neget
1123 1946 1180 1982 esse
1204 1947 1280 1981 sum·

126 2013 206 2047 mum
225 1999 338 2061 bonum,
359 2007 407 2049 aut
426 1998 502 2050 dicat
522 1997 639 2067 aliquod
658 2013 716 2048 esse
735 1996 824 2046 maius
844 2005 893 2047 aut
912 1996 1053 2066 superios,
1073 2000 1164 2050 ausim
1183 1999 1281 2053 dicere

125 2068 218 2118 solum
237 2085 295 2120 esse
314 2069 431 2119 bonum:
461 2066 517 2119 hoc
542 2077 592 2130 est,
621 2067 644 2117 si
668 2067 733 2135 quis
751 2066 824 2117 mihi
843 2083 900 2118 non
919 2068 1065 2133 concedat,
1093 2070 1170 2139 quod
1187 2087 1203 2121 a
1220 2072 1282 2123 rir-

125 2146 188 2189 tute
207 2139 412 2207 proficiscitur,
432 2139 462 2189 id
481 2156 539 2190 esse
558 2155 700 2189 summum
718 2136 840 2188 bonum:
868 2146 982 2188 tantum
999 2139 1086 2204 abest,
1113 2149 1145 2191 ut
1162 2140 1218 2192 hoc
1237 2158 1282 2195 ao·

125 2225 182 2276 quo
201 2211 295 2261 auimo
316 2212 415 2272 leram,
435 2218 467 2259 ut
486 2210 581 2277 potius
599 2207 798 2260 contenderim
819 2225 876 2258 csse
895 2209 987 2259 solum
1006 2209 1143 2260 bonum.“
1167 2209 1281 2265 Lambi-

125 2293 185 2331 nue.
223 2281 368 2331 Victorius
388 2280 463 2330 solus
482 2279 572 2332 edidit
592 2294 674 2347 quam
692 2293 912 2331 nonsummum
931 2279 1038 2344 bonum
1064 2289 1097 2331 ut
1121 2281 1232 2355 legitur
1250 2283 1281 2332 in

124 2349 254 2418 Gryphii
274 2351 357 2402 libro.
394 2351 446 2400 Est
465 2358 560 2402 autem
579 2349 649 2400 haec
667 2349 753 2400 huius
778 2348 837 2400 loci
861 2349 1018 2420 sententia:
1055 2359 1168 2401 tantum
1194 2352 1280 2417 abest,

124 2428 158 2470 ut
176 2437 318 2470 summum
343 2420 448 2471 bouum
476 2420 505 2471 id
529 2437 586 2471 esse
611 2437 723 2494 negem,
748 2427 780 2469 ut
799 2419 888 2471 citius
905 2419 999 2472 solum
1023 2437 1091 2482 esse,
1119 2438 1205 2490 quam
1223 2438 1281 2475 uon

124 2507 269 2541 summum
295 2492 401 2542 bonum
425 2491 479 2541 sim
512 2491 650 2541 dicturus.
695 2489 795 2542 Solum
828 2507 886 2542 esse
913 2490 1005 2543 Stoici
1029 2490 1150 2556 aiebant,
1186 2492 1280 2546 multo

123 2561 199 2630 plus,
224 2578 310 2628 quam
335 2561 396 2623 alii,
420 2560 540 2611 honesto
565 2561 742 2626 tribuentes;
770 2560 919 2613 Summum
946 2561 987 2612 ita
1016 2577 1076 2614 esse
1096 2563 1280 2632 Peripatetici

124 2631 297 2694 fatebantur,
317 2640 350 2681 ut
370 2631 499 2682 inbonis
517 2631 573 2682 alia
592 2633 734 2695 fortunae,
754 2631 892 2700 corporis,
922 2632 1011 2684 animi
1030 2631 1157 2684 habenda
1185 2651 1282 2688 cense-

125 2710 200 2753 rent.
209 2701 228 2729 “
247 2703 361 2753 Brutos.
400 2702 520 2764 „Laudo
549 2702 686 2772 scriptam
708 2703 865 2753 lectionem
888 2717 969 2769 qnam
996 2719 1062 2756 non
1081 2717 1216 2756 tumorum
1233 2705 1281 2759 bo·

124 2789 198 2824 num.
235 2774 278 2824 lta
296 2771 426 2839 fer-elib.
448 2771 484 2824 ll.
505 2771 623 2823 Finium
643 2771 678 2837 [c.
701 2771 773 2839 1sz
794 2779 878 2840 alque
896 2771 964 2824 daec
982 2780 1082 2827 contra
1091 2772 1279 2844 Aristippum,

125 2844 175 2912 qni
194 2857 255 2894 eam
281 2843 448 2909 voluptatem
477 2858 532 2894 non
557 2842 639 2895 modo
663 2858 808 2907 rammam,
836 2844 887 2896 aed
904 2845 993 2896 solam
1012 2846 1099 2898 etium
1117 2847 1219 2901 dicite
1245 2847 1279 2899 A.

124 2911 257 2966 Scitottue
275 2915 365 2966 Nodd.
386 2914 445 2965 Cic.
466 2932 494 2984 p.
515 2915 575 2968 327.
613 2913 668 2978 „N
673 2930 712 2966 on
730 2928 752 2965 e.
773 2914 797 2966 b.
832 2915 907 2967 Haec
927 2924 968 2967 est
988 2916 1064 2970 MSS.
1088 2918 1172 2970 codd.
1193 2919 1281 2971 etiam

123 2985 261 3041 Lambino
288 2993 370 3047 teste,
398 2985 554 3054 scriptura:
592 3003 678 3055 quam
698 2986 784 3037 etiam
802 2988 931 3053 praefert
950 2987 1074 3039 Victorii
1094 2989 1193 3053 editio,
1221 2986 1278 3042 Pal.

125 3065 217 3123 quart.
238 3056 312 3107 Pith.
332 3057 394 3108 Vat.
415 3057 478 3109 Ulr.
506 3073 599 3125 nuper
616 3056 752 3108 Schottua
778 3055 810 3120 [l.
831 3074 856 3108 c.
876 3058 913 3109 11.
936 3057 1017 3122 1³.]“
1041 3057 1176 3111 Gebhard.
1214 3061 1281 3111 Nou

123 3135 204 3177 recte
222 3127 370 3178 intellecta
389 3127 521 3179 Lambini
541 3127 743 3196 explicatione,
770 3143 854 3194 quam
874 3127 961 3179 nimis
987 3137 1120 3202 argutam
1143 3129 1279 3200 appellat,

123 3196 294 3248 Bouhier-ius
313 3197 441 3248 deletum
458 3197 571 3249 volebat
590 3212 652 3261 non,
675 3214 741 3249 cum
759 3213 817 3249 non
836 3199 875 3250 sit
900 3199 930 3248 iu
949 3199 1055 3250 duobus
1074 3200 1159 3252 Codd.
1181 3200 1278 3254 beidd.

124 3265 156 3315 iu
174 3266 277 3330 veteri,
297 3283 353 3335 qua
371 3268 513 3332 utebatur,
532 3267 585 3319 Ed.
607 3276 635 3320 ct
655 3268 686 3318 in
706 3269 891 3321 blanutianis:
917 3269 1022 3321 merito
1048 3269 1240 3339 reprehensus
1264 3289 1280 3324 a

123 3335 264 3388 Nisseuio.
303 3338 364 3388 Nec
384 3338 486 3389 melius
504 3337 660 3390 Bouhierio
679 3339 811 3392 Reiskius
835 3339 894 3391 loci
922 3340 1094 3392 senteutiam
1121 3340 1278 3407 intellexit,

122 3422 190 3458 cum
212 3423 276 3471 non,
305 3407 382 3475 quod
405 3425 420 3459 a
444 3408 500 3458 suis
519 3408 589 3460 Edd.
610 3409 704 3462 abesse
722 3409 849 3474 vidisset,
878 3410 1005 3463 deletum
1023 3410 1124 3464 vellet.
1169 3413 1280 3465 Habent

122 3484 218 3529 autem
237 3477 354 3546 probam
372 3477 560 3546 scriptionem
578 3479 663 3532 Godd.
685 3477 813 3549 quinque
824 3482 893 3532 osu.
905 3483 974 3557 lleg.
996 3481 1109 3552 (tryph.
1131 3484 1204 3536 Gud.
1218 3489 1241 3539 1.
1252 3486 1277 3539 ².

122 3547 147 3598 A
190 3547 300 3600 .Ilchd.
318 3548 391 3600 Gud.
408 3548 492 3600 Vind.
507 3551 566 3603 nl.
587 3551 677 3602 lilarb.
696 3552 767 3604 Edd.
788 3552 862 3603 Vict.
882 3553 949 3604 Ilob.
977 3552 1076 3620 steph.
1096 3553 1177 3606 Brut.
1197 3555 1278 3625 Sylb.

123 3565 213 3670 Giih.
227 3619 316 3671 Grou.
332 3619 405 3672 hall.
426 3620 497 3671 Eru.
518 3619 592 3673 oliv.
603 3639 665 3690 sqq.
685 3624 740 3674 Pro
758 3636 838 3689 quam
858 3641 932 3675 unus
944 3624 993 3677 Ox.
1014 3623 1100 3676 habet
1112 3627 1196 3692 quod·
1218 3627 1278 3679 Mr.

193 3709 282 3776 Atque
309 3713 339 3759 ut
363 3707 430 3760 doec
454 3709 489 3761 de
511 3706 633 3772 bonerto,
662 3708 729 3775 etc]
765 3711 809 3764 Ad
834 3719 914 3779 atque
930 3718 961 3764 nt
980 3731 1007 3762 v.
1033 3713 1139 3766 Handii
1163 3715 1280 3766 'lumel-

122 3775 174 3826 lin.
196 3777 217 3828 l.
238 3796 265 3847 p.
285 3780 346 3833 5⁰9.
384 3782 438 3832 Pro
456 3778 524 3832 laec
542 3790 584 3832 est
602 3777 652 3833 doc
671 3783 702 3833 in
720 3781 827 3833 duobus
847 3785 915 3835 O'xx.
936 3784 1005 3835 Edd.
1036 3785 1063 3835 P.
1085 3783 1117 3835 A.
1137 3784 1167 3835 Β.
1195 3784 1221 3836 S.
1242 3784 1276 3837 E.

121 3844 152 3898 C.
174 3848 205 3896 V.
226 3848 293 3898 llob.
314 3848 413 3918 steph.
434 3852 504 3903 Ven.
525 3861 613 3903 nostr.
635 3861 664 3904 et
679 3851 736 3903 Alt.
756 3851 816 3917 [sed
835 3853 865 3904 in
884 3854 939 3906 hac
957 3863 1121 3906 comeatum
1139 3862 1181 3907 est
1199 3853 1277 3923 laea]

117 3917 200 3970 dunt.
222 3917 285 3968 Asc.
307 3922 331 3971 l.
351 3922 376 3973 2.
398 3930 427 3973 ct
445 3938 480 3973 ex
498 3922 667 3986 Reiskianis,
687 3933 804 3993 praeter
820 3923 955 3987 laudatas,
974 3926 1045 3976 Ven.
1067 3929 1091 3978 l.
1112 3927 1137 3979 2.
1156 3926 1229 3978 Med.
1252 3930 1276 3982 l.

119 3991 146 4045 2.
173 3986 356 4040 ·Bouhierius
376 3991 406 4041 iu
425 4009 504 4062 seqq.
526 3991 690 4046 infeliciter
708 4002 813 4046 tentat:
834 3994 874 4048 st
893 3997 927 4048 de
945 3995 1025 4062 turpi
1043 4002 1185 4060 contra3
1205 3995 1279 4051 aitte

119 4066 176 4113 tom
196 4066 302 4114 eaerum
321 4068 374 4111 etc.
395 4061 461 4114 Cod.
484 4062 569 4114 llarb.
589 4063 672 4117 habet
693 4063 841 4117 nihilium
860 4066 1099 4120 contrarium.
1127 4066 1212 4121 Unus·
1226 4068 1275 4120 Ox.

118 4125 193 4187 nilo
210 4136 313 4184 tanta
332 4138 447 4189 erunt.
470 4132 543 4185 Gud.
564 4136 588 4188 2.
611 4135 686 4188 nibil
703 4143 761 4188 tam
780 4152 954 4202 amarum,
973 4137 1028 4190 nii
1047 4167 1078 4180 ·-
1098 4138 1194 4192 Duiab.
1223 4139 1278 4190 oet

119 4207 254 4271 tamam
292 4203 326 4254 In
346 4221 436 4279 marg.
457 4203 533 4257 Crat.
555 4204 667 4279 legitur
685 4214 742 4260 tom
761 4223 934 4276 asperum.
973 4210 1033 4262 Mr.

190 4290 271 4346 Quod
288 4293 316 4344 ei
334 4292 389 4345 liii
403 4309 570 4362 maeonium
588 4295 650 4361 ead]
688 4297 750 4348 Duo
768 4299 838 4351 Oxx.
860 4298 999 4351 omittunt
1018 4304 1068 4352 eat.
1089 4299 1123 4350 In
1141 4298 1274 4350 Edven.

118 4359 178 4412 Alt.
199 4370 241 4414 est
259 4361 330 4425 dixi,
350 4366 399 4417 sed
418 4367 449 4417 in
467 4383 557 4439 marg.
579 4378 744 4420 correctum
763 4367 874 4422 dixisti.
894 4368 961 4423 cod.
980 4369 1005 4421 A
1047 4409 1053 4420 .
1074 4369 1159 4422 habet
1178 4370 1275 4422 decore

117 4434 172 4500 pro
191 4431 330 4487 dedecore.
370 4436 433 4487 Post
451 4434 480 4488 n.
500 4455 528 4488 v.
549 4438 601 4490 Ed.
623 4440 670 4491 ur.
692 4439 774 4492 una.
795 4439 873 4492 addit
892 4456 958 4494 ecee.
1033 4457 1057 4493 r.
