2828 5070
121 302 161 369 Ὶθ
328 303 558 368 CICERONIS
579 301 826 373 ‘roselinum
849 303 1080 367 DISPUTAT.

121 477 222 533 cautu
242 477 277 533 et
296 467 417 534 fidibus
439 490 521 554 quae
543 469 717 532 harmonia
741 468 884 537 dicitur:
917 471 966 533 sic
986 489 1028 531 ex
1049 470 1204 551 corporis
1225 476 1278 531 to·
1319 474 1325 483 '

193 658 333 727 Corporis
352 655 539 726 intentionem]
578 663 636 713 Τοῦ
655 660 782 727 σώματος
800 655 932 713 ἐπίτασιν·
952 673 1010 711 non
1029 658 1109 711 enim
1127 665 1198 722 erat,
1222 673 1279 710 cur

120 731 149 782 P.
170 731 317 783 Manucius
334 730 368 783 de
387 739 546 801 postremae
563 732 643 783 vocis
662 731 831 806 integritate
851 729 1003 782 dubitaret.
1031 730 1112 782 Plato
1139 729 1171 780 iu
1188 728 1278 781 Phae·

120 801 185 854 don.
205 819 233 872 p.
253 804 313 857 388.
335 801 377 854 ed.
398 801 488 876 bugd.
527 793 612 871 Οἶμαι
631 801 717 870 ἔγωγε
734 804 780 855 καὶ
798 799 883 854 αὐτόν
909 818 940 855 σε
957 803 1039 854 τοῦτο
1058 800 1278 868 incoepissent,

120 872 163 927 du
181 873 290 926 τοιοῦτό
308 893 333 924 τι
349 873 466 939 μάλιστα
483 871 719 944 ὑπολαμβάνομεν
736 876 785 940 τὴν
803 877 899 940 ψυχὴν
916 865 996 928 εἶναι.
1021 873 1110 941 ὥςπερ
1134 867 1277 937 ἐντεταμέ-

119 961 169 997 νου
188 948 380 1014 τοῦσώματος
406 942 494 1012 ἡμῶν.
532 944 698 997 Lactantius
716 944 780 996 Div.
810 945 878 999 lust.
899 944 962 1008 vll,
984 947 1024 998 l&
1063 941 1140 997 Quin
1163 942 1279 995 Ann'cto·

119 1030 234 1081 scotice,¹
270 1015 414 1083 inegooit
433 1015 537 1069 omnino
555 1015 638 1068 anam
657 1030 717 1068 ecre
734 1016 857 1081 unimam,
887 1016 968 1068 eliam
990 1029 1046 1068 cum
1063 1012 1136 1065 uicit
1161 1012 1195 1065 in
1213 1028 1279 1065 cor·

116 1086 210 1154 pore?
228 1034 285 1139 iia
293 1086 367 1138 cicrct
376 1088 405 1139 in
414 1086 516 1152 fidibus
525 1103 561 1138 er
569 1087 731 1139 intentione
750 1102 892 1139 neruoram
910 1085 988 1152 effici
1005 1085 1164 1138 concordem
1183 1098 1278 1136 sonem

119 1166 173 1209 etc.
211 1157 290 1210 Idem
308 1157 342 1211 de
362 1157 436 1229 Opis.
457 1157 510 1210 Dei
528 1175 589 1227 cap.
609 1158 683 1223 XVI,
705 1159 745 1212 13.
784 1157 895 1210 Marici
913 1158 983 1210 enim
1002 1157 1192 1210 intentionem
1211 1171 1278 1208 eon-

119 1235 274 1297 centnmque
292 1244 436 1281 nervorum
460 1227 492 1281 in
519 1228 649 1295 integros
675 1229 766 1282 modos
790 1227 853 1281 sine
878 1228 936 1281 ullo
954 1226 1106 1295 offensione
1124 1240 1278 1279 consom-

119 1299 186 1352 tinm
204 1294 371 1355 harmoniam
388 1306 495 1353 uocant.
536 1299 639 1355 Volunt
657 1299 753 1366 igitar
770 1299 887 1352 animum
912 1299 1000 1352 simili
1017 1299 1130 1351 ratione
1147 1303 1278 1350 constare

118 1369 153 1423 in
177 1367 294 1433 bomine,
325 1387 378 1440 qna
403 1385 520 1424 concors
543 1369 692 1426 modulatio
719 1376 828 1423 constet
845 1370 878 1422 in
895 1371 1004 1437 fidibus.
1042 1369 1163 1422 Valeant
1182 1369 1280 1442 igitur

118 1441 152 1504 ii,
172 1441 223 1510 qui
241 1441 421 1495 incentionem
438 1440 488 1493 hic
508 1458 566 1493 esse
586 1441 777 1513 reponendam
795 1449 965 1494 statuerunt.
1004 1440 1084 1492 Hanc
1103 1447 1200 1493 autem
1213 1440 1279 1523 opi·

119 1511 237 1563 nionem
263 1511 405 1564 refellunt
423 1511 593 1564 Aristoteles
620 1513 654 1564 de
681 1513 777 1565 Anim.
806 1512 856 1563 lib.
876 1513 900 1564 1.
930 1528 990 1596 cap.
1010 1515 1036 1566 4.
1065 1519 1095 1565 et
1122 1510 1279 1563 Lucretius

119 1581 172 1704 ffl,
191 1584 243 1711 ι1317
258 1599 340 1704 ἕπῃ.
378 1582 535 1709 &tergeri
554 1581 664 1636 Galeno
682 1582 821 1654 placebat.
849 1583 921 1635 Vide
940 1582 1083 1634 isidorum
1100 1580 1277 1634 Pelusiotnm

135 1653 141 1666 '
164 1691 170 1704 .
231 1692 238 1711 ,
306 1662 353 1705 ret.
376 1659 390 1708 l
429 1692 434 1704 .
503 1691 509 1704 .

189 1670 318 1793 corporis
335 1723 512 1778 intentionem
530 1723 677 1797 qnondam]
714 1725 781 1778 cod.
809 1725 884 1778 Mon.
906 1728 929 1780 1.
958 1724 1011 1777 Ed.
1031 1723 1067 1775 Η.
1096 1721 1277 1776 intentionem

119 1794 212 1864 ipsius
230 1795 366 1865 corporis.
386 1796 439 1849 Ed.
459 1796 529 1848 Ven.
550 1795 738 1850 intensionem.
759 1797 833 1849 Mon.
854 1798 879 1857 2.
900 1795 1011 1847 omittit
1030 1795 1178 1864 quendum.
1206 1794 1279 1847 oes-

119 1883 206 1918 nerus
226 1866 257 1917 in
276 1852 435 1920 Chrestom.
464 1866 524 1919 Cic.
552 1885 579 1937 p.
600 1871 661 1922 aot.
681 1875 743 1938 post
762 1866 894 1937 qnondam
914 1882 1023 1918 cornum
1042 1865 1159 1930 delerit,
1188 1864 1278 1937 idque

119 1945 183 2008 post
210 1935 319 1990 dicitnr
336 1937 442 2008 posuit,
469 1937 573 1990 addens
600 1938 634 1991 ad
651 1956 679 1990 v.
700 1937 850 2006 quandum.-
877 1952 937 2001 „se
957 1935 1032 1989 dixit
1059 1953 1117 1990 esse
1135 1936 1276 1988 animum.

119 2007 389 2079 interpunctionem
416 2016 497 2061 recte
523 2027 539 2060 a
565 2026 611 2061 me
639 2009 824 2062 constitutam
870 2016 930 2059 uto.
969 2008 1052 2060 Grut.
1082 2008 1188 2060 incidit
1210 2016 1279 2079 post

120 2078 255 2147 quandam
279 2087 308 2130 et
335 2088 398 2201 post
425 2077 530 2132 dicitnr
549 2079 610 2132 inte
668 2098 687 2132 n
710 2079 765 2130 it.“
788 2025 934 2132 Reisiius:
961 2115 979 2143 ,.
1002 2085 1046 2130 ost
1070 2079 1206 2148 quondam
1233 2095 1278 2130 se-

119 2148 247 2202 micolon
266 2147 334 2201 exhi
354 2158 383 2203 et
402 2149 444 2202 ed.
465 2148 536 2202 Med.
558 2097 657 2222 sccii.
702 2151 739 2203 ol.
760 2158 789 2203 et
812 2157 952 2220 punctum
996 2149 1084 2214 ldina,
1111 2149 1188 2202 unde
1216 2150 1278 2203 col-

119 2217 182 2294 ligo
201 2219 327 2274 medium
345 2220 497 2274 secandum
515 2238 573 2274 esse
590 2238 653 2274 voc.
673 2220 749 2273 uelut
775 2220 842 2273 duas
861 2219 893 2272 in
911 2229 1016 2292 partes,
1044 2221 1133 2272 etsie
1160 2221 1279 2273 confor-

120 2290 255 2342 mandum
271 2291 385 2345 locum:
414 2291 565 2363 quondam:
590 2292 636 2345 uel
653 2291 778 2356 (scilicet
798 2291 863 2343 aliis
880 2290 977 2342 verbis
996 2290 1020 2342 si
1039 2290 1150 2343 dictum
1168 2290 1277 2356 malim)

120 2367 151 2414 nt
169 2361 283 2414 cantn.“
319 2361 470 2434 separavit
488 2363 533 2416 vel
548 2367 578 2414 nt
596 2362 783 2428 FAWolfius,
803 2362 901 2415 dicens
920 2362 951 2412 in
970 2359 1099 2415 Scholia:
1127 2361 1186 2417 tale
1205 2362 1277 2432 quid

119 2434 236 2488 sensisse
254 2433 302 2486 vel
321 2434 416 2487 simile
436 2434 505 2505 quid
522 2433 646 2488 voluisse
664 2433 830 2500 Ernestum‚
859 2432 910 2502 qui
937 2432 1017 2485 adh.
1037 2431 1058 2482 l.
1087 2433 1195 2498 „elem
1224 2432 1277 2497 ait,

121 2505 180 2557 erit
197 2505 348 2570 sententia,
368 2505 392 2557 si
412 2523 447 2558 ex
465 2505 538 2559 ceint
558 2505 712 2558 fecerimus
732 2511 759 2557 et
776 2510 816 2568 nt,
836 2503 883 2554 cui
902 2502 1002 2557 deinde
1027 2503 1181 2574 respondet
1199 2503 1280 2557 ric.“

120 2573 165 2627 Ad
183 2574 264 2627 illam
282 2575 394 2627 Reiskii
413 2576 624 2629 correctionem
633 2575 772 2628 Orellius:
793 2575 890 2640 „Haec
909 2574 990 2626 velut
1009 2575 1187 2645 appositione
1206 2591 1279 2645 qun·

121 2645 185 2697 darn
203 2645 438 2715 praecedentibus
457 2647 590 2699 adiuncta
609 2646 762 2699 eorundem
772 2646 923 2698 continent
933 2645 1169 2715 explicationem:
1231 2661 1278 2697 un

121 2716 238 2769 obrem
256 2715 337 2768 nolui
364 2715 481 2768 divisim
507 2716 633 2770 scribere
657 2716 702 2769 vel
719 2724 751 2769 ut
767 2734 834 2769 cum
850 2715 979 2780 Reiskio,
1003 2714 1116 2769 wolno
1139 2725 1169 2770 et
1209 2716 1277 2782 σὴς

33 2782 37 2791 ’
162 2786 312 2857 equidem
332 2804 367 2839 ex
386 2787 496 2840 ratione
515 2804 588 2839 nova
605 2787 775 2853 similitudo,
795 2788 829 2839 ab
846 2786 1008 2839 intentione
1026 2785 1078 2839 illa
1093 2787 1132 2839 eli
1210 2796 1278 2840 tum

120 2804 243 2922 diiersa,
261 2857 379 2910 videtur
397 2857 514 2911 inferri:
544 2875 616 2927 quae
635 2867 731 2912 tamen
749 2858 830 2910 nulla
849 2874 909 2911 esse
934 2856 1059 2928 potest.“
1095 2857 1139 2911 Ad
1160 2860 1200 2911 'ta
1228 2875 1278 2909 au-

121 2938 180 2982 tem
199 2945 257 2981 esse
276 2946 308 2982 ea
327 2927 409 2992 (velut
427 2929 495 2994 ete)
514 2928 591 2981 idem
610 2929 681 2981 dicit
700 2931 759 2994 Or,
779 2946 814 2982 ne
832 2927 920 2980 verba
943 2944 1019 2996 corp.
1038 2927 1278 2982 intentionem

121 2999 255 3085 quondam
274 2999 308 3052 de
326 2999 499 3053 contentione
516 3000 764 3075 intelligerentur,
784 3009 816 3052 ut
835 3008 877 3052 est
894 2998 978 3050 Tusc.
999 2999 1037 3050 ll.
1057 2997 1079 3062 i.
1100 3002 1143 3054 ⁶⁴.
1165 2999 1277 3052 amarer

120 3069 261 3125 :ntents'
269 3087 330 3124 one
349 3086 418 3123 eno:
439 3071 522 3140 eique
541 3079 621 3123 recte
640 3072 757 3123 assentit
775 3069 936 3123 Kiihnerus.
964 3068 1144 3123 intentionem
1162 3069 1279 3124 ἔντασιν

121 3143 231 3196 Graece
250 3143 461 3214 interpretatur
478 3141 686 3212 Wyttenbnch.
706 3142 740 3194 ad
758 3142 832 3194 Plut.
852 3140 886 3193 de
905 3139 934 3194 S.
954 3140 992 3192 N.
1011 3141 1045 3191 V.
1064 3158 1093 3211 p.
1115 3143 1174 3197 143.
1212 3141 1275 3195 Mc.

196 3231 270 3287 odo:
296 3231 328 3285 in
354 3236 435 3285 contu
461 3237 487 3283 et
514 3229 626 3297 fidibus]
663 3229 755 3283 Verba
781 3236 808 3283 et
834 3230 935 3296 fidibus
960 3247 1050 3300 usque
1074 3229 1109 3284 ad
1134 3228 1165 3282 in
1188 3236 1277 3282 contu

121 3302 199 3367 (ente
218 3303 312 3370 eonor)
339 3302 442 3355 desunt
460 3300 492 3353 in
510 3301 577 3354 cod.
597 3301 697 3366 Rehd,
724 3301 875 3354 aberrante
902 3299 1011 3353 scribae
1039 3301 1122 3354 oculo
1140 3317 1157 3352 a
1174 3302 1277 3370 priore

121 3374 153 3427 in
178 3380 260 3427 contu
287 3374 322 3426 ad
347 3374 496 3443 posterius.
533 3372 663 3437 Rathius,
690 3373 785 3424 nescio
833 3390 868 3424 ua
894 3370 1064 3425 emendandi
1088 3370 1211 3424 libidine
1229 3370 1278 3424 ab·

121 3453 230 3515 reptus,
254 3443 310 3496 hoc
337 3461 451 3527 quoque
478 3443 542 3496 loeo
561 3459 619 3495 non
645 3442 705 3514 pati
732 3442 798 3495 vult
812 3391 906 3525 ioqui
925 3440 1096 3496 Ciceronem
1113 3457 1163 3495 suo
1182 3458 1276 3510 more,
1331 3493 1332 3497 ,

122 3513 698 3638 mettin{zinllt‘nslfflffl²
719 3511 892 3637 '’citit’'
906 3513 1278 3638 mitittlillssttt
1314 3546 1317 3560 ”

121 3662 153 3708 ut
170 3663 290 3726 propter
307 3653 405 3706 verba:
427 3670 497 3723 quoe
516 3602 657 3707 narnatino
676 3603 790 3720 dicitui,
818 3654 905 3708 malle
924 3672 953 3708 se
972 3653 1013 3707 ait
1035 3653 1188 3709 intentione
1262 3684 1278 3697 -

122 3727 191 3792 nnn,
210 3734 243 3779 ut
261 3724 305 3778 sic
322 3740 378 3777 non
397 3742 463 3777 cum
481 3724 565 3792 velut,
585 3726 633 3778 sed
650 3743 717 3777 cum
736 3730 782 3779 tan
802 3741 865 3778 uam
883 3725 1115 3800 coniungendum
1133 3726 1181 3778 sit.
1202 3671 1279 3780 diib-

121 3807 167 3850 tra
184 3805 341 3866 utrumque
369 3795 517 3860 (linthium
535 3805 564 3849 et
581 3796 756 3862 Nissenium)
802 3799 808 3810 '
845 3805 907 3849 utat
932 3797 993 3850 Rrii
1014 3814 1079 3850 erus
1104 3797 1135 3848 in
1154 3798 1279 3873 egregio

120 3868 205 3928 libro,
234 3867 285 3937 qui
312 3866 497 3920 inscribitur:
535 3866 604 3920 Die
636 3866 876 3920 Attraction
913 3867 952 3919 in
988 3814 1056 3920 der
1081 3869 1161 3921 Lat.
1191 3867 1276 3940 Spr.

143 3977 149 3989 .
178 3940 236 3993 123.
266 3936 520 4002 (Untersuch.
549 3956 573 3989 a.
602 3937 1279 4009 d.Gebieted.11at.Sprachlebre

121 3957 200 4062 iaso.
221 4009 286 4073 111.)
306 4009 402 4059 locum
420 4008 555 4073 scribens,
575 4017 606 4061 ut
621 4008 759 4075 Wolfius,
778 4009 827 4062 sed
843 4008 888 4062 oei
905 4009 1069 4080 explicans:
1089 4009 1185 4063 oder
1201 4028 1234 4062 m
1244 4009 1279 4064 it

121 4079 272 4132 andern
290 4079 477 4142 werten,
504 4088 537 4130 ut
556 4080 653 4132 eadem
671 4080 812 4133 sententia
830 4079 958 4152 prodeat,
979 4073 1074 4151 'quam
1099 4080 1171 4134 huic
1189 4100 1206 4134 a
1226 4097 1280 4152 po-

120 4150 220 4203 sitioni
239 4150 329 4202 inesse
347 4149 412 4201 vult
431 4148 564 4202 Orellius.
603 4150 658 4204 Sed
681 4159 742 4204 tota
768 4152 829 4204 eius
847 4151 1003 4222 disputatio
1031 4152 1161 4228 legenda.
1247 4161 1278 4207 te

121 4236 192 4289 qnae
209 4220 432 4272 subaudiendum
451 4238 510 4274 esse
528 4222 570 4274 ait
588 4238 630 4285 ec,
658 4221 824 4292 similesque
843 4221 990 4275 Ciceronis
1008 4221 1085 4276 locos
1111 4242 1139 4294 p.
1162 4225 1215 4279 122
1233 4242 1277 4295 sq.

121 4291 213 4346 affert.
236 4323 268 4333 -
287 4293 321 4345 In
340 4310 419 4361 seqq.
439 4292 579 4344 scribitur
597 4293 686 4346 totins
704 4293 832 4362 corporis
851 4293 882 4344 in
901 4292 1094 4347 Codd.Duisb.
1113 4294 1238 4347 etVind.
1253 4299 1276 4350 Ι.

120 4363 264 4435 posterior
280 4379 333 4432 pro
353 4369 385 4415 et
402 4365 497 4430 figura
515 4362 727 4434 habeturque
744 4365 846 4430 figura.
867 4365 933 4417 Cod.
954 4364 1028 4416 Gud.
1048 4367 1074 4420 2.
1095 4366 1212 4419 inverso
1231 4383 1280 4420 or·

121 4436 187 4488 dine
206 4434 236 4487 in
253 4434 352 4499 fidibus
370 4440 396 4486 el
415 4430 518 4489 contn.'
543 4435 603 4487 Mr.
