<?xml version="1.0" encoding="UTF-8"?>
<!DOCTYPE html PUBLIC "-//W3C//DTD XHTML 1.0 Transitional//EN"
    "http://www.w3.org/TR/xhtml1/DTD/xhtml1-transitional.dtd">
<html xmlns="http://www.w3.org/1999/xhtml" xml:lang="en" lang="en">
 <head>
  <title>
</title>
<meta http-equiv="Content-Type" content="text/html;charset=utf-8" />
  <meta name='ocr-system' content='tesseract 3.04.00' />
  <meta name='ocr-capabilities' content='ocr_page ocr_carea ocr_par ocr_line ocrx_word'/>
</head>
<body>
  <div class='ocr_page' id='page_1' title='image "./mtulliiciceroni01davigoog_0273.png"; bbox 0 0 2828 5070; ppageno 0'>
   <div class='ocr_carea' id='block_1_1' title="bbox 205 298 1158 373">
    <p class='ocr_par' dir='ltr' id='par_1_1' title="bbox 205 298 1158 373">
     <span class='ocr_line' id='line_1_1' title="bbox 205 298 1158 373; baseline -0.009 0"><span class='ocrx_word' id='word_1_1' title='bbox 205 306 272 373; x_wconf 62' lang='grc' dir='ltr'><strong>Μ</strong></span> <span class='ocrx_word' id='word_1_2' title='bbox 401 301 635 365; x_wconf 78' lang='lat' dir='ltr'>CICERONIS</span> <span class='ocrx_word' id='word_1_3' title='bbox 653 298 904 365; x_wconf 67' lang='lat' dir='ltr'><strong>TUSCULAN.</strong></span> <span class='ocrx_word' id='word_1_4' title='bbox 927 299 1158 364; x_wconf 75' lang='lat' dir='ltr'><strong>DISPUTA&#39;I&#39;.</strong></span> 
     </span>
    </p>
   </div>
   <div class='ocr_carea' id='block_1_2' title="bbox 207 428 1081 550">
    <p class='ocr_par' dir='ltr' id='par_1_2' title="bbox 207 428 1081 550">
     <span class='ocr_line' id='line_1_2' title="bbox 207 428 1081 550; baseline -0.007 -17"><span class='ocrx_word' id='word_1_5' title='bbox 207 469 390 544; x_wconf 82' lang='lat' dir='ltr'>dedissent,</span> <span class='ocrx_word' id='word_1_6' title='bbox 410 469 530 550; x_wconf 86' lang='lat' dir='ltr'>quibus</span> <span class='ocrx_word' id='word_1_7' title='bbox 552 470 680 530; x_wconf 82' lang='lat' dir='ltr'>cnecsti</span> <span class='ocrx_word' id='word_1_8' title='bbox 699 428 754 529; x_wconf 61' lang='lat' dir='ltr'>iel</span> <span class='ocrx_word' id='word_1_9' title='bbox 775 466 967 528; x_wconf 83' lang='lat' dir='ltr'>domesticis</span> <span class='ocrx_word' id='word_1_10' title='bbox 987 468 1081 527; x_wconf 79' lang='lat' dir='ltr'>vitiis</span> 
     </span>
    </p>
   </div>
   <div class='ocr_carea' id='block_1_3' title="bbox 1185 467 1370 567">
    <p class='ocr_par' dir='ltr' id='par_1_3' title="bbox 1185 467 1370 567">
     <span class='ocr_line' id='line_1_3' title="bbox 1185 467 1370 567; baseline 0 -38"><span class='ocrx_word' id='word_1_11' title='bbox 1185 485 1206 529; x_wconf 70' lang='grc' dir='ltr'><strong>ο</strong></span> <span class='ocrx_word' id='word_1_12' title='bbox 1225 467 1370 567; x_wconf 58' lang='lat' dir='ltr'>mnus·</span> 
     </span>
    </p>
   </div>
   <div class='ocr_carea' id='block_1_4' title="bbox 200 474 1370 634">
    <p class='ocr_par' dir='ltr' id='par_1_4' title="bbox 200 474 1370 634">
     <span class='ocr_line' id='line_1_4' title="bbox 200 474 1370 634; baseline -0.006 -18"><span class='ocrx_word' id='word_1_13' title='bbox 200 572 242 616; x_wconf 79' lang='lat' dir='ltr'>ns</span> <span class='ocrx_word' id='word_1_14' title='bbox 264 552 541 634; x_wconf 68' lang='lat' dir='ltr'>inquinavissent,</span> <span class='ocrx_word' id='word_1_15' title='bbox 574 553 630 612; x_wconf 76' lang='lat' dir='ltr'>rel</span> <span class='ocrx_word' id='word_1_16' title='bbox 658 569 698 610; x_wconf 84' lang='lat' dir='ltr'>rc</span> <span class='ocrx_word' id='word_1_17' title='bbox 723 550 858 631; x_wconf 85' lang='lat' dir='ltr'>publice</span> <span class='ocrx_word' id='word_1_18' title='bbox 884 548 1041 610; x_wconf 82' lang='lat' dir='ltr'>vinlsuds</span> <span class='ocrx_word' id='word_1_19' title='bbox 1060 474 1194 610; x_wconf 54' lang='lat' dir='ltr'>iram</span> <span class='ocrx_word' id='word_1_20' title='bbox 1214 550 1370 630; x_wconf 74' lang='lat' dir='ltr'>inexpen-</span> 
     </span>
    </p>
   </div>
   <div class='ocr_carea' id='block_1_5' title="bbox 194 731 1371 4263">
    <p class='ocr_par' dir='ltr' id='par_1_5' title="bbox 205 731 1371 1154">
     <span class='ocr_line' id='line_1_5' title="bbox 207 731 1370 817; baseline -0.006 -25"><span class='ocrx_word' id='word_1_21' title='bbox 207 739 362 792; x_wconf 76' lang='lat' dir='ltr'>Ktibnerus</span> <span class='ocrx_word' id='word_1_22' title='bbox 381 745 411 790; x_wconf 84' lang='lat' dir='ltr'>et</span> <span class='ocrx_word' id='word_1_23' title='bbox 429 737 490 800; x_wconf 88' lang='lat' dir='ltr'>Or.)</span> <span class='ocrx_word' id='word_1_24' title='bbox 512 736 630 817; x_wconf 71' lang='lat' dir='ltr'>Frsgm.</span> <span class='ocrx_word' id='word_1_25' title='bbox 650 735 800 786; x_wconf 77' lang='lat' dir='ltr'>Hortensii</span> <span class='ocrx_word' id='word_1_26' title='bbox 818 734 1003 786; x_wconf 81' lang='lat' dir='ltr'>Ciceronieni</span> <span class='ocrx_word' id='word_1_27' title='bbox 1026 750 1055 801; x_wconf 90' lang='lat' dir='ltr'>p.</span> <span class='ocrx_word' id='word_1_28' title='bbox 1078 735 1156 788; x_wconf 74' lang='grc'><strong>1098.</strong></span> <span class='ocrx_word' id='word_1_29' title='bbox 1183 731 1275 786; x_wconf 76' lang='lat' dir='ltr'>Ern:</span> <span class='ocrx_word' id='word_1_30' title='bbox 1312 749 1370 802; x_wconf 67' lang='lat' dir='ltr'>qus</span> 
     </span>
     <span class='ocr_line' id='line_1_6' title="bbox 205 802 1370 874; baseline -0.006 -11"><span class='ocrx_word' id='word_1_31' title='bbox 205 811 301 863; x_wconf 76' lang='lat' dir='ltr'>minus</span> <span class='ocrx_word' id='word_1_32' title='bbox 319 826 348 863; x_wconf 84' lang='lat' dir='ltr'>ss</span> <span class='ocrx_word' id='word_1_33' title='bbox 366 808 482 873; x_wconf 68' lang='lat' dir='ltr'>(nmini)</span> <span class='ocrx_word' id='word_1_34' title='bbox 500 807 706 859; x_wconf 66' lang='lat' dir='ltr'>admiscuerint</span> <span class='ocrx_word' id='word_1_35' title='bbox 732 812 815 874; x_wconf 73' lang='lat' dir='ltr'>etque</span> <span class='ocrx_word' id='word_1_36' title='bbox 837 805 1030 872; x_wconf 72' lang='lat' dir='ltr'>implicuerint</span> <span class='ocrx_word' id='word_1_37' title='bbox 1053 802 1226 855; x_wconf 78' lang='lat' dir='ltr'>inminens</span> <span class='ocrx_word' id='word_1_38' title='bbox 1250 803 1291 857; x_wconf 84' lang='lat' dir='ltr'>ni</span> <span class='ocrx_word' id='word_1_39' title='bbox 1298 805 1349 854; x_wconf 83' lang='lat' dir='ltr'>tii</span> <span class='ocrx_word' id='word_1_40' title='bbox 1356 820 1370 856; x_wconf 95' lang='lat' dir='ltr'>s</span> 
     </span>
     <span class='ocr_line' id='line_1_7' title="bbox 206 872 1370 951; baseline -0.01 -16"><span class='ocrx_word' id='word_1_41' title='bbox 206 888 292 951; x_wconf 84' lang='lat' dir='ltr'>ntqne</span> <span class='ocrx_word' id='word_1_42' title='bbox 309 880 465 933; x_wconf 69' lang='lat' dir='ltr'>mribus.</span> <span class='ocrx_word' id='word_1_43' title='bbox 502 876 774 931; x_wconf 62' lang='lat' dir='ltr'>sustentaremus</span> <span class='ocrx_word' id='word_1_44' title='bbox 793 892 879 928; x_wconf 84' lang='lat' dir='ltr'>voces</span> <span class='ocrx_word' id='word_1_45' title='bbox 898 873 1061 940; x_wconf 65' lang='lat' dir='ltr'>sisinninm</span> <span class='ocrx_word' id='word_1_46' title='bbox 1079 875 1148 925; x_wconf 76' lang='lat' dir='ltr'>sessi</span> <span class='ocrx_word' id='word_1_47' title='bbox 1166 872 1188 929; x_wconf 86' lang='lat' dir='ltr'>l.</span> <span class='ocrx_word' id='word_1_48' title='bbox 1207 888 1233 930; x_wconf 68' lang='lat' dir='ltr'>c.</span> <span class='ocrx_word' id='word_1_49' title='bbox 1264 874 1370 943; x_wconf 72' lang='lat' dir='ltr'>paullo</span> 
     </span>
     <span class='ocr_line' id='line_1_8' title="bbox 205 944 1370 1016; baseline -0.007 -11"><span class='ocrx_word' id='word_1_50' title='bbox 205 953 344 1011; x_wconf 69' lang='lat' dir='ltr'>hiterius,</span> <span class='ocrx_word' id='word_1_51' title='bbox 375 958 404 1002; x_wconf 88' lang='lat' dir='ltr'>et</span> <span class='ocrx_word' id='word_1_52' title='bbox 429 948 557 1003; x_wconf 77' lang='lat' dir='ltr'>Juucutn</span> <span class='ocrx_word' id='word_1_53' title='bbox 581 965 627 1016; x_wconf 80' lang='lat' dir='ltr'>sp-</span> <span class='ocrx_word' id='word_1_54' title='bbox 647 946 840 1001; x_wconf 72' lang='lat' dir='ltr'>stenem</span> <span class='ocrx_word' id='word_1_55' title='bbox 865 945 1002 1010; x_wconf 82' lang='lat' dir='ltr'>(cxvtt)</span> <span class='ocrx_word' id='word_1_56' title='bbox 1025 944 1049 1009; x_wconf 61' lang='lat' dir='ltr'>i.</span> <span class='ocrx_word' id='word_1_57' title='bbox 1069 947 1095 1000; x_wconf 77' lang='grc'>9.</span> <span class='ocrx_word' id='word_1_58' title='bbox 1114 963 1144 1014; x_wconf 85' lang='lat' dir='ltr'>p·</span> <span class='ocrx_word' id='word_1_59' title='bbox 1163 946 1224 1001; x_wconf 71' lang='grc'>598-</span> <span class='ocrx_word' id='word_1_60' title='bbox 1255 944 1310 1013; x_wconf 78' lang='lat' dir='ltr'>qui</span> <span class='ocrx_word' id='word_1_61' title='bbox 1336 962 1370 999; x_wconf 78' lang='lat' dir='ltr'>ea</span> 
     </span>
     <span class='ocr_line' id='line_1_9' title="bbox 205 1014 1371 1154; baseline 0.001 -16"><span class='ocrx_word' id='word_1_62' title='bbox 205 1022 334 1145; x_wconf 60' lang='lat' dir='ltr'>pop</span> <span class='ocrx_word' id='word_1_63' title='bbox 358 1018 521 1144; x_wconf 53' lang='lat' dir='ltr'>i&#39;i‘lt‘t</span> <span class='ocrx_word' id='word_1_64' title='bbox 549 1021 660 1141; x_wconf 57' lang='lat' dir='ltr'>&#39;tin</span> <span class='ocrx_word' id='word_1_65' title='bbox 676 1016 945 1141; x_wconf 62' lang='grc' dir='ltr'>80ἱῖ’“““”..““ἔῑὶ.ἳ</span> <span class='ocrx_word' id='word_1_66' title='bbox 968 1015 1209 1154; x_wconf 51' lang='lat' dir='ltr'>mitiis</span> <span class='ocrx_word' id='word_1_67' title='bbox 1224 1014 1371 1139; x_wconf 61' lang='lat' dir='ltr'>nteit</span> 
     </span>
     <span class='ocr_line' id='line_1_10' title="bbox 233 1106 954 1145; baseline -0.01 -1"><span class='ocrx_word' id='word_1_68' title='bbox 233 1107 565 1145; x_wconf 68' lang='lat' dir='ltr'>il·lll··ll·0</span> <span class='ocrx_word' id='word_1_69' title='bbox 662 1106 817 1142; x_wconf 64' lang='grc' dir='ltr'><strong>οῖθ.8ῑὶ</strong></span> <span class='ocrx_word' id='word_1_70' title='bbox 946 1125 954 1137; x_wconf 84' lang='grc'>.</span> 
     </span>
    </p>

    <p class='ocr_par' dir='ltr' id='par_1_6' title="bbox 194 1111 1371 1567">
     <span class='ocr_line' id='line_1_11' title="bbox 207 1111 1371 1228; baseline -0.003 -12"><span class='ocrx_word' id='word_1_71' title='bbox 207 1111 285 1216; x_wconf 58' lang='lat' dir='ltr'>rungt.</span> <span class='ocrx_word' id='word_1_72' title='bbox 324 1162 434 1213; x_wconf 76' lang='lat' dir='ltr'>bocum</span> <span class='ocrx_word' id='word_1_73' title='bbox 455 1162 534 1213; x_wconf 88' lang='lat' dir='ltr'>iuter</span> <span class='ocrx_word' id='word_1_74' title='bbox 551 1177 581 1212; x_wconf 82' lang='lat' dir='ltr'>se</span> <span class='ocrx_word' id='word_1_75' title='bbox 599 1166 842 1228; x_wconf 70' lang='lat' dir='ltr'>permutaverunt</span> <span class='ocrx_word' id='word_1_76' title='bbox 860 1157 947 1210; x_wconf 80' lang='lat' dir='ltr'>verbe</span> <span class='ocrx_word' id='word_1_77' title='bbox 973 1157 1240 1209; x_wconf 68' lang='lat' dir='ltr'>contaminavissent</span> <span class='ocrx_word' id='word_1_78' title='bbox 1266 1163 1296 1210; x_wconf 81' lang='lat' dir='ltr'>et</span> <span class='ocrx_word' id='word_1_79' title='bbox 1320 1156 1371 1213; x_wconf 65' lang='grc' dir='ltr'>ἐκ·</span> 
     </span>
     <span class='ocr_line' id='line_1_12' title="bbox 204 1225 1370 1302; baseline -0.005 -17"><span class='ocrx_word' id='word_1_80' title='bbox 204 1232 400 1302; x_wconf 73' lang='lat' dir='ltr'>quintrisssst</span> <span class='ocrx_word' id='word_1_81' title='bbox 419 1233 451 1284; x_wconf 90' lang='lat' dir='ltr'>in</span> <span class='ocrx_word' id='word_1_82' title='bbox 470 1247 528 1282; x_wconf 89' lang='lat' dir='ltr'>uno</span> <span class='ocrx_word' id='word_1_83' title='bbox 546 1230 597 1284; x_wconf 83' lang='lat' dir='ltr'>Ox.</span> <span class='ocrx_word' id='word_1_84' title='bbox 608 1228 697 1282; x_wconf 76' lang='lat' dir='ltr'>Rebsl.</span> <span class='ocrx_word' id='word_1_85' title='bbox 717 1238 747 1282; x_wconf 90' lang='lat' dir='ltr'>et</span> <span class='ocrx_word' id='word_1_86' title='bbox 765 1232 840 1281; x_wconf 77' lang='lat' dir='ltr'>bion.</span> <span class='ocrx_word' id='word_1_87' title='bbox 855 1231 900 1293; x_wconf 76' lang='lat'>23</span> <span class='ocrx_word' id='word_1_88' title='bbox 918 1228 962 1280; x_wconf 84' lang='lat' dir='ltr'>bis</span> <span class='ocrx_word' id='word_1_89' title='bbox 981 1227 1122 1279; x_wconf 78' lang='lat' dir='ltr'>scribitur</span> <span class='ocrx_word' id='word_1_90' title='bbox 1139 1226 1223 1295; x_wconf 84' lang='lat' dir='ltr'>prius</span> <span class='ocrx_word' id='word_1_91' title='bbox 1241 1226 1276 1278; x_wconf 84' lang='lat' dir='ltr'>in</span> <span class='ocrx_word' id='word_1_92' title='bbox 1293 1225 1370 1280; x_wconf 80' lang='lat' dir='ltr'>elno-</span> 
     </span>
     <span class='ocr_line' id='line_1_13' title="bbox 194 1297 1370 1372; baseline -0.005 -17"><span class='ocrx_word' id='word_1_93' title='bbox 194 1304 260 1357; x_wconf 84' lang='lat' dir='ltr'>.bue</span> <span class='ocrx_word' id='word_1_94' title='bbox 288 1302 372 1365; x_wconf 71' lang='lat' dir='ltr'>01th</span> <span class='ocrx_word' id='word_1_95' title='bbox 398 1301 543 1372; x_wconf 73' lang='lat' dir='ltr'>posterius</span> <span class='ocrx_word' id='word_1_96' title='bbox 566 1303 598 1353; x_wconf 91' lang='lat' dir='ltr'>in</span> <span class='ocrx_word' id='word_1_97' title='bbox 624 1315 690 1351; x_wconf 90' lang='lat' dir='ltr'>uno.</span> <span class='ocrx_word' id='word_1_98' title='bbox 733 1297 776 1351; x_wconf 89' lang='lat' dir='ltr'>De</span> <span class='ocrx_word' id='word_1_99' title='bbox 801 1298 892 1351; x_wconf 78' lang='lat' dir='ltr'>verbo</span> <span class='ocrx_word' id='word_1_100' title='bbox 918 1306 1052 1366; x_wconf 88' lang='lat' dir='ltr'>utroque,</span> <span class='ocrx_word' id='word_1_101' title='bbox 1081 1312 1238 1365; x_wconf 85' lang='lat' dir='ltr'>eorumque</span> <span class='ocrx_word' id='word_1_102' title='bbox 1261 1315 1320 1351; x_wconf 75' lang='lat' dir='ltr'>usn</span> <span class='ocrx_word' id='word_1_103' title='bbox 1338 1306 1370 1351; x_wconf 89' lang='lat' dir='ltr'>et</span> 
     </span>
     <span class='ocr_line' id='line_1_14' title="bbox 204 1365 1370 1509; baseline -0.005 -10"><span class='ocrx_word' id='word_1_104' title='bbox 204 1368 815 1508; x_wconf 52' lang='lat' dir='ltr'>{institututumn</span> <span class='ocrx_word' id='word_1_105' title='bbox 829 1365 1252 1492; x_wconf 59' lang='lat' dir='ltr'>inuniunt·</span> <span class='ocrx_word' id='word_1_106' title='bbox 1267 1371 1370 1509; x_wconf 68' lang='lat' dir='ltr'>nt.-</span> 
     </span>
     <span class='ocr_line' id='line_1_15' title="bbox 196 1460 1370 1505; baseline 0.012 -14"><span class='ocrx_word' id='word_1_107' title='bbox 196 1484 201 1495; x_wconf 87' lang='lat'><strong>.</strong></span> <span class='ocrx_word' id='word_1_108' title='bbox 374 1462 395 1494; x_wconf 82' lang='grc' dir='ltr'>ΙΙ</span> <span class='ocrx_word' id='word_1_109' title='bbox 568 1460 573 1472; x_wconf 76' lang='lat'><strong><em>⁴</em></strong></span> <span class='ocrx_word' id='word_1_110' title='bbox 1215 1474 1234 1503; x_wconf 71' lang='lat'>¹9</span> <span class='ocrx_word' id='word_1_111' title='bbox 1365 1496 1370 1505; x_wconf 91' lang='lat'><strong>.</strong></span> 
     </span>
     <span class='ocr_line' id='line_1_16' title="bbox 204 1512 592 1567; baseline -0.021 0"><span class='ocrx_word' id='word_1_112' title='bbox 204 1528 237 1567; x_wconf 71' lang='lat' dir='ltr'>ts</span> <span class='ocrx_word' id='word_1_113' title='bbox 256 1512 420 1565; x_wconf 75' lang='lat' dir='ltr'>necessaris</span> <span class='ocrx_word' id='word_1_114' title='bbox 440 1519 493 1564; x_wconf 82' lang='lat' dir='ltr'>est.</span> <span class='ocrx_word' id='word_1_115' title='bbox 532 1512 592 1565; x_wconf 81' lang='lat' dir='ltr'>Mr.</span> 
     </span>
    </p>

    <p class='ocr_par' dir='ltr' id='par_1_7' title="bbox 202 1579 1371 2207">
     <span class='ocr_line' id='line_1_17' title="bbox 277 1579 1370 1649; baseline -0.001 -15"><span class='ocrx_word' id='word_1_116' title='bbox 277 1581 444 1634; x_wconf 74' lang='lat' dir='ltr'>libidinibus</span> <span class='ocrx_word' id='word_1_117' title='bbox 463 1579 665 1647; x_wconf 87' lang='lat' dir='ltr'>dedissent]</span> <span class='ocrx_word' id='word_1_118' title='bbox 694 1581 737 1633; x_wconf 82' lang='lat' dir='ltr'>lts</span> <span class='ocrx_word' id='word_1_119' title='bbox 755 1579 856 1640; x_wconf 70' lang='lat' dir='ltr'>eote,</span> <span class='ocrx_word' id='word_1_120' title='bbox 886 1588 1030 1649; x_wconf 83' lang='lat' dir='ltr'>quotquot</span> <span class='ocrx_word' id='word_1_121' title='bbox 1047 1580 1127 1642; x_wconf 81' lang='lat' dir='ltr'>nori,</span> <span class='ocrx_word' id='word_1_122' title='bbox 1152 1594 1262 1643; x_wconf 88' lang='lat' dir='ltr'>omnes,</span> <span class='ocrx_word' id='word_1_123' title='bbox 1279 1594 1370 1648; x_wconf 81' lang='lat' dir='ltr'>prse-</span> 
     </span>
     <span class='ocr_line' id='line_1_18' title="bbox 204 1648 1368 1707; baseline -0.004 -2"><span class='ocrx_word' id='word_1_124' title='bbox 204 1659 284 1706; x_wconf 75' lang='lat' dir='ltr'>tms</span> <span class='ocrx_word' id='word_1_125' title='bbox 302 1652 375 1705; x_wconf 71' lang='lat' dir='ltr'>End.</span> <span class='ocrx_word' id='word_1_126' title='bbox 395 1654 467 1706; x_wconf 84' lang='lat' dir='ltr'>Ven.</span> <span class='ocrx_word' id='word_1_127' title='bbox 496 1660 585 1705; x_wconf 83' lang='lat' dir='ltr'>nostr.</span> <span class='ocrx_word' id='word_1_128' title='bbox 612 1650 701 1705; x_wconf 85' lang='lat' dir='ltr'>Goth.</span> <span class='ocrx_word' id='word_1_129' title='bbox 727 1651 825 1703; x_wconf 70' lang='lat' dir='ltr'>lntnb.</span> <span class='ocrx_word' id='word_1_130' title='bbox 851 1651 933 1707; x_wconf 78' lang='lat' dir='ltr'>Boul.</span> <span class='ocrx_word' id='word_1_131' title='bbox 959 1653 1047 1704; x_wconf 86' lang='lat' dir='ltr'>Grnt.</span> <span class='ocrx_word' id='word_1_132' title='bbox 1071 1649 1155 1702; x_wconf 83' lang='lat' dir='ltr'>Verb.</span> <span class='ocrx_word' id='word_1_133' title='bbox 1176 1649 1268 1702; x_wconf 86' lang='lat' dir='ltr'>Gron.</span> <span class='ocrx_word' id='word_1_134' title='bbox 1287 1648 1368 1703; x_wconf 77' lang='lat' dir='ltr'>our.</span> 
     </span>
     <span class='ocr_line' id='line_1_19' title="bbox 204 1718 1371 1791; baseline 0 -18"><span class='ocrx_word' id='word_1_135' title='bbox 204 1720 276 1774; x_wconf 82' lang='lat' dir='ltr'>st.</span> <span class='ocrx_word' id='word_1_136' title='bbox 298 1722 371 1787; x_wconf 79' lang='lat' dir='ltr'>(Ed.</span> <span class='ocrx_word' id='word_1_137' title='bbox 392 1723 438 1783; x_wconf 79' lang='lat'>3.)</span> <span class='ocrx_word' id='word_1_138' title='bbox 467 1721 516 1775; x_wconf 88' lang='lat' dir='ltr'>Or.</span> <span class='ocrx_word' id='word_1_139' title='bbox 554 1721 693 1791; x_wconf 78' lang='lat' dir='ltr'>Reliquae</span> <span class='ocrx_word' id='word_1_140' title='bbox 718 1721 923 1774; x_wconf 80' lang='lat' dir='ltr'>dedidissent=</span> <span class='ocrx_word' id='word_1_141' title='bbox 953 1721 1031 1790; x_wconf 86' lang='lat' dir='ltr'>quod</span> <span class='ocrx_word' id='word_1_142' title='bbox 1112 1719 1176 1772; x_wconf 84' lang='lat' dir='ltr'>vius</span> <span class='ocrx_word' id='word_1_143' title='bbox 1203 1737 1265 1773; x_wconf 82' lang='lat' dir='ltr'>esse</span> <span class='ocrx_word' id='word_1_144' title='bbox 1289 1718 1371 1773; x_wconf 82' lang='lat' dir='ltr'>dicit</span> 
     </span>
     <span class='ocr_line' id='line_1_20' title="bbox 202 1788 1368 1862; baseline -0.003 -17"><span class='ocrx_word' id='word_1_145' title='bbox 202 1791 371 1857; x_wconf 75' lang='lat' dir='ltr'>Ktihnsrus,</span> <span class='ocrx_word' id='word_1_146' title='bbox 397 1792 522 1845; x_wconf 76' lang='lat' dir='ltr'>laudatis</span> <span class='ocrx_word' id='word_1_147' title='bbox 547 1791 645 1846; x_wconf 79' lang='lat' dir='ltr'>Sumo.</span> <span class='ocrx_word' id='word_1_148' title='bbox 670 1791 749 1862; x_wconf 80' lang='lat' dir='ltr'>Scip.</span> <span class='ocrx_word' id='word_1_149' title='bbox 769 1795 795 1846; x_wconf 78' lang='grc'>9.</span> <span class='ocrx_word' id='word_1_150' title='bbox 824 1791 870 1856; x_wconf 85' lang='lat' dir='ltr'>(de</span> <span class='ocrx_word' id='word_1_151' title='bbox 894 1791 934 1844; x_wconf 85' lang='lat' dir='ltr'>Re</span> <span class='ocrx_word' id='word_1_152' title='bbox 956 1830 963 1841; x_wconf 91' lang='lat'><strong>.</strong></span> <span class='ocrx_word' id='word_1_153' title='bbox 988 1792 1036 1847; x_wconf 83' lang='lat' dir='ltr'>Vl.</span> <span class='ocrx_word' id='word_1_154' title='bbox 1074 1791 1114 1855; x_wconf 88' lang='grc'>6.)</span> <span class='ocrx_word' id='word_1_155' title='bbox 1138 1788 1200 1841; x_wconf 77' lang='lat' dir='ltr'>Cat·</span> <span class='ocrx_word' id='word_1_156' title='bbox 1225 1789 1293 1855; x_wconf 69' lang='lat' dir='ltr'>mei·</span> <span class='ocrx_word' id='word_1_157' title='bbox 1315 1794 1368 1846; x_wconf 82' lang='lat'>13:</span> 
     </span>
     <span class='ocr_line' id='line_1_21' title="bbox 205 1860 1369 1933; baseline -0.005 -14"><span class='ocrx_word' id='word_1_158' title='bbox 205 1864 254 1919; x_wconf 87' lang='lat' dir='ltr'>ubi</span> <span class='ocrx_word' id='word_1_159' title='bbox 274 1871 318 1917; x_wconf 76' lang='lat' dir='ltr'>est</span> <span class='ocrx_word' id='word_1_160' title='bbox 338 1863 526 1931; x_wconf 58' lang='lat' dir='ltr'>compotibus</span> <span class='ocrx_word' id='word_1_161' title='bbox 544 1880 575 1917; x_wconf 87' lang='lat' dir='ltr'>ss</span> <span class='ocrx_word' id='word_1_162' title='bbox 598 1863 825 1917; x_wconf 79' lang='lat' dir='ltr'>dediderunt.</span> <span class='ocrx_word' id='word_1_163' title='bbox 865 1860 925 1926; x_wconf 83' lang='lat' dir='ltr'>Quo</span> <span class='ocrx_word' id='word_1_164' title='bbox 964 1871 1075 1914; x_wconf 82' lang='lat' dir='ltr'>utnon</span> <span class='ocrx_word' id='word_1_165' title='bbox 1092 1875 1179 1933; x_wconf 70' lang='lat' dir='ltr'>nego,</span> <span class='ocrx_word' id='word_1_166' title='bbox 1206 1862 1248 1913; x_wconf 79' lang='lat' dir='ltr'>its</span> <span class='ocrx_word' id='word_1_167' title='bbox 1265 1861 1369 1913; x_wconf 83' lang='lat' dir='ltr'>minus</span> 
     </span>
     <span class='ocr_line' id='line_1_22' title="bbox 204 1930 1369 2009; baseline -0.001 -22"><span class='ocrx_word' id='word_1_168' title='bbox 204 1934 338 2009; x_wconf 65' lang='lat' dir='ltr'>graviter</span> <span class='ocrx_word' id='word_1_169' title='bbox 362 1933 484 1999; x_wconf 84' lang='lat' dir='ltr'>dictum,</span> <span class='ocrx_word' id='word_1_170' title='bbox 515 1934 698 2002; x_wconf 74' lang='lat' dir='ltr'>voluptatibus</span> <span class='ocrx_word' id='word_1_171' title='bbox 723 1949 753 1985; x_wconf 90' lang='lat' dir='ltr'>se</span> <span class='ocrx_word' id='word_1_172' title='bbox 778 1933 856 1999; x_wconf 85' lang='lat' dir='ltr'>durs,</span> <span class='ocrx_word' id='word_1_173' title='bbox 883 1931 973 1986; x_wconf 83' lang='lat' dir='ltr'>&#39;facile</span> <span class='ocrx_word' id='word_1_174' title='bbox 997 1933 1073 1996; x_wconf 82' lang='lat' dir='ltr'>tero,</span> <span class='ocrx_word' id='word_1_175' title='bbox 1103 1948 1169 1983; x_wconf 86' lang='lat' dir='ltr'>cum</span> <span class='ocrx_word' id='word_1_176' title='bbox 1189 1930 1313 1985; x_wconf 88' lang='lat' dir='ltr'>libriin</span> <span class='ocrx_word' id='word_1_177' title='bbox 1332 1947 1369 1986; x_wconf 83' lang='lat' dir='ltr'>so</span> 
     </span>
     <span class='ocr_line' id='line_1_23' title="bbox 204 1999 1366 2073; baseline -0.005 -15"><span class='ocrx_word' id='word_1_178' title='bbox 204 2005 389 2058; x_wconf 78' lang='lat' dir='ltr'>consentient</span> <span class='ocrx_word' id='word_1_179' title='bbox 415 2012 444 2061; x_wconf 87' lang='lat' dir='ltr'>st</span> <span class='ocrx_word' id='word_1_180' title='bbox 467 2001 593 2070; x_wconf 77' lang='lat' dir='ltr'>plurimi</span> <span class='ocrx_word' id='word_1_181' title='bbox 616 2012 645 2057; x_wconf 89' lang='lat' dir='ltr'>st</span> <span class='ocrx_word' id='word_1_182' title='bbox 670 2003 785 2073; x_wconf 89' lang='lat' dir='ltr'>optimi.</span> <span class='ocrx_word' id='word_1_183' title='bbox 823 2002 961 2056; x_wconf 81' lang='lat' dir='ltr'>Ceterum</span> <span class='ocrx_word' id='word_1_184' title='bbox 990 2002 1049 2056; x_wconf 78' lang='lat' dir='ltr'>vid.</span> <span class='ocrx_word' id='word_1_185' title='bbox 1073 2000 1110 2055; x_wconf 76' lang='lat' dir='ltr'>sd</span> <span class='ocrx_word' id='word_1_186' title='bbox 1134 1999 1284 2054; x_wconf 75' lang='lat' dir='ltr'>lsndntnm</span> <span class='ocrx_word' id='word_1_187' title='bbox 1302 2000 1366 2055; x_wconf 81' lang='lat' dir='ltr'>cie.</span> 
     </span>
     <span class='ocr_line' id='line_1_24' title="bbox 203 2069 1369 2144; baseline -0.001 -19"><span class='ocrx_word' id='word_1_188' title='bbox 203 2073 240 2127; x_wconf 80' lang='lat' dir='ltr'>(le</span> <span class='ocrx_word' id='word_1_189' title='bbox 258 2073 324 2126; x_wconf 87' lang='lat' dir='ltr'>Sen.</span> <span class='ocrx_word' id='word_1_190' title='bbox 346 2073 444 2125; x_wconf 77' lang='lat' dir='ltr'>locutu</span> <span class='ocrx_word' id='word_1_191' title='bbox 464 2073 669 2127; x_wconf 79' lang='lat' dir='ltr'>Grrnbsrdnm</span> <span class='ocrx_word' id='word_1_192' title='bbox 688 2092 717 2144; x_wconf 89' lang='lat' dir='ltr'>p.</span> <span class='ocrx_word' id='word_1_193' title='bbox 736 2077 781 2128; x_wconf 78' lang='grc'>80.</span> <span class='ocrx_word' id='word_1_194' title='bbox 808 2081 838 2126; x_wconf 89' lang='lat' dir='ltr'>et</span> <span class='ocrx_word' id='word_1_195' title='bbox 857 2072 953 2126; x_wconf 88' lang='lat' dir='ltr'>Otton.</span> <span class='ocrx_word' id='word_1_196' title='bbox 976 2090 1005 2143; x_wconf 83' lang='lat' dir='ltr'>p.</span> <span class='ocrx_word' id='word_1_197' title='bbox 1025 2075 1079 2128; x_wconf 77' lang='lat'>112</span> <span class='ocrx_word' id='word_1_198' title='bbox 1097 2089 1140 2141; x_wconf 81' lang='lat' dir='ltr'>sq.</span> <span class='ocrx_word' id='word_1_199' title='bbox 1178 2069 1231 2124; x_wconf 84' lang='lat' dir='ltr'>Pro</span> <span class='ocrx_word' id='word_1_200' title='bbox 1257 2072 1369 2127; x_wconf 74' lang='lat' dir='ltr'>sumti</span> 
     </span>
     <span class='ocr_line' id='line_1_25' title="bbox 204 2143 866 2207; baseline 0 -10"><span class='ocrx_word' id='word_1_201' title='bbox 204 2160 280 2197; x_wconf 88' lang='lat' dir='ltr'>unus</span> <span class='ocrx_word' id='word_1_202' title='bbox 299 2144 349 2199; x_wconf 83' lang='lat' dir='ltr'>Ox.</span> <span class='ocrx_word' id='word_1_203' title='bbox 370 2144 521 2207; x_wconf 65' lang='lat' dir='ltr'>cesenati,</span> <span class='ocrx_word' id='word_1_204' title='bbox 543 2144 618 2196; x_wconf 81' lang='lat' dir='ltr'>alius</span> <span class='ocrx_word' id='word_1_205' title='bbox 637 2143 770 2197; x_wconf 84' lang='lat' dir='ltr'>occeceti.</span> <span class='ocrx_word' id='word_1_206' title='bbox 805 2144 866 2198; x_wconf 86' lang='lat' dir='ltr'>Mr.</span> 
     </span>
    </p>

    <p class='ocr_par' dir='ltr' id='par_1_8' title="bbox 204 2212 1369 2355">
     <span class='ocr_line' id='line_1_26' title="bbox 275 2212 1369 2289; baseline 0.003 -23"><span class='ocrx_word' id='word_1_207' title='bbox 275 2215 332 2269; x_wconf 80' lang='lat' dir='ltr'>vet</span> <span class='ocrx_word' id='word_1_208' title='bbox 355 2213 517 2267; x_wconf 70' lang='lat' dir='ltr'>domesticis</span> <span class='ocrx_word' id='word_1_209' title='bbox 542 2213 647 2281; x_wconf 77' lang='lat' dir='ltr'>uitiis]</span> <span class='ocrx_word' id='word_1_210' title='bbox 682 2214 779 2289; x_wconf 75' lang='lat' dir='ltr'>Vulgo</span> <span class='ocrx_word' id='word_1_211' title='bbox 815 2215 898 2267; x_wconf 81' lang='lat' dir='ltr'>uelut.</span> <span class='ocrx_word' id='word_1_212' title='bbox 942 2212 1000 2269; x_wconf 81' lang='lat' dir='ltr'>Sed</span> <span class='ocrx_word' id='word_1_213' title='bbox 1029 2230 1083 2268; x_wconf 83' lang='lat' dir='ltr'>nos</span> <span class='ocrx_word' id='word_1_214' title='bbox 1113 2213 1369 2269; x_wconf 75' lang='lat' dir='ltr'>scemusstmnm</span> 
     </span>
     <span class='ocr_line' id='line_1_27' title="bbox 204 2283 721 2355; baseline 0.002 -16"><span class='ocrx_word' id='word_1_215' title='bbox 204 2283 370 2339; x_wconf 81' lang='lat' dir='ltr'>Bentlsium</span> <span class='ocrx_word' id='word_1_216' title='bbox 395 2285 461 2338; x_wconf 88' lang='lat' dir='ltr'>iure</span> <span class='ocrx_word' id='word_1_217' title='bbox 487 2286 646 2355; x_wconf 85' lang='lat' dir='ltr'>sequimur.</span> <span class='ocrx_word' id='word_1_218' title='bbox 683 2285 721 2341; x_wconf 86' lang='lat' dir='ltr'>D.</span> 
     </span>
    </p>

    <p class='ocr_par' dir='ltr' id='par_1_9' title="bbox 200 2353 1371 4263">
     <span class='ocr_line' id='line_1_28' title="bbox 274 2353 1370 2426; baseline 0.005 -19"><span class='ocrx_word' id='word_1_219' title='bbox 274 2355 331 2407; x_wconf 85' lang='lat' dir='ltr'>cei</span> <span class='ocrx_word' id='word_1_220' title='bbox 348 2355 513 2408; x_wconf 78' lang='lat' dir='ltr'>domesticis</span> <span class='ocrx_word' id='word_1_221' title='bbox 530 2355 616 2407; x_wconf 85' lang='lat' dir='ltr'>uitiis</span> <span class='ocrx_word' id='word_1_222' title='bbox 635 2355 705 2421; x_wconf 72' lang='lat' dir='ltr'>etc]</span> <span class='ocrx_word' id='word_1_223' title='bbox 736 2353 939 2424; x_wconf 79' lang='lat' dir='ltr'>obtemperavi</span> <span class='ocrx_word' id='word_1_224' title='bbox 1030 2372 1146 2426; x_wconf 86' lang='lat' dir='ltr'>qnoque</span> <span class='ocrx_word' id='word_1_225' title='bbox 1160 2356 1293 2413; x_wconf 81' lang='lat' dir='ltr'>Bentlsio</span> <span class='ocrx_word' id='word_1_226' title='bbox 1332 2375 1370 2412; x_wconf 84' lang='lat' dir='ltr'>ro</span> 
     </span>
     <span class='ocr_line' id='line_1_29' title="bbox 203 2372 1371 2501; baseline 0.003 -22"><span class='ocrx_word' id='word_1_227' title='bbox 203 2427 277 2479; x_wconf 68' lang='lat' dir='ltr'>seint</span> <span class='ocrx_word' id='word_1_228' title='bbox 296 2427 460 2501; x_wconf 77' lang='lat' dir='ltr'>corrigenti</span> <span class='ocrx_word' id='word_1_229' title='bbox 478 2427 531 2492; x_wconf 86' lang='lat' dir='ltr'>usi,</span> <span class='ocrx_word' id='word_1_230' title='bbox 551 2443 727 2494; x_wconf 78' lang='lat' dir='ltr'>quamquam</span> <span class='ocrx_word' id='word_1_231' title='bbox 745 2427 846 2479; x_wconf 87' lang='lat' dir='ltr'>nullus</span> <span class='ocrx_word' id='word_1_232' title='bbox 864 2372 1047 2496; x_wconf 52' lang='lat' dir='ltr'>planeefiier</span> <span class='ocrx_word' id='word_1_233' title='bbox 1068 2425 1272 2498; x_wconf 72' lang='lat' dir='ltr'>adstipulatur.</span> <span class='ocrx_word' id='word_1_234' title='bbox 1309 2375 1371 2482; x_wconf 62' lang='lat' dir='ltr'>geel</span> 
     </span>
     <span class='ocr_line' id='line_1_30' title="bbox 200 2495 1370 2568; baseline 0.001 -17"><span class='ocrx_word' id='word_1_235' title='bbox 200 2497 279 2551; x_wconf 78' lang='lat' dir='ltr'>ferri</span> <span class='ocrx_word' id='word_1_236' title='bbox 298 2512 357 2548; x_wconf 89' lang='lat' dir='ltr'>non</span> <span class='ocrx_word' id='word_1_237' title='bbox 384 2503 500 2564; x_wconf 76' lang='lat' dir='ltr'>peteret</span> <span class='ocrx_word' id='word_1_238' title='bbox 524 2495 600 2548; x_wconf 85' lang='lat' dir='ltr'>illud</span> <span class='ocrx_word' id='word_1_239' title='bbox 625 2496 712 2561; x_wconf 77' lang='lat' dir='ltr'>seint,</span> <span class='ocrx_word' id='word_1_240' title='bbox 740 2498 886 2564; x_wconf 87' lang='lat' dir='ltr'>usquein</span> <span class='ocrx_word' id='word_1_241' title='bbox 915 2513 948 2550; x_wconf 90' lang='lat' dir='ltr'>eo</span> <span class='ocrx_word' id='word_1_242' title='bbox 972 2497 1107 2551; x_wconf 76' lang='lat' dir='ltr'>adiuvari</span> <span class='ocrx_word' id='word_1_243' title='bbox 1129 2507 1244 2568; x_wconf 80' lang='lat' dir='ltr'>poterat</span> <span class='ocrx_word' id='word_1_244' title='bbox 1268 2498 1370 2552; x_wconf 80' lang='lat' dir='ltr'>rideri</span> 
     </span>
     <span class='ocr_line' id='line_1_31' title="bbox 206 2564 1371 2644; baseline 0.005 -25"><span class='ocrx_word' id='word_1_245' title='bbox 206 2582 300 2619; x_wconf 84' lang='lat' dir='ltr'>sermo</span> <span class='ocrx_word' id='word_1_246' title='bbox 320 2565 540 2631; x_wconf 79' lang='lat' dir='ltr'>Ciceronianus,</span> <span class='ocrx_word' id='word_1_247' title='bbox 560 2564 639 2635; x_wconf 83' lang='lat' dir='ltr'>quod</span> <span class='ocrx_word' id='word_1_248' title='bbox 657 2567 689 2619; x_wconf 88' lang='lat' dir='ltr'>in</span> <span class='ocrx_word' id='word_1_249' title='bbox 706 2568 808 2636; x_wconf 83' lang='lat' dir='ltr'>paucis</span> <span class='ocrx_word' id='word_1_250' title='bbox 830 2567 915 2619; x_wconf 84' lang='lat' dir='ltr'>libris</span> <span class='ocrx_word' id='word_1_251' title='bbox 935 2575 980 2620; x_wconf 84' lang='lat' dir='ltr'>est</span> <span class='ocrx_word' id='word_1_252' title='bbox 1005 2567 1105 2632; x_wconf 77' lang='lat' dir='ltr'>(eost.</span> <span class='ocrx_word' id='word_1_253' title='bbox 1126 2569 1201 2644; x_wconf 77' lang='lat' dir='ltr'>Aug.</span> <span class='ocrx_word' id='word_1_254' title='bbox 1220 2568 1306 2622; x_wconf 62' lang='lat' dir='ltr'>vind</span> <span class='ocrx_word' id='word_1_255' title='bbox 1325 2570 1371 2634; x_wconf 87' lang='lat'>1.)</span> 
     </span>
     <span class='ocr_line' id='line_1_32' title="bbox 204 2635 1371 2708; baseline 0.008 -23"><span class='ocrx_word' id='word_1_256' title='bbox 204 2636 305 2704; x_wconf 81' lang='lat' dir='ltr'>quibus</span> <span class='ocrx_word' id='word_1_257' title='bbox 329 2635 427 2686; x_wconf 85' lang='lat' dir='ltr'>vetut</span> <span class='ocrx_word' id='word_1_258' title='bbox 453 2637 563 2689; x_wconf 84' lang='lat' dir='ltr'>caecati</span> <span class='ocrx_word' id='word_1_259' title='bbox 590 2637 665 2688; x_wconf 89' lang='lat' dir='ltr'>dom.</span> <span class='ocrx_word' id='word_1_260' title='bbox 687 2637 737 2688; x_wconf 84' lang='lat' dir='ltr'>vit.</span> <span class='ocrx_word' id='word_1_261' title='bbox 765 2645 820 2691; x_wconf 89' lang='lat' dir='ltr'>etc.</span> <span class='ocrx_word' id='word_1_262' title='bbox 855 2639 941 2702; x_wconf 76' lang='lat' dir='ltr'>Nem,</span> <span class='ocrx_word' id='word_1_263' title='bbox 965 2639 1042 2708; x_wconf 85' lang='lat' dir='ltr'>quod</span> <span class='ocrx_word' id='word_1_264' title='bbox 1060 2646 1141 2691; x_wconf 87' lang='lat' dir='ltr'>recte</span> <span class='ocrx_word' id='word_1_265' title='bbox 1159 2640 1218 2692; x_wconf 79' lang='lat' dir='ltr'>ism</span> <span class='ocrx_word' id='word_1_266' title='bbox 1235 2640 1371 2693; x_wconf 76' lang='lat' dir='ltr'>snimsd·</span> 
     </span>
     <span class='ocr_line' id='line_1_33' title="bbox 204 2703 1370 2776; baseline 0.004 -19"><span class='ocrx_word' id='word_1_267' title='bbox 204 2705 295 2757; x_wconf 82' lang='lat' dir='ltr'>vertit</span> <span class='ocrx_word' id='word_1_268' title='bbox 314 2703 501 2758; x_wconf 83' lang='lat' dir='ltr'>Tursellinus</span> <span class='ocrx_word' id='word_1_269' title='bbox 520 2725 542 2760; x_wconf 82' lang='lat' dir='ltr'>s.</span> <span class='ocrx_word' id='word_1_270' title='bbox 562 2723 589 2757; x_wconf 83' lang='lat' dir='ltr'>r.</span> <span class='ocrx_word' id='word_1_271' title='bbox 610 2707 696 2773; x_wconf 80' lang='lat' dir='ltr'>seint,</span> <span class='ocrx_word' id='word_1_272' title='bbox 724 2722 783 2759; x_wconf 90' lang='lat' dir='ltr'>non</span> <span class='ocrx_word' id='word_1_273' title='bbox 807 2706 881 2762; x_wconf 86' lang='lat' dir='ltr'>solet</span> <span class='ocrx_word' id='word_1_274' title='bbox 900 2724 934 2761; x_wconf 86' lang='lat' dir='ltr'>eo</span> <span class='ocrx_word' id='word_1_275' title='bbox 960 2707 1100 2761; x_wconf 83' lang='lat' dir='ltr'>vocabulo</span> <span class='ocrx_word' id='word_1_276' title='bbox 1127 2710 1172 2761; x_wconf 88' lang='lat' dir='ltr'>uti</span> <span class='ocrx_word' id='word_1_277' title='bbox 1191 2709 1305 2776; x_wconf 79' lang='lat' dir='ltr'>Cicero,</span> <span class='ocrx_word' id='word_1_278' title='bbox 1333 2719 1370 2765; x_wconf 89' lang='lat' dir='ltr'>nt</span> 
     </span>
     <span class='ocr_line' id='line_1_34' title="bbox 204 2773 1369 2851; baseline 0.008 -25"><span class='ocrx_word' id='word_1_279' title='bbox 204 2789 277 2826; x_wconf 80' lang='lat' dir='ltr'>vnce</span> <span class='ocrx_word' id='word_1_280' title='bbox 296 2774 387 2841; x_wconf 82' lang='lat' dir='ltr'>quasi,</span> <span class='ocrx_word' id='word_1_281' title='bbox 406 2773 443 2826; x_wconf 79' lang='lat' dir='ltr'>ad</span> <span class='ocrx_word' id='word_1_282' title='bbox 461 2776 656 2829; x_wconf 78' lang='lat' dir='ltr'>excusandum</span> <span class='ocrx_word' id='word_1_283' title='bbox 674 2793 760 2830; x_wconf 86' lang='lat' dir='ltr'>usum</span> <span class='ocrx_word' id='word_1_284' title='bbox 779 2776 861 2832; x_wconf 80' lang='lat' dir='ltr'>verbi</span> <span class='ocrx_word' id='word_1_285' title='bbox 879 2778 1003 2832; x_wconf 73' lang='lat' dir='ltr'>alicuius</span> <span class='ocrx_word' id='word_1_286' title='bbox 1021 2780 1120 2831; x_wconf 86' lang='lat' dir='ltr'>minus</span> <span class='ocrx_word' id='word_1_287' title='bbox 1143 2781 1267 2849; x_wconf 82' lang='lat' dir='ltr'>proprii.</span> <span class='ocrx_word' id='word_1_288' title='bbox 1306 2781 1369 2851; x_wconf 74' lang='lat' dir='ltr'>Ds-</span> 
     </span>
     <span class='ocr_line' id='line_1_35' title="bbox 204 2844 1369 2922; baseline 0.01 -27"><span class='ocrx_word' id='word_1_289' title='bbox 204 2844 325 2897; x_wconf 78' lang='lat' dir='ltr'>mestica</span> <span class='ocrx_word' id='word_1_290' title='bbox 342 2844 415 2896; x_wconf 82' lang='lat' dir='ltr'>vitia</span> <span class='ocrx_word' id='word_1_291' title='bbox 434 2853 510 2909; x_wconf 82' lang='lat' dir='ltr'>sunt,</span> <span class='ocrx_word' id='word_1_292' title='bbox 542 2864 615 2915; x_wconf 84' lang='lat' dir='ltr'>ques</span> <span class='ocrx_word' id='word_1_293' title='bbox 639 2846 774 2901; x_wconf 83' lang='lat' dir='ltr'>homines</span> <span class='ocrx_word' id='word_1_294' title='bbox 799 2847 832 2899; x_wconf 90' lang='lat' dir='ltr'>in</span> <span class='ocrx_word' id='word_1_295' title='bbox 849 2850 911 2901; x_wconf 81' lang='lat' dir='ltr'>rits</span> <span class='ocrx_word' id='word_1_296' title='bbox 928 2851 1044 2919; x_wconf 76' lang='lat' dir='ltr'>privata</span> <span class='ocrx_word' id='word_1_297' title='bbox 1062 2852 1266 2916; x_wconf 79' lang='lat' dir='ltr'>committunt3</span> <span class='ocrx_word' id='word_1_298' title='bbox 1293 2870 1369 2922; x_wconf 78' lang='lat' dir='ltr'>quse</span> 
     </span>
     <span class='ocr_line' id='line_1_36' title="bbox 205 2913 1369 2988; baseline 0.008 -20"><span class='ocrx_word' id='word_1_299' title='bbox 205 2930 265 2968; x_wconf 89' lang='lat' dir='ltr'>non</span> <span class='ocrx_word' id='word_1_300' title='bbox 285 2913 429 2967; x_wconf 74' lang='lat' dir='ltr'>advitam</span> <span class='ocrx_word' id='word_1_301' title='bbox 448 2915 595 2985; x_wconf 81' lang='lat' dir='ltr'>publicam</span> <span class='ocrx_word' id='word_1_302' title='bbox 615 2926 644 2970; x_wconf 92' lang='lat' dir='ltr'>et</span> <span class='ocrx_word' id='word_1_303' title='bbox 662 2917 782 2970; x_wconf 83' lang='lat' dir='ltr'>civilem</span> <span class='ocrx_word' id='word_1_304' title='bbox 800 2920 960 2988; x_wconf 86' lang='lat' dir='ltr'>pertinent.</span> <span class='ocrx_word' id='word_1_305' title='bbox 986 2919 1123 2975; x_wconf 88' lang='lat' dir='ltr'>Bentleio</span> <span class='ocrx_word' id='word_1_306' title='bbox 1147 2922 1276 2977; x_wconf 72' lang='lat' dir='ltr'>obsecuti</span> <span class='ocrx_word' id='word_1_307' title='bbox 1294 2933 1369 2977; x_wconf 85' lang='lat' dir='ltr'>sunt</span> 
     </span>
     <span class='ocr_line' id='line_1_37' title="bbox 204 2982 1369 3059; baseline 0.009 -20"><span class='ocrx_word' id='word_1_308' title='bbox 204 2993 272 3056; x_wconf 82' lang='lat' dir='ltr'>post</span> <span class='ocrx_word' id='word_1_309' title='bbox 290 2982 442 3038; x_wconf 81' lang='lat' dir='ltr'>Devisinm</span> <span class='ocrx_word' id='word_1_310' title='bbox 460 2985 532 3051; x_wconf 75' lang='lat' dir='ltr'>Ern.</span> <span class='ocrx_word' id='word_1_311' title='bbox 553 2984 637 3039; x_wconf 85' lang='lat' dir='ltr'>Scbs.</span> <span class='ocrx_word' id='word_1_312' title='bbox 656 2984 801 3042; x_wconf 74' lang='lat' dir='ltr'>sewen.</span> <span class='ocrx_word' id='word_1_313' title='bbox 820 2988 903 3043; x_wconf 80' lang='lat' dir='ltr'>Knel.</span> <span class='ocrx_word' id='word_1_314' title='bbox 922 2990 971 3042; x_wconf 87' lang='lat' dir='ltr'>Or.</span> <span class='ocrx_word' id='word_1_315' title='bbox 990 2990 1082 3044; x_wconf 89' lang='lat' dir='ltr'>Nnbb.</span> <span class='ocrx_word' id='word_1_316' title='bbox 1121 2991 1200 3059; x_wconf 85' lang='lat' dir='ltr'>Quod</span> <span class='ocrx_word' id='word_1_317' title='bbox 1225 3008 1297 3048; x_wconf 80' lang='lat' dir='ltr'>vcro</span> <span class='ocrx_word' id='word_1_318' title='bbox 1314 2994 1369 3047; x_wconf 78' lang='lat' dir='ltr'>ds-</span> 
     </span>
     <span class='ocr_line' id='line_1_38' title="bbox 205 3054 1369 3132; baseline 0.009 -26"><span class='ocrx_word' id='word_1_319' title='bbox 205 3054 333 3107; x_wconf 73' lang='lat' dir='ltr'>mesticis</span> <span class='ocrx_word' id='word_1_320' title='bbox 352 3057 493 3124; x_wconf 79' lang='lat' dir='ltr'>stupris</span> <span class='ocrx_word' id='word_1_321' title='bbox 518 3059 647 3111; x_wconf 82' lang='lat' dir='ltr'>correxit</span> <span class='ocrx_word' id='word_1_322' title='bbox 667 3058 775 3124; x_wconf 69' lang='lat' dir='ltr'>Bentl„</span> <span class='ocrx_word' id='word_1_323' title='bbox 801 3061 832 3113; x_wconf 84' lang='lat' dir='ltr'>id</span> <span class='ocrx_word' id='word_1_324' title='bbox 850 3061 957 3115; x_wconf 87' lang='lat' dir='ltr'>meritc</span> <span class='ocrx_word' id='word_1_325' title='bbox 976 3062 1089 3115; x_wconf 84' lang='lat' dir='ltr'>nemini</span> <span class='ocrx_word' id='word_1_326' title='bbox 1105 3062 1227 3132; x_wconf 70' lang='lat' dir='ltr'>placuit.</span> <span class='ocrx_word' id='word_1_327' title='bbox 1268 3063 1369 3126; x_wconf 69' lang='lat' dir='ltr'>retine·</span> 
     </span>
     <span class='ocr_line' id='line_1_39' title="bbox 205 3125 1365 3189; baseline 0.008 -10"><span class='ocrx_word' id='word_1_328' title='bbox 205 3125 292 3180; x_wconf 81' lang='lat' dir='ltr'>babet</span> <span class='ocrx_word' id='word_1_329' title='bbox 320 3125 388 3179; x_wconf 84' lang='lat' dir='ltr'>God.</span> <span class='ocrx_word' id='word_1_330' title='bbox 415 3129 504 3183; x_wconf 85' lang='lat' dir='ltr'>ittarb.</span> <span class='ocrx_word' id='word_1_331' title='bbox 530 3128 584 3182; x_wconf 84' lang='lat' dir='ltr'>Ed.</span> <span class='ocrx_word' id='word_1_332' title='bbox 604 3126 639 3180; x_wconf 85' lang='lat' dir='ltr'>ll.</span> <span class='ocrx_word' id='word_1_333' title='bbox 665 3129 754 3182; x_wconf 80' lang='lat' dir='ltr'>velud.</span> <span class='ocrx_word' id='word_1_334' title='bbox 779 3128 847 3187; x_wconf 77' lang='lat' dir='ltr'>eos.</span> <span class='ocrx_word' id='word_1_335' title='bbox 870 3129 944 3184; x_wconf 89' lang='lat' dir='ltr'>Gud.</span> <span class='ocrx_word' id='word_1_336' title='bbox 964 3135 990 3189; x_wconf 79' lang='lat'>2.</span> <span class='ocrx_word' id='word_1_337' title='bbox 1015 3132 1059 3185; x_wconf 83' lang='lat' dir='ltr'>sei</span> <span class='ocrx_word' id='word_1_338' title='bbox 1082 3133 1117 3185; x_wconf 91' lang='lat' dir='ltr'>in</span> <span class='ocrx_word' id='word_1_339' title='bbox 1144 3133 1197 3186; x_wconf 85' lang='lat' dir='ltr'>Ed.</span> <span class='ocrx_word' id='word_1_340' title='bbox 1218 3134 1253 3187; x_wconf 77' lang='lat' dir='ltr'>tt.</span> <span class='ocrx_word' id='word_1_341' title='bbox 1270 3134 1365 3188; x_wconf 76' lang='lat' dir='ltr'>noun.</span> 
     </span>
     <span class='ocr_line' id='line_1_40' title="bbox 206 3197 1369 3276; baseline 0.005 -25"><span class='ocrx_word' id='word_1_342' title='bbox 206 3198 379 3251; x_wconf 78' lang='lat' dir='ltr'>coniiciebat</span> <span class='ocrx_word' id='word_1_343' title='bbox 400 3197 562 3251; x_wconf 75' lang='lat' dir='ltr'>domesticis</span> <span class='ocrx_word' id='word_1_344' title='bbox 584 3198 820 3267; x_wconf 80' lang='lat' dir='ltr'>privatisque</span> <span class='ocrx_word' id='word_1_345' title='bbox 838 3202 975 3269; x_wconf 74' lang='lat' dir='ltr'>flagitiis:</span> <span class='ocrx_word' id='word_1_346' title='bbox 1003 3202 1251 3272; x_wconf 74' lang='lat' dir='ltr'>wyttenbachius</span> <span class='ocrx_word' id='word_1_347' title='bbox 1277 3222 1369 3276; x_wconf 76' lang='lat' dir='ltr'>supra</span> 
     </span>
     <span class='ocr_line' id='line_1_41' title="bbox 207 3267 1369 3329; baseline 0.006 -7"><span class='ocrx_word' id='word_1_348' title='bbox 207 3277 310 3322; x_wconf 84' lang='lat' dir='ltr'>contra</span> <span class='ocrx_word' id='word_1_349' title='bbox 328 3268 493 3323; x_wconf 83' lang='lat' dir='ltr'>Bentleinm</span> <span class='ocrx_word' id='word_1_350' title='bbox 511 3268 647 3322; x_wconf 86' lang='lat' dir='ltr'>tuebatur</span> <span class='ocrx_word' id='word_1_351' title='bbox 664 3267 793 3322; x_wconf 73' lang='lat' dir='ltr'>iunianis</span> <span class='ocrx_word' id='word_1_352' title='bbox 811 3271 910 3327; x_wconf 84' lang='lat' dir='ltr'>vitiis:</span> <span class='ocrx_word' id='word_1_353' title='bbox 928 3271 986 3325; x_wconf 88' lang='lat' dir='ltr'>hoc</span> <span class='ocrx_word' id='word_1_354' title='bbox 1005 3290 1073 3327; x_wconf 83' lang='lat' dir='ltr'>vero</span> <span class='ocrx_word' id='word_1_355' title='bbox 1092 3274 1157 3328; x_wconf 87' lang='lat' dir='ltr'>loco</span> <span class='ocrx_word' id='word_1_356' title='bbox 1176 3273 1261 3328; x_wconf 83' lang='lat' dir='ltr'>verbs</span> <span class='ocrx_word' id='word_1_357' title='bbox 1280 3275 1369 3329; x_wconf 80' lang='lat' dir='ltr'>vitiis</span> 
     </span>
     <span class='ocr_line' id='line_1_42' title="bbox 207 3337 1369 3411; baseline 0.008 -20"><span class='ocrx_word' id='word_1_358' title='bbox 207 3344 291 3409; x_wconf 83' lang='lat' dir='ltr'>utque</span> <span class='ocrx_word' id='word_1_359' title='bbox 311 3337 380 3391; x_wconf 90' lang='lat' dir='ltr'>eiici</span> <span class='ocrx_word' id='word_1_360' title='bbox 400 3339 547 3410; x_wconf 86' lang='lat' dir='ltr'>scribique</span> <span class='ocrx_word' id='word_1_361' title='bbox 565 3340 695 3396; x_wconf 82' lang='lat' dir='ltr'>volebat:</span> <span class='ocrx_word' id='word_1_362' title='bbox 725 3340 886 3395; x_wconf 87' lang='lat' dir='ltr'>domesticis</span> <span class='ocrx_word' id='word_1_363' title='bbox 903 3344 1037 3411; x_wconf 72' lang='lat' dir='ltr'>flagitiis.</span> <span class='ocrx_word' id='word_1_364' title='bbox 1075 3342 1118 3398; x_wconf 85' lang='lat' dir='ltr'>De</span> <span class='ocrx_word' id='word_1_365' title='bbox 1137 3346 1277 3400; x_wconf 80' lang='lat' dir='ltr'>sententia</span> <span class='ocrx_word' id='word_1_366' title='bbox 1296 3363 1369 3400; x_wconf 83' lang='lat' dir='ltr'>rer-</span> 
     </span>
     <span class='ocr_line' id='line_1_43' title="bbox 206 3409 1365 3495; baseline 0.01 -33"><span class='ocrx_word' id='word_1_367' title='bbox 206 3410 309 3462; x_wconf 87' lang='lat' dir='ltr'>borum</span> <span class='ocrx_word' id='word_1_368' title='bbox 337 3409 419 3462; x_wconf 80' lang='lat' dir='ltr'>vitiis</span> <span class='ocrx_word' id='word_1_369' title='bbox 447 3415 529 3480; x_wconf 83' lang='lat' dir='ltr'>utque</span> <span class='ocrx_word' id='word_1_370' title='bbox 553 3410 679 3477; x_wconf 78' lang='lat' dir='ltr'>tingitiis</span> <span class='ocrx_word' id='word_1_371' title='bbox 701 3410 760 3466; x_wconf 79' lang='lat' dir='ltr'>vid.</span> <span class='ocrx_word' id='word_1_372' title='bbox 785 3412 871 3468; x_wconf 81' lang='lat' dir='ltr'>Jahn.</span> <span class='ocrx_word' id='word_1_373' title='bbox 900 3414 1002 3477; x_wconf 64' lang='lat' dir='ltr'>Anuli.</span> <span class='ocrx_word' id='word_1_374' title='bbox 1021 3413 1140 3469; x_wconf 85' lang='lat' dir='ltr'>Philoll.</span> <span class='ocrx_word' id='word_1_375' title='bbox 1168 3424 1198 3470; x_wconf 87' lang='lat' dir='ltr'>et</span> <span class='ocrx_word' id='word_1_376' title='bbox 1221 3414 1365 3495; x_wconf 62' lang='lat' dir='ltr'>Psedegig.</span> 
     </span>
     <span class='ocr_line' id='line_1_44' title="bbox 208 3478 1369 3561; baseline 0.008 -27"><span class='ocrx_word' id='word_1_377' title='bbox 208 3482 285 3534; x_wconf 79' lang='lat'><strong>1829.</strong></span> <span class='ocrx_word' id='word_1_378' title='bbox 307 3478 361 3530; x_wconf 84' lang='lat'>111.</span> <span class='ocrx_word' id='word_1_379' title='bbox 385 3483 407 3532; x_wconf 91' lang='lat' dir='ltr'>l.</span> <span class='ocrx_word' id='word_1_380' title='bbox 427 3496 456 3561; x_wconf 85' lang='lat' dir='ltr'>p.</span> <span class='ocrx_word' id='word_1_381' title='bbox 476 3483 519 3537; x_wconf 78' lang='lat'>39.</span> <span class='ocrx_word' id='word_1_382' title='bbox 540 3480 611 3533; x_wconf 82' lang='lat' dir='ltr'>Add.</span> <span class='ocrx_word' id='word_1_383' title='bbox 632 3480 776 3536; x_wconf 83' lang='lat' dir='ltr'>Goerens.</span> <span class='ocrx_word' id='word_1_384' title='bbox 802 3485 838 3537; x_wconf 79' lang='lat' dir='ltr'>ad</span> <span class='ocrx_word' id='word_1_385' title='bbox 857 3484 921 3540; x_wconf 88' lang='lat' dir='ltr'>Cic.</span> <span class='ocrx_word' id='word_1_386' title='bbox 945 3484 980 3539; x_wconf 84' lang='lat' dir='ltr'>de</span> <span class='ocrx_word' id='word_1_387' title='bbox 998 3485 1084 3538; x_wconf 78' lang='lat' dir='ltr'>Finn.</span> <span class='ocrx_word' id='word_1_388' title='bbox 1108 3486 1144 3538; x_wconf 91' lang='lat'>11.</span> <span class='ocrx_word' id='word_1_389' title='bbox 1164 3488 1207 3545; x_wconf 78' lang='lat'>28.</span> <span class='ocrx_word' id='word_1_390' title='bbox 1228 3488 1302 3544; x_wconf 83' lang='lat' dir='ltr'>s&#39;xtr.</span> <span class='ocrx_word' id='word_1_391' title='bbox 1328 3490 1369 3543; x_wconf 86' lang='lat' dir='ltr'>ad</span> 
     </span>
     <span class='ocr_line' id='line_1_45' title="bbox 208 3546 1367 3628; baseline 0.01 -28"><span class='ocrx_word' id='word_1_392' title='bbox 208 3567 235 3600; x_wconf 80' lang='lat' dir='ltr'>r.</span> <span class='ocrx_word' id='word_1_393' title='bbox 263 3549 291 3601; x_wconf 94' lang='lat' dir='ltr'>si</span> <span class='ocrx_word' id='word_1_394' title='bbox 316 3546 347 3600; x_wconf 86' lang='lat' dir='ltr'>in</span> <span class='ocrx_word' id='word_1_395' title='bbox 370 3549 510 3601; x_wconf 75' lang='lat' dir='ltr'>vitiosa</span> <span class='ocrx_word' id='word_1_396' title='bbox 537 3556 564 3603; x_wconf 88' lang='lat' dir='ltr'>et</span> <span class='ocrx_word' id='word_1_397' title='bbox 594 3551 800 3621; x_wconf 74' lang='lat' dir='ltr'>flagitiose</span> <span class='ocrx_word' id='word_1_398' title='bbox 826 3555 885 3608; x_wconf 84' lang='lat' dir='ltr'>nita</span> <span class='ocrx_word' id='word_1_399' title='bbox 912 3556 1040 3623; x_wconf 68' lang='lat' dir='ltr'>afflueret</span> <span class='ocrx_word' id='word_1_400' title='bbox 1068 3558 1264 3628; x_wconf 79' lang='lat' dir='ltr'>voluptatibus.</span> <span class='ocrx_word' id='word_1_401' title='bbox 1308 3558 1367 3613; x_wconf 82' lang='lat' dir='ltr'>Pro</span> 
     </span>
     <span class='ocr_line' id='line_1_46' title="bbox 207 3615 1365 3701; baseline 0.01 -31"><span class='ocrx_word' id='word_1_402' title='bbox 207 3624 290 3684; x_wconf 81' lang='lat' dir='ltr'>atque</span> <span class='ocrx_word' id='word_1_403' title='bbox 310 3618 378 3671; x_wconf 86' lang='lat' dir='ltr'>Cod.</span> <span class='ocrx_word' id='word_1_404' title='bbox 404 3615 501 3672; x_wconf 88' lang='lat' dir='ltr'>Duisb</span> <span class='ocrx_word' id='word_1_405' title='bbox 522 3636 563 3672; x_wconf 85' lang='lat' dir='ltr'>ec.</span> <span class='ocrx_word' id='word_1_406' title='bbox 600 3620 644 3675; x_wconf 89' lang='lat' dir='ltr'>De</span> <span class='ocrx_word' id='word_1_407' title='bbox 670 3640 697 3677; x_wconf 83' lang='lat' dir='ltr'>v.</span> <span class='ocrx_word' id='word_1_408' title='bbox 723 3622 864 3693; x_wconf 64' lang='lat' dir='ltr'>flagitium</span> <span class='ocrx_word' id='word_1_409' title='bbox 887 3626 949 3679; x_wconf 80' lang='lat' dir='ltr'>rid.</span> <span class='ocrx_word' id='word_1_410' title='bbox 969 3626 1104 3684; x_wconf 80' lang='lat' dir='ltr'>Ochsuer.</span> <span class='ocrx_word' id='word_1_411' title='bbox 1131 3629 1167 3682; x_wconf 86' lang='lat' dir='ltr'>ad</span> <span class='ocrx_word' id='word_1_412' title='bbox 1184 3630 1258 3683; x_wconf 88' lang='lat' dir='ltr'>Eclo</span> <span class='ocrx_word' id='word_1_413' title='bbox 1302 3673 1308 3687; x_wconf 91' lang='lat'><strong>.</strong></span> <span class='ocrx_word' id='word_1_414' title='bbox 1333 3648 1365 3701; x_wconf 86' lang='lat' dir='ltr'>p.</span> 
     </span>
     <span class='ocr_line' id='line_1_47' title="bbox 206 3647 1363 3771; baseline 0.014 -34"><span class='ocrx_word' id='word_1_415' title='bbox 206 3690 268 3745; x_wconf 76' lang='lat'>268.</span> <span class='ocrx_word' id='word_1_416' title='bbox 296 3686 351 3740; x_wconf 82' lang='lat' dir='ltr'>Ed.</span> <span class='ocrx_word' id='word_1_417' title='bbox 371 3692 397 3745; x_wconf 84' lang='grc'>3.</span> <span class='ocrx_word' id='word_1_418' title='bbox 421 3687 606 3745; x_wconf 78' lang='lat' dir='ltr'>Doederlein.</span> <span class='ocrx_word' id='word_1_419' title='bbox 636 3693 708 3746; x_wconf 80' lang='lat' dir='ltr'>Let-</span> <span class='ocrx_word' id='word_1_420' title='bbox 735 3694 867 3764; x_wconf 83' lang='lat' dir='ltr'>Synon.</span> <span class='ocrx_word' id='word_1_421' title='bbox 896 3715 923 3748; x_wconf 92' lang='lat' dir='ltr'>u.</span> <span class='ocrx_word' id='word_1_422' title='bbox 949 3696 1110 3769; x_wconf 77' lang='lat' dir='ltr'>Etymnl.</span> <span class='ocrx_word' id='word_1_423' title='bbox 1134 3700 1173 3755; x_wconf 86' lang='lat' dir='ltr'>ll.</span> <span class='ocrx_word' id='word_1_424' title='bbox 1197 3716 1226 3771; x_wconf 84' lang='lat' dir='ltr'>p.</span> <span class='ocrx_word' id='word_1_425' title='bbox 1248 3647 1301 3757; x_wconf 59' lang='lat' dir='ltr'>lli</span> <span class='ocrx_word' id='word_1_426' title='bbox 1321 3718 1363 3771; x_wconf 85' lang='lat' dir='ltr'>sq.</span> 
     </span>
     <span class='ocr_line' id='line_1_48' title="bbox 228 3758 1367 3839; baseline 0.012 -28"><span class='ocrx_word' id='word_1_427' title='bbox 228 3760 259 3811; x_wconf 89' lang='lat' dir='ltr'>ui</span> <span class='ocrx_word' id='word_1_428' title='bbox 284 3758 358 3812; x_wconf 83' lang='lat' dir='ltr'>illud</span> <span class='ocrx_word' id='word_1_429' title='bbox 381 3758 554 3813; x_wconf 76' lang='lat' dir='ltr'>vocabulum</span> <span class='ocrx_word' id='word_1_430' title='bbox 579 3779 595 3813; x_wconf 85' lang='lat' dir='ltr'>s</span> <span class='ocrx_word' id='word_1_431' title='bbox 616 3764 768 3831; x_wconf 72' lang='lat' dir='ltr'>flagrando</span> <span class='ocrx_word' id='word_1_432' title='bbox 796 3763 884 3818; x_wconf 83' lang='lat' dir='ltr'>ducit.</span> <span class='ocrx_word' id='word_1_433' title='bbox 920 3766 954 3824; x_wconf 80' lang='lat' dir='ltr'>A.</span> <span class='ocrx_word' id='word_1_434' title='bbox 979 3770 1017 3832; x_wconf 79' lang='lat' dir='ltr'>tie</span> <span class='ocrx_word' id='word_1_435' title='bbox 1040 3771 1083 3822; x_wconf 87' lang='lat' dir='ltr'>ris</span> <span class='ocrx_word' id='word_1_436' title='bbox 1105 3766 1187 3822; x_wconf 84' lang='lat' dir='ltr'>ducit</span> <span class='ocrx_word' id='word_1_437' title='bbox 1204 3771 1304 3839; x_wconf 79' lang='lat' dir='ltr'>Wptt.</span> <span class='ocrx_word' id='word_1_438' title='bbox 1330 3772 1367 3825; x_wconf 81' lang='lat' dir='ltr'>sd</span> 
     </span>
     <span class='ocr_line' id='line_1_49' title="bbox 207 3776 1363 3904; baseline 0.009 -21"><span class='ocrx_word' id='word_1_439' title='bbox 207 3776 269 3883; x_wconf 50' lang='lat' dir='ltr'>gie.</span> <span class='ocrx_word' id='word_1_440' title='bbox 296 3830 330 3883; x_wconf 87' lang='lat' dir='ltr'>de</span> <span class='ocrx_word' id='word_1_441' title='bbox 347 3828 385 3888; x_wconf 88' lang='lat' dir='ltr'>N.</span> <span class='ocrx_word' id='word_1_442' title='bbox 405 3830 441 3884; x_wconf 87' lang='lat' dir='ltr'>D.</span> <span class='ocrx_word' id='word_1_443' title='bbox 466 3849 495 3904; x_wconf 86' lang='lat' dir='ltr'>p·</span> <span class='ocrx_word' id='word_1_444' title='bbox 521 3832 580 3887; x_wconf 79' lang='grc'><strong>733.</strong></span> <span class='ocrx_word' id='word_1_445' title='bbox 607 3834 650 3889; x_wconf 86' lang='lat' dir='ltr'>ed.</span> <span class='ocrx_word' id='word_1_446' title='bbox 672 3834 719 3887; x_wconf 84' lang='lat' dir='ltr'>Cr.</span> <span class='ocrx_word' id='word_1_447' title='bbox 746 3843 775 3888; x_wconf 87' lang='lat' dir='ltr'>et</span> <span class='ocrx_word' id='word_1_448' title='bbox 800 3844 892 3889; x_wconf 86' lang='lat' dir='ltr'>nostr.</span> <span class='ocrx_word' id='word_1_449' title='bbox 916 3837 983 3904; x_wconf 79' lang='lat' dir='ltr'>mei.</span> <span class='ocrx_word' id='word_1_450' title='bbox 1017 3786 1064 3893; x_wconf 50' lang='lat' dir='ltr'>{ie</span> <span class='ocrx_word' id='word_1_451' title='bbox 1088 3860 1142 3893; x_wconf 88' lang='lat' dir='ltr'>usu</span> <span class='ocrx_word' id='word_1_452' title='bbox 1162 3859 1190 3892; x_wconf 85' lang='lat' dir='ltr'>v.</span> <span class='ocrx_word' id='word_1_453' title='bbox 1210 3840 1363 3896; x_wconf 79' lang='lat' dir='ltr'>Mencken.</span> 
     </span>
     <span class='ocr_line' id='line_1_50' title="bbox 207 3900 1366 3981; baseline 0.013 -28"><span class='ocrx_word' id='word_1_454' title='bbox 207 3900 285 3954; x_wconf 76' lang='lat' dir='ltr'>obn.</span> <span class='ocrx_word' id='word_1_455' title='bbox 314 3902 345 3953; x_wconf 70' lang='lat' dir='ltr'>ln</span> <span class='ocrx_word' id='word_1_456' title='bbox 373 3902 405 3958; x_wconf 71' lang='grc' dir='ltr'>Ι..</span> <span class='ocrx_word' id='word_1_457' title='bbox 430 3920 457 3974; x_wconf 90' lang='lat' dir='ltr'>p.</span> <span class='ocrx_word' id='word_1_458' title='bbox 487 3905 548 3958; x_wconf 76' lang='lat' dir='ltr'>tot.</span> <span class='ocrx_word' id='word_1_459' title='bbox 591 3905 645 3957; x_wconf 87' lang='lat' dir='ltr'>Pro</span> <span class='ocrx_word' id='word_1_460' title='bbox 677 3905 903 3976; x_wconf 73' lang='lat' dir='ltr'>inquinavissent</span> <span class='ocrx_word' id='word_1_461' title='bbox 929 3918 973 3964; x_wconf 84' lang='lat' dir='ltr'>sst</span> <span class='ocrx_word' id='word_1_462' title='bbox 999 3910 1193 3981; x_wconf 73' lang='lat' dir='ltr'>inquinassent</span> <span class='ocrx_word' id='word_1_463' title='bbox 1223 3913 1254 3964; x_wconf 88' lang='lat' dir='ltr'>in</span> <span class='ocrx_word' id='word_1_464' title='bbox 1274 3911 1366 3970; x_wconf 78' lang='lat' dir='ltr'>codd.</span> 
     </span>
     <span class='ocr_line' id='line_1_51' title="bbox 208 3968 1365 4053; baseline 0.014 -31"><span class='ocrx_word' id='word_1_465' title='bbox 208 3968 283 4024; x_wconf 82' lang='lat' dir='ltr'>Gud.</span> <span class='ocrx_word' id='word_1_466' title='bbox 306 3972 391 4025; x_wconf 76' lang='lat' dir='ltr'>vind.</span> <span class='ocrx_word' id='word_1_467' title='bbox 414 3978 437 4030; x_wconf 91' lang='lat' dir='ltr'>l.</span> <span class='ocrx_word' id='word_1_468' title='bbox 463 3974 538 4030; x_wconf 78' lang='lat' dir='ltr'>lion.</span> <span class='ocrx_word' id='word_1_469' title='bbox 560 3979 584 4030; x_wconf 92' lang='lat' dir='ltr'>l.</span> <span class='ocrx_word' id='word_1_470' title='bbox 611 3972 685 4028; x_wconf 75' lang='lat' dir='ltr'>Eut.</span> <span class='ocrx_word' id='word_1_471' title='bbox 713 3978 741 4029; x_wconf 86' lang='lat' dir='ltr'>P.</span> <span class='ocrx_word' id='word_1_472' title='bbox 769 3978 802 4030; x_wconf 82' lang='lat' dir='ltr'>A.</span> <span class='ocrx_word' id='word_1_473' title='bbox 828 3977 859 4030; x_wconf 83' lang='grc' dir='ltr'>Β.</span> <span class='ocrx_word' id='word_1_474' title='bbox 889 3980 920 4035; x_wconf 85' lang='lat' dir='ltr'>C.</span> <span class='ocrx_word' id='word_1_475' title='bbox 947 3980 983 4033; x_wconf 87' lang='grc' dir='ltr'>Μ.</span> <span class='ocrx_word' id='word_1_476' title='bbox 1009 3983 1040 4034; x_wconf 82' lang='lat'>1..</span> <span class='ocrx_word' id='word_1_477' title='bbox 1066 3982 1129 4036; x_wconf 81' lang='lat' dir='ltr'>Cer.</span> <span class='ocrx_word' id='word_1_478' title='bbox 1157 3981 1257 4053; x_wconf 78' lang='lat' dir='ltr'>steph.</span> <span class='ocrx_word' id='word_1_479' title='bbox 1285 3983 1365 4039; x_wconf 77' lang='lat' dir='ltr'>Cain.</span> 
     </span>
     <span class='ocr_line' id='line_1_52' title="bbox 207 4039 1368 4119; baseline 0.012 -25"><span class='ocrx_word' id='word_1_480' title='bbox 207 4039 297 4096; x_wconf 85' lang='lat' dir='ltr'>Goth.</span> <span class='ocrx_word' id='word_1_481' title='bbox 328 4042 436 4096; x_wconf 85' lang='lat' dir='ltr'>Sturm.</span> <span class='ocrx_word' id='word_1_482' title='bbox 462 4044 527 4097; x_wconf 75' lang='lat' dir='ltr'>Alo.</span> <span class='ocrx_word' id='word_1_483' title='bbox 559 4040 639 4116; x_wconf 78' lang='lat' dir='ltr'>sylb.</span> <span class='ocrx_word' id='word_1_484' title='bbox 664 4046 745 4100; x_wconf 87' lang='lat' dir='ltr'>Brut.</span> <span class='ocrx_word' id='word_1_485' title='bbox 770 4049 851 4102; x_wconf 86' lang='lat' dir='ltr'>Boul.</span> <span class='ocrx_word' id='word_1_486' title='bbox 888 4048 924 4105; x_wconf 89' lang='lat' dir='ltr'>ln</span> <span class='ocrx_word' id='word_1_487' title='bbox 941 4052 1011 4106; x_wconf 85' lang='lat' dir='ltr'>Vsn.</span> <span class='ocrx_word' id='word_1_488' title='bbox 1039 4061 1129 4106; x_wconf 84' lang='lat' dir='ltr'>nostr.</span> <span class='ocrx_word' id='word_1_489' title='bbox 1151 4053 1292 4119; x_wconf 85' lang='lat' dir='ltr'>scriptum</span> <span class='ocrx_word' id='word_1_490' title='bbox 1322 4063 1368 4108; x_wconf 90' lang='lat' dir='ltr'>est</span> 
     </span>
     <span class='ocr_line' id='line_1_53' title="bbox 206 4111 1366 4189; baseline 0.011 -25"><span class='ocrx_word' id='word_1_491' title='bbox 206 4111 302 4165; x_wconf 83' lang='lat' dir='ltr'>tribus</span> <span class='ocrx_word' id='word_1_492' title='bbox 321 4114 418 4166; x_wconf 84' lang='lat' dir='ltr'>verbis</span> <span class='ocrx_word' id='word_1_493' title='bbox 437 4113 467 4166; x_wconf 89' lang='lat' dir='ltr'>in</span> <span class='ocrx_word' id='word_1_494' title='bbox 487 4116 536 4184; x_wconf 84' lang='lat' dir='ltr'>qui</span> <span class='ocrx_word' id='word_1_495' title='bbox 554 4122 678 4173; x_wconf 81' lang='lat' dir='ltr'>nossent.</span> <span class='ocrx_word' id='word_1_496' title='bbox 715 4119 887 4189; x_wconf 78' lang='lat' dir='ltr'>inquinandi</span> <span class='ocrx_word' id='word_1_497' title='bbox 910 4124 1032 4176; x_wconf 82' lang='lat' dir='ltr'>verbum</span> <span class='ocrx_word' id='word_1_498' title='bbox 1050 4122 1127 4176; x_wconf 80' lang='lat' dir='ltr'>baud</span> <span class='ocrx_word' id='word_1_499' title='bbox 1145 4122 1330 4175; x_wconf 83' lang='lat' dir='ltr'>incommode</span> <span class='ocrx_word' id='word_1_500' title='bbox 1349 4144 1366 4177; x_wconf 82' lang='lat' dir='ltr'>a</span> 
     </span>
     <span class='ocr_line' id='line_1_54' title="bbox 206 4184 1362 4263; baseline 0.01 -27"><span class='ocrx_word' id='word_1_501' title='bbox 206 4196 291 4236; x_wconf 85' lang='lat' dir='ltr'>coeno</span> <span class='ocrx_word' id='word_1_502' title='bbox 310 4184 468 4251; x_wconf 84' lang='lat' dir='ltr'>(stercore)</span> <span class='ocrx_word' id='word_1_503' title='bbox 487 4185 570 4239; x_wconf 81' lang='lat' dir='ltr'>duxit</span> <span class='ocrx_word' id='word_1_504' title='bbox 589 4187 615 4240; x_wconf 89' lang='lat' dir='ltr'>J.</span> <span class='ocrx_word' id='word_1_505' title='bbox 628 4189 662 4242; x_wconf 85' lang='lat' dir='ltr'>G.</span> <span class='ocrx_word' id='word_1_506' title='bbox 672 4189 790 4262; x_wconf 80' lang='lat' dir='ltr'>Vossius</span> <span class='ocrx_word' id='word_1_507' title='bbox 810 4193 841 4245; x_wconf 90' lang='lat' dir='ltr'>in</span> <span class='ocrx_word' id='word_1_508' title='bbox 855 4192 1277 4263; x_wconf 73' lang='lat' dir='ltr'>Etymol.1..1..·s.v.coennn.</span> <span class='ocrx_word' id='word_1_509' title='bbox 1300 4191 1362 4247; x_wconf 88' lang='lat' dir='ltr'>Mr.</span> 
     </span>
    </p>
   </div>
   <div class='ocr_carea' id='block_1_6' title="bbox 204 4273 1363 4421">
    <p class='ocr_par' dir='ltr' id='par_1_10' title="bbox 204 4273 1363 4421">
     <span class='ocr_line' id='line_1_55' title="bbox 279 4273 1363 4350; baseline 0.011 -26"><span class='ocrx_word' id='word_1_510' title='bbox 279 4273 322 4326; x_wconf 84' lang='lat' dir='ltr'>sel</span> <span class='ocrx_word' id='word_1_511' title='bbox 340 4273 500 4344; x_wconf 79' lang='lat' dir='ltr'>republica</span> <span class='ocrx_word' id='word_1_512' title='bbox 517 4276 668 4347; x_wconf 82' lang='lat' dir='ltr'>eiciendo]</span> <span class='ocrx_word' id='word_1_513' title='bbox 704 4277 825 4335; x_wconf 75' lang='lat' dir='ltr'>Prersm</span> <span class='ocrx_word' id='word_1_514' title='bbox 842 4281 1042 4350; x_wconf 84' lang='lat' dir='ltr'>scriptionem,</span> <span class='ocrx_word' id='word_1_515' title='bbox 1070 4296 1141 4348; x_wconf 82' lang='lat' dir='ltr'>quse</span> <span class='ocrx_word' id='word_1_516' title='bbox 1160 4297 1276 4334; x_wconf 87' lang='lat' dir='ltr'>sensum</span> <span class='ocrx_word' id='word_1_517' title='bbox 1297 4290 1363 4336; x_wconf 86' lang='lat' dir='ltr'>tur-</span> 
     </span>
     <span class='ocr_line' id='line_1_56' title="bbox 204 4343 1362 4421; baseline 0.009 -23"><span class='ocrx_word' id='word_1_518' title='bbox 204 4344 255 4401; x_wconf 79' lang='lat' dir='ltr'>bat</span> <span class='ocrx_word' id='word_1_519' title='bbox 278 4343 348 4409; x_wconf 89' lang='lat' dir='ltr'>(non</span> <span class='ocrx_word' id='word_1_520' title='bbox 371 4345 451 4398; x_wconf 87' lang='lat' dir='ltr'>enim</span> <span class='ocrx_word' id='word_1_521' title='bbox 475 4346 506 4399; x_wconf 91' lang='lat' dir='ltr'>in</span> <span class='ocrx_word' id='word_1_522' title='bbox 531 4349 662 4403; x_wconf 78' lang='lat' dir='ltr'>violanda</span> <span class='ocrx_word' id='word_1_523' title='bbox 687 4367 744 4418; x_wconf 84' lang='lat' dir='ltr'>rep.</span> <span class='ocrx_word' id='word_1_524' title='bbox 770 4354 820 4407; x_wconf 73' lang='lat' dir='ltr'>ced</span> <span class='ocrx_word' id='word_1_525' title='bbox 841 4369 872 4406; x_wconf 69' lang='lat' dir='ltr'>eo</span> <span class='ocrx_word' id='word_1_526' title='bbox 898 4350 971 4421; x_wconf 84' lang='lat' dir='ltr'>quod</span> <span class='ocrx_word' id='word_1_527' title='bbox 994 4348 1099 4413; x_wconf 71' lang='lat' dir='ltr'>violent</span> <span class='ocrx_word' id='word_1_528' title='bbox 1126 4368 1212 4420; x_wconf 85' lang='lat' dir='ltr'>remp.</span> <span class='ocrx_word' id='word_1_529' title='bbox 1242 4354 1362 4408; x_wconf 78' lang='lat' dir='ltr'>frendes</span> 
     </span>
    </p>
   </div>
   <div class='ocr_carea' id='block_1_7' title="bbox 206 4416 1360 4498">
    <p class='ocr_par' dir='ltr' id='par_1_11' title="bbox 206 4416 1360 4498">
     <span class='ocr_line' id='line_1_57' title="bbox 206 4416 1360 4498; baseline 0.006 -23"><span class='ocrx_word' id='word_1_530' title='bbox 206 4417 361 4490; x_wconf 81' lang='lat' dir='ltr'>concipere</span> <span class='ocrx_word' id='word_1_531' title='bbox 378 4416 530 4487; x_wconf 79' lang='lat' dir='ltr'>dicuntur)</span> <span class='ocrx_word' id='word_1_532' title='bbox 552 4420 597 4475; x_wconf 78' lang='lat' dir='ltr'>net</span> <span class='ocrx_word' id='word_1_533' title='bbox 616 4419 655 4473; x_wconf 90' lang='lat' dir='ltr'>in</span> <span class='ocrx_word' id='word_1_534' title='bbox 680 4437 711 4475; x_wconf 83' lang='lat' dir='ltr'>re</span> <span class='ocrx_word' id='word_1_535' title='bbox 731 4423 848 4493; x_wconf 78' lang='lat' dir='ltr'>publica</span> <span class='ocrx_word' id='word_1_536' title='bbox 864 4420 997 4481; x_wconf 75' lang='lat' dir='ltr'>viennen</span> <span class='ocrx_word' id='word_1_537' title='bbox 1013 4420 1121 4478; x_wconf 80' lang='lat' dir='ltr'>babent</span> <span class='ocrx_word' id='word_1_538' title='bbox 1138 4425 1268 4498; x_wconf 84' lang='lat' dir='ltr'>quinque</span> <span class='ocrx_word' id='word_1_539' title='bbox 1287 4423 1360 4483; x_wconf 77' lang='lat' dir='ltr'>nu.</span> 
     </span>
    </p>
   </div>
   <div class='ocr_carea' id='block_1_8' title="bbox 0 0 1418 5070">
    <p class='ocr_par' dir='ltr' id='par_1_12' title="bbox 0 0 1418 5070">
     <span class='ocr_line' id='line_1_58' title="bbox 0 0 1418 5070; baseline 0 0"><span class='ocrx_word' id='word_1_540' title='bbox 0 0 1418 5070; x_wconf 95' lang='lat' dir='ltr'> </span> 
     </span>
    </p>
   </div>
  </div>
 </body>
</html>
