2828 5070
321 254 338 281 ⁴
415 402 422 415 ο
496 305 628 372 nrum
649 305 692 383 11,
721 306 771 372 ro.

223 472 370 542 Pinnata
391 474 495 538 cauda
513 465 657 537 ademta
680 471 794 536 adulat
814 467 1009 554 adagninem

57 664 185 718 fabulam
202 665 351 737 negarim:
381 681 448 714 nam
466 661 615 732 Προμηθέα
632 660 785 730 δεσμώτην,
808 653 946 728 λυόμενον
968 667 997 712 at
1015 660 1137 726 asarela
1156 660 1217 711 sive

58 738 207 819 puppdoov
226 735 342 818 scripsit
356 733 674 817 Aeschylusiquorum
694 732 846 804 δραμάτων
862 731 1000 815 primunr
1008 733 1105 814 forsan
1113 731 1217 784 Accius

59 826 91 858 rn
109 807 240 881 huguam
258 808 390 859 Latinam
408 806 573 871 transtulit,
593 814 699 870 noster,
719 805 793 858 hanc
811 803 929 856 secunda
945 803 1128 873 particulam.
1153 803 1191 856 D.

129 902 157 949 et
182 895 301 947 sublime
324 895 517 961 advolans]
554 894 637 960 „Hoc
663 894 694 945 in
712 893 787 947 vitio
805 901 857 959 est,
884 892 941 944 nisi
959 909 1005 945 me
1023 900 1219 944 transversum

58 967 183 1019 amentia
208 966 286 1036 rapit
309 967 341 1018 in
366 982 509 1019 errorem:
540 974 611 1035 puto
635 965 722 1030 euim,
752 982 819 1018 cum
837 965 950 1034 aquilae
973 963 1136 1016 advolatum
1154 972 1219 1016 ante

59 1038 219 1107 scripserit,
239 1037 384 1089 arelatum
403 1054 479 1089 nunc
507 1037 567 1088 eius
586 1037 760 1088 narrandum
779 1054 845 1089 esse.
882 1036 963 1110 Ergo
989 1035 1070 1086 nulla
1092 1043 1137 1087 tot
1162 1034 1221 1085 edi-

59 1108 172 1160 tionum
198 1117 227 1160 et
251 1110 442 1177 mysticorum
467 1107 609 1159 librorum
632 1107 806 1159 verecundia
833 1108 934 1161 ductus
962 1106 1055 1158 veluti
1079 1105 1221 1176 perfricta

59 1181 157 1231 fronte
176 1178 295 1231 sublime
312 1182 426 1232 avolant
443 1179 597 1254 legendum
617 1195 675 1230 esse
704 1178 903 1232 adseverabo.“
933 1176 1078 1230 Turnebus
1094 1177 1114 1229 l.
1135 1192 1160 1229 c.
1181 1176 1218 1229 ll.

59 1253 86 1303 9.
106 1268 134 1318 p.
155 1254 199 1303 47.
236 1252 406 1302 Assentiunt
424 1251 520 1302 Lamb.
542 1259 570 1302 et
589 1249 637 1301 Fr.
658 1249 740 1302 fabr.
779 1251 892 1314 „Locus
909 1247 992 1301 Accii
1011 1248 1086 1322 apud
1105 1247 1165 1304 Cic.
1181 1248 1219 1303 11.

60 1320 174 1384 Tusco,
194 1322 324 1390 quamvis
344 1338 390 1373 eos
407 1338 506 1374 versus
525 1320 634 1372 indicat
653 1321 713 1391 ipse
733 1341 749 1374 a
767 1339 796 1374 se
814 1336 910 1373 versos
930 1337 965 1372 ex
983 1320 1141 1390 Aeschylo:
1172 1318 1222 1372 sed

61 1391 200 1456 intexuit,
233 1408 306 1461 quae
338 1393 451 1444 invenit
476 1409 607 1461 expressa
631 1409 647 1443 a
671 1393 818 1445 veteribus
851 1392 980 1465 tragicis.
1023 1391 1105 1443 Libri
1129 1390 1222 1443 nostri

61 1460 168 1514 habent
186 1462 229 1515 tal
247 1462 302 1514 mei
319 1464 423 1526 velans,
443 1473 476 1515 at
493 1463 628 1515 rideatur
645 1464 734 1515 fuisse
753 1462 872 1516 sublime
890 1462 1033 1515 amlans.“
1061 1462 1223 1516 Mercerlue

60 1533 95 1583 ad
113 1534 188 1585 Non.
209 1533 338 1586 Marcell.
358 1552 386 1606 p.
407 1537 468 1589 647.
498 1535 595 1598 „Bene
612 1534 760 1586 Bentleius
778 1536 908 1588 auolant:
927 1534 1003 1604 quod
1020 1551 1067 1586 res
1084 1534 1220 1606 postulat.

60 1604 103 1655 sic
128 1605 261 1656 aversari
284 1622 367 1675 saepe
389 1613 532 1658 mutatum
558 1614 600 1658 est
624 1606 655 1657 in
680 1604 863 1659 adversarif‘
887 1606 1034 1659 aracaeus.
1073 1606 1107 1657 fn
1126 1613 1221 1658 annot.

61 1675 140 1726 nihil
164 1686 263 1729 monet
286 1676 443 1730 Bentleius.
486 1675 542 1730 Sed
568 1677 684 1729 emtam
715 1676 806 1730 edidit
832 1673 901 1728 Dav'.
932 1678 964 1729 in
990 1676 1043 1728 Ed.
1064 1678 1089 1730 7.
1118 1676 1149 1728 in
1168 1690 1224 1747 qua

61 1747 244 1801 Bentleianas
262 1748 295 1800 ab
314 1764 347 1801 eo
367 1747 580 1800 emendationes
599 1764 658 1801 essa
677 1755 807 1817 receptas
826 1756 944 1800 constat.
976 1748 1010 1799 ln
1027 1747 1081 1800 m.
1103 1747 1127 1798 l.
1147 1756 1224 1818 post·

62 1835 149 1886 quam
169 1819 377 1872 emendationis
396 1819 512 1871 avolana
530 1820 709 1871 mentionem
724 1819 804 1879 fecit,
824 1818 918 1869 addit:
939 1819 1024 1886 „lpse
1042 1819 1140 1889 paullo
1157 1834 1225 1888 pro-

62 1889 126 1956 pius
145 1890 180 1941 ad
198 1899 344 1959 receptam
363 1891 520 1942 lectionem
539 1889 719 1942 correxerim
744 1888 859 1940 sublime
877 1890 1020 1942 aduolant.
1049 1889 1113 1942 Sed
1122 1904 1225 1959 parum

63 1960 188 2011 refert.“
224 1962 258 2013 ln
277 1963 398 2013 secunda
417 1962 469 2013 Ed.
490 1977 663 2029 quamquam
682 1959 773 2013 edidit
790 1961 913 2025 avolans,
941 1961 1071 2013 defendit
1089 1959 1226 2013 aduolant

63 2029 161 2082 eodem
181 2032 243 2083 fere
263 2032 355 2096 modo,
376 2049 431 2101 quo
452 2034 482 2083 in
501 2032 597 2093 tertia,
630 2031 695 2084 aliis
712 2047 784 2083 vero
801 2031 873 2083 locis
891 2031 1042 2084 adhibitis:
1076 2031 1148 2098 „sic,
1173 2032 1225 2097 ait,

63 2101 162 2171 paullo
181 2111 258 2171 post:
279 2102 358 2156 Saxa
377 2104 492 2156 assidue
509 2102 664 2166 instillant,
690 2102 802 2173 stillant
821 2102 929 2155 assidue
956 2104 987 2154 in
1006 2121 1078 2154 saxa.
1116 2103 1156 2155 Et
1173 2101 1224 2155 lib.

63 2174 96 2222 V.
116 2190 141 2224 c.
162 2176 205 2227 2³.
242 2175 376 2226 Animam
395 2174 508 2228 adverti
525 2174 708 2239 columellam,
735 2175 862 2225 animum
882 2174 959 2225 verti
977 2173 1012 2226 ad
1029 2173 1224 2226 columellam.

63 2244 217 2296 Lucretius
236 2247 258 2298 1.
274 2250 346 2301 tlt:
379 2261 416 2299 an
440 2245 594 2313 pecudea
617 2245 694 2297 alias
721 2243 860 2296 divinitae
878 2243 1002 2295 ineiaael
1021 2260 1064 2297 ae:
1099 2244 1155 2297 boc
1174 2253 1226 2313 est,

63 2315 158 2367 sinuet
176 2334 204 2368 se
224 2317 255 2369 in
273 2317 411 2388 pecudes:
432 2327 461 2370 et
478 2336 507 2369 v.
527 2319 594 2371 327:
621 2319 666 2368 Aa
683 2330 762 2367 mere
786 2329 858 2384 qaae
876 2313 1034 2382 impendent
1054 2346 1088 2356 -
1106 2342 1140 2353 -
1158 2331 1229 2385 pen-

64 2386 133 2437 dent
153 2388 183 2437 in
202 2404 288 2439 unare.
327 2388 525 2452 infinitasuut
544 2389 616 2451 loca,
636 2403 710 2456 qaae
725 2386 782 2439 hoc
800 2385 883 2438 modo
902 2387 1011 2438 resolvi
1029 2382 1142 2451 debent,
1162 2385 1229 2456 qai-

63 2457 115 2507 bus
134 2457 307 2530 colligendis
326 2468 439 2528 tempus
458 2475 516 2511 non
535 2457 733 2512 consumam.“
760 2456 963 2509 hullemannus
981 2456 1118 2510 Turnebc
1135 2473 1229 2525 amen-

65 2527 119 2592 tit,
139 2537 314 2598 receperunt
333 2531 405 2581 item
424 2529 538 2582 avolans
555 2537 620 2600 post
638 2529 795 2581 Ernestum
818 2528 851 2580 1¹⁸.
873 2529 904 2579 Α.
924 2528 1020 2583 Wolf.
1049 2527 1133 2581 Saba.
1162 2528 1226 2614 Bip.

66 2599 113 2650 Or.
134 2599 224 2650 Nobb.
244 2600 317 2650 Tbn.
355 2602 457 2668 Neque
486 2615 538 2677 ego
556 2600 665 2652 Davisii
687 2599 737 2651 vel
764 2599 922 2652 rationibus
949 2600 999 2652 vel
1018 2600 1158 2671 exemplis
1176 2599 1229 2653 alr·
1296 2668 1299 2672 .

66 2670 137 2738 quid
155 2670 341 2722 tribuendum
359 2672 436 2722 duxi.
474 2672 587 2724 Habent
610 2670 730 2723 (molatae
753 2670 839 2723 Codd.
865 2670 955 2725 Rebd.
980 2671 1077 2724 Dulsb.
1121 2672 1229 2725 Errare

65 2747 162 2825 autem
180 2740 330 2824 Davisium
353 2742 435 2830 locis⁸
452 2743 548 2796 allatis
571 2742 720 2816 vulgatam
738 2741 950 2826 defendentem,
975 2759 1059 2826 nemo
1077 2742 1229 2808 dubitabit,

66 2821 328 2937 &titillat
347 2813 721 2952 atillzlltlt'dt:
739 2813 961 2956 iiiai'e‘luii
980 2814 1231 2953 {illailla

67 2971 153 3023 supra
172 2956 194 3007 1.
217 2960 259 3010 17.
279 2966 341 3009 cst:
361 2957 470 3010 animoa
488 2989 522 3000 -
541 2957 660 3010 sublime
680 2956 765 3021 ferti.
801 2956 862 3010 Mr.

137 3043 266 3096 Eunaia
284 3048 376 3101 cauda
395 3052 522 3100 nostram
541 3046 641 3101 adulat
660 3044 840 3116 sanguinem]
878 3046 1001 3100 Psarela
1025 3046 1131 3103 babent
1157 3062 1232 3098 unus

67 3115 130 3177 Ox,
149 3115 238 3168 llebd.
259 3117 333 3194 Aug.
352 3118 437 3170 Vind.
459 3123 482 3173 l.
521 3119 555 3171 ln
574 3121 649 3174 Mon.
670 3122 694 3172 l.
715 3124 757 3173 est
773 3120 897 3186 pomula.
925 3118 1024 3193 Pergit
1040 3118 1127 3170 blarb.
1148 3123 1231 3172 caelu

68 3201 134 3236 cum
154 3185 259 3237 duobus
279 3187 348 3239 On.
387 3188 431 3240 Ad
449 3189 536 3242 verba
555 3189 693 3241 convenit
716 3189 798 3241 locus
816 3188 850 3241 de
868 3188 934 3242 Div.
955 3191 977 3242 1.
998 3192 1041 3245 4⁷.
1065 3191 1131 3244 106:
1158 3187 1232 3254 (ite-

67 3271 133 3306 rum
158 3256 254 3306 laudat
278 3258 397 3311 Billerb.
429 3259 573 3328 Epistolas
597 3260 632 3312 ad
654 3259 799 3324 Diversus)
826 3259 875 3311 ubi
900 3260 996 3330 aquila
1023 3259 1135 3312 dicitur
1151 3256 1231 3313 Iovia

64 3325 187 3393 pinnata
206 3326 328 3380 satelles.
357 3330 457 3404 Pergit
468 3329 544 3382 Gud.
560 3330 642 3383 adedo
661 3338 832 3393 nostrorum,
849 3329 944 3383 Duisb.
964 3337 1093 3384 nostrum
1112 3327 1232 3399 adimat,

68 3395 141 3469 Aug.
164 3406 192 3450 et
212 3406 335 3467 quatuor
354 3399 403 3452 ox.
425 3401 548 3467 advolat,
566 3419 640 3453 unus
659 3402 779 3455 adullal.
807 3400 893 3456 Goth.
923 3400 957 3454 ad
975 3421 1003 3455 v.
1023 3401 1122 3455 udulal
1141 3401 1231 3461 haecz

68 3468 215 3534 „Adulare
233 3468 283 3521 bic
302 3478 344 3522 est
361 3470 499 3535 lambere,
531 3481 676 3543 expetere,
705 3482 755 3528 aut
782 3488 848 3525 sane
867 3471 1009 3526 adulantis
1036 3472 1120 3526 modo
1144 3471 1233 3527 caude
1256 3531 1258 3534 Α
1304 3491 1311 3504 ·

68 3541 228 3611 pennisque
248 3541 392 3616 attingere
404 3542 423 3570 ‘⁴
443 3543 519 3607 „llic
531 3559 630 3596 versus
644 3543 795 3597 Graeciam
802 3544 878 3597 olet:
897 3552 931 3596 ut
951 3544 1029 3597 enim
1047 3544 1183 3601 relaxatio
1201 3552 1232 3599 et

67 3614 185 3664 θωπεύει)
205 3629 272 3663 curn
291 3613 477 3666 accusationis
496 3614 643 3666 declinata
663 3614 746 3667 Graii
767 3617 900 3691 iungunt,
920 3616 961 3668 sio
981 3624 1010 3667 et
1027 3615 1130 3668 Latine
1148 3615 1231 3683 fecit,

68 3691 181 3735 secutus
198 3691 346 3737 auctorem
365 3684 490 3751 Attium,
519 3685 601 3737 cuius
625 3684 705 3738 bunc
722 3702 838 3739 versum
857 3702 873 3739 e
891 3686 1061 3741 Prometheo
1085 3693 1232 3743 mutuatus

69 3759 120 3803 est.
157 3754 278 3830 Tragici
297 3755 391 3831 igitur
408 3755 556 3809 audaciam
574 3765 694 3809 nonest
710 3757 821 3809 veritus
840 3757 989 3810 aemulari.
1027 3757 1082 3811 Sed
1121 3766 1232 3812 notan·

69 3822 135 3874 dem
153 3842 237 3878 sensu
253 3826 304 3879 bic
323 3827 424 3881 aalma
442 3827 569 3880 dicitur?
602 3826 642 3880 Et
661 3827 770 3894 audivi,
798 3827 849 3897 qui
875 3828 995 3882 adulare
1022 3845 1077 3898 per
1101 3775 1234 3884 demina·

69 3893 182 3947 tionem
207 3910 261 3964 pro
284 3897 407 3951 adorare
434 3897 547 3950 dictum
570 3897 711 3966 crederet,
739 3907 768 3951 et
793 3899 1045 3969 interpretaretur,
1064 3899 1234 3976 sanguinem

68 3966 683 4092 ἵξεῒῖἱξιέἑὲυξὴὲειιᾶᾒοῐιηοῖιιῒδὶαυῗῃῒιιτ.
721 3968 888 4094 11ωέεοῗί
903 3968 1082 4094 quimlaotdil
1093 3981 1232 4101 §.xpopiat

70 4054 143 4160 talio
161 4104 209 4173 sit,
230 4119 260 4162 et
278 4055 510 4182 ardidilassupdl
521 4055 631 4166 idleret
646 4057 868 4165 tpmgtttlllmmgpe
887 4056 1107 4191 &inflatilia
1117 4059 1233 4172 ἑοαῐηῖ

69 4179 132 4232 tbei
156 4179 279 4235 uulnera
297 4182 496 4258 perstringere
515 4183 684 4253 cruorisque
703 4182 814 4253 aliquid
837 4183 998 4308 detergere,
1026 4185 1176 4263 eleganter
1201 4195 1230 4240 et

69 4260 189 4303 venuste
216 4261 325 4306 tactum
349 4254 454 4307 caudae
481 4254 653 4329 attingentis
676 4262 706 4306 et
728 4262 865 4326 tanquam
932 4255 1027 4326 pantie
1051 4272 1080 4310 sa
1142 4258 1230 4323 nem,

70 4321 263 4377 adulationem
280 4341 339 4378 esse
356 4325 531 4396 appellatam
549 4341 660 4392 censeo,
679 4325 757 4395 qnod
774 4326 860 4379 edula
909 4329 1090 4400 propriecau
1128 4329 1230 4381 esit.“

74 4391 219 4444 Tametra
239 4396 259 4446 1.
279 4413 304 4449 o.
324 4416 353 4468 p.
373 4400 416 4453 47.
454 4397 549 4465 „illibi
568 4396 694 4468 quidem,
721 4397 762 4450 ait
778 4398 879 4466 Βοιὼ,
907 4415 1005 4454 errare
1022 4400 1140 4452 videtur
1156 4399 1232 4452 'fur-

72 4461 178 4514 nebus:
207 4481 274 4519 uam
291 4483 386 4536 neque
404 4469 471 4522 veri
497 4477 540 4524 eat
557 4468 654 4523 simile
672 4468 760 4525 cauea
777 4471 891 4543 aquilas
908 4470 1054 4527 detersum
1070 4485 1131 4524 esse
1148 4486 1232 4526 cruo-
1256 4471 1263 4484 '
