2828 5070
65 280 129 349 ul)
271 276 499 341 CICERONIS
520 279 768 347 tusconen.
789 280 1049 347 DISPUTAT.

8 453 46 515 17
67 443 126 505 ubi
159 451 288 504 tantum
311 444 419 506 luctue
447 447 673 509 continuatur.
723 445 825 521 Vide,
853 467 968 528 quam
999 466 1076 509 non
1094 447 1213 510 flebiliter

151 558 156 562 .
183 557 290 563 ...η-..-
311 557 380 564 -.--
402 559 417 563 -
646 557 715 565 -ιυι-

67 596 169 666 petite,
199 597 373 719 pervulgieta
391 606 442 655 est.
479 601 571 652 Locus
596 598 690 673 igitur
717 599 758 651 sic
777 598 980 668 explicandus
1002 600 1144 654 ridetur:
1172 601 1213 653 tte

68 684 154 737 quam
174 683 232 718 non
251 667 318 721 flebr
333 671 390 721 iter
407 671 580 738 respondeat
598 668 685 722 homo
705 670 890 733 exercitatus,
914 689 1019 741 quum
1042 671 1214 726 tantustncte

67 736 115 792 vel
135 745 179 788 tot
198 738 271 792 tnala
291 748 320 791 et
339 741 516 795 calamitates
535 741 746 812 constipantur,
765 740 829 793 vel:
856 742 954 794 etiarn
976 750 1063 809 tum,
1085 762 1169 813 quum
1181 760 1214 794 ue

67 809 105 862 lis
125 810 340 879 constipetur.“
358 808 482 868 Kellner.
520 813 583 864 lloc
600 828 681 875 vero,
706 828 881 881 quamquem
911 813 1084 891 ingeniose
1108 816 1216 891 excepit>

67 889 141 941 tum,
176 888 219 932 est
238 882 373 956 obtegere
391 883 509 948 vulnus,
537 898 596 935 non
623 900 731 935 saum.
769 884 933 951 Nunquam
966 902 1031 962 ego
1053 886 1217 950 adducent

67 952 155 1006 verba
179 953 228 1004 ubi
248 955 479 1005 —continuatur
511 955 561 1007 vel
590 952 645 1005 hac
674 954 722 1007 vel
755 954 811 1007 elie
836 958 1007 1019 sententie,
1048 958 1217 1011 obemrieein

70 1031 150 1077 certe
170 1031 198 1075 et
217 1042 232 1076 a
250 1027 404 1094 perspicua
416 1024 509 1077 Tullii
529 1026 677 1077 locutione
695 1025 885 1088 alienissima,
908 1045 926 1079 a
945 1027 1108 1082 Cicerone
1125 1030 1218 1099 pratee

69 1096 201 1159 credetne
222 1112 311 1163 quare
330 1098 427 1165 potius
446 1098 619 1151 accesserim
638 1093 770 1148 Schtiteii
790 1099 971 1164 sententiae,
1001 1102 1063 1169 qui
1083 1101 1116 1152 in
1136 1100 1218 1169 Opust

68 1183 97 1235 p.
119 1169 180 1220 tlt.
208 1183 240 1218 ea
262 1164 348 1219 verbe
373 1175 423 1218 aut
447 1184 567 1236 prorsus
592 1174 730 1236 corrupte
754 1173 804 1220 eut
830 1167 967 1222 insititie
994 1188 1069 1225 esse
1097 1172 1219 1226 uiniae

71 1253 136 1289 cum
156 1237 193 1288 iis
212 1238 259 1289 vel
279 1237 379 1289 nulius
407 1239 494 1306 plane
518 1238 567 1291 vel
592 1238 716 1290 minime
738 1244 822 1307 aptus
843 1239 946 1291 inesse
974 1258 1092 1296 censue
1111 1242 1218 1295 vitute

69 1308 185 1360 Nissen.
212 1307 352 1360 adhaec:
378 1310 475 1371 „llaec
492 1325 551 1362 non
569 1309 662 1377 capio,
688 1309 746 1361 nisi
765 1310 805 1360 ite
826 1310 1088 1379 interpunxerisr
1121 1313 1174 1368 Uli
1186 1310 1221 1363 tl

71 1380 249 1432 continuatur
271 1381 303 1442 (a
321 1380 453 1432 Patroclo
480 1381 510 1433 in
537 1380 668 1433 versibus
688 1379 821 1444 omissis),
846 1379 915 1432 uide
946 1384 1038 1435 cet.“
1066 1385 1158 1438 Codd
1178 1384 1222 1456 dg.

71 1450 146 1504 Gud.
168 1452 244 1500 lllon.
266 1452 290 1502 2.
319 1450 391 1523 Aug.
416 1448 524 1503 hebent
547 1452 650 1502 lactum
675 1466 742 1503 cnm
761 1466 820 1502 uno
838 1450 901 1514 Ox,
939 1453 1028 1507 alius
1057 1455 1223 1512 habstten

72 1519 147 1574 'l’um
176 1519 246 1592 Reg.
273 1519 347 1571 Gud.
372 1527 393 1573 l.
422 1529 483 1574 tres
510 1521 582 1575 Oxx.
615 1521 702 1573 lllarb.
735 1522 922 1586 continuatae,
951 1525 1037 1600 Aug.
1076 1529 1225 1582 contemti

70 1591 152 1645 Unus
172 1589 221 1641 Ox.
241 1590 448 1656 contineamur,
468 1592 542 1644 elius
563 1593 712 1655 continuat,
736 1593 793 1644 duo
811 1594 1033 1648 continuamus.
1078 1597 1227 1652 Bouhieriu

70 1661 107 1715 ed
125 1659 186 1714 h.l.
208 1659 267 1735 legi
286 1661 352 1714 vult
369 1670 461 1715 tamen
501 1670 670 1717 rotantem.
700 1662 778 1716 ldem
796 1680 832 1716 ex
850 1679 908 1716 uno
923 1665 1014 1722 hein.
1041 1670 1138 1724 affert
1154 1669 1228 1724 ledit·

71 1748 138 1787 uem
158 1738 266 1785 tantum
285 1733 395 1799 luctum,
415 1752 450 1787 ex
468 1682 541 1787 ailoe
563 1741 671 1786 tantum
690 1733 792 1786 iactam
809 1735 973 1789 contineat.
1007 1740 1080 1792 Mr.
1113 1743 1229 1805 ,Λυκίη

71 1803 160 1858 tectos
178 1803 207 1856 ln
222 1806 242 1856 l.
262 1805 373 1857 dictum
393 1814 488 1858 estut
507 1811 612 1857 tantam
632 1805 752 1857 itineris
770 1807 845 1875 apud
854 1805 1000 1860 Tacitum
1021 1812 1137 1887 Agr-ic.
1155 1812 1229 1868 eet*

72 1876 159 1930 Orell.
196 1876 322 1939 „Aeceelt'
350 1883 430 1928 certe.
469 1874 641 1944 Eurypliltte
665 1880 736 1930 Veu.
760 1882 782 1931 l.
803 1881 828 1930 t.
856 1876 930 1929 ltled.
956 1880 982 1931 l.
1026 1879 1094 1937 Sed
1113 1883 1232 1938 herlu

72 1947 226 2016 Eurypllue
250 1948 327 1998 dant.
371 1946 482 2000 Accedi.
522 1948 605 2000 Certe
624 1948 773 2016 eurypylae
791 1946 865 2000 ttted.
886 1951 911 2002 2.
934 1949 1028 2005 dunt.
1054 1955 1127 2010 Asc.
1144 1961 1168 2012 1.
1189 1952 1231 2006 tlt

73 2018 137 2071 Cer.
158 2015 256 2086 Steph.
277 2016 330 2068 Ed.
352 2015 434 2069 Scur.
454 2018 540 2087 plane
560 2026 640 2071 caret
657 2016 879 2071 distinctione.“
907 2019 1012 2072 neiat.

147 2088 230 2140 Certe
248 2088 410 2155 Eurypylus
429 2088 501 2153 etc]
538 2086 657 2151 „Placet
683 2089 809 2142 Bentleii
836 2089 961 2146 medela.
1005 2092 1076 2147 lam
1098 2097 1233 2150 nihilne

73 2158 169 2219 lerum,
188 2157 265 2210 nihil
284 2156 426 2222 hiulcum,
447 2160 471 2211 si
491 2160 590 2229 paucis
610 2163 738 2225 mutetis,
765 2160 815 2213 vel
840 2159 897 2212 atio
917 2162 1052 2229 quidem
1076 2167 1233 2222 ordinedie·

73 2228 179 2300 positis
203 2228 299 2306 legas:
332 2230 415 2282 Certe
439 2230 599 2300 Eurypylne
624 2230 668 2283 tlte
693 2231 804 2301 quidem
831 2237 883 2283 eet.
928 2231 1075 2289 Addere!
1104 2239 1235 2292 Patrocle-

75 2301 169 2365 credo,
200 2308 230 2353 nt
254 2301 367 2354 collocet
392 2303 422 2354 in
441 2301 530 2353 cubili
555 2305 581 2353 et
610 2305 709 2355 calnae
733 2302 848 2367 obliget,
874 2301 902 2354 ri
920 2303 1050 2370 quidem
1071 2307 1161 2364 Ᾰοηεο
1176 2314 1235 2364 erret

75 2372 132 2426 snt
150 2370 225 2424 nittt
242 2372 304 2424 eidi
322 2372 422 2425 minue.
462 2372 578 2427 Quaerit
597 2374 678 2437 enim,
706 2373 773 2442 qaid
790 2380 880 2424 aetam
904 2372 972 2425 eit?

146 2443 219 2496 Pat.
250 2445 443 2511 Eloquere,
464 2459 521 2495 ree
540 2444 761 2511 Argivorum
778 2442 927 2511 praelio
946 2452 989 2497 at
1011 2466 1054 2502 ee
1075 2449 1238 2505 sustinet!

148 2514 320 2566 tinnitor
347 2521 428 2581 pote
455 2519 593 2566 tantum
617 2515 735 2581 effari
759 2514 890 2574 dictie,
926 2528 1120 2584 quantam
1149 2522 1240 2590 {aetit

824 2587 1003 2653 suppetit

242 2654 310 2706 Hie
343 2655 489 2707 labarit.
536 2658 685 2711 Qnieece
713 2656 849 2777 igitar?¹
883 2662 915 2706 et
944 2661 1091 2718 calnae
1122 2667 1242 2732 obliga.

853 2732 898 2777 at.
928 2728 1042 2786 Tace.

79 2797 204 2850 Etiamsi
223 2797 383 2865 Eurypylue
400 2805 503 2865 poenal,
522 2815 576 2852 non
594 2805 686 2865 poeeet
707 2799 842 2866 Aeeopae.

151 2869 229 2920 Eur.
258 2868 322 2920 Ubi
345 2870 496 2932 fortuna
515 2869 687 2922 Hectoris

245 2938 411 2992 Nostram
435 2955 554 2992 ocrem
579 2939 689 2991 aciem
714 2939 953 3003 inclinatam,

79 3013 115 3065 Et
134 3017 246 3063 caetera
266 3010 384 3077 explieat
408 3012 438 3063 in
457 3012 562 3063 dolore.
600 3011 649 3064 Sic
675 3017 716 3061 eet
743 3011 818 3061 enim
841 3010 1042 3075 intemperatae
1067 3019 1244 3075 militariam

79 3085 150 3149 forti
168 3083 231 3134 niro
250 3082 355 3151 gloria.
386 3081 560 3134 Ollomioem
580 3081 779 3133 exercitatam!
802 3080 857 3133 ttts·
875 3087 969 3135 tomen
989 3087 1094 3143 luctae
1113 3096 1245 3148 eontinet·

81 3163 137 3217 tur,
166 3155 228 3207 cide
247 3170 328 3223 qaam
347 3169 400 3205 reon
419 3154 552 3215 flebiliter
570 3152 753 3221 respondean
781 3152 921 3204 rationem
939 3155 1037 3210 etiam
1060 3166 1180 3231 afferat,
1209 3178 1245 3215 ene

81 3244 167 3295 aequo
187 3225 281 3278 animo
302 3224 358 3276 eibi
382 3225 524 3289 ferendum
546 3225 598 3276 eit:

415 3295 483 3350 Qui
507 3296 618 3347 alteri
637 3294 936 3362 exitiumparal,
964 3296 1051 3352 eibi

247 3367 327 3417 Eam
352 3366 453 3418 scire
479 3373 625 3434 oportet
649 3374 835 3432 paratam,
863 3371 998 3431 pectem
1026 3379 1068 3424 ut
1093 3373 1246 3444 partiei-

824 3443 882 3503 pet
911 3451 1053 3501 parem.

82 3511 161 3574 Ergo
179 3505 246 3558 llaec
264 3512 420 3571 veteranae,
442 3508 519 3560 etc.“
549 3505 725 3559 Boteltleriue.
765 3507 948 3581 ingeniosam
976 3527 1043 3565 esse
1071 3515 1153 3571 hanc
1171 3519 1245 3572 huius

83 3579 141 3630 loci
159 3577 409 3641 constitutionem,
429 3580 494 3647 quis
513 3581 622 3653 neget?
641 3594 750 3639 veram,
775 3579 839 3646 quis
859 3579 1042 3634 contendere
1065 3591 1168 3642 ausit?
1189 3586 1245 3657 „sic

82 3649 225 3703 rescribo:
265 3647 318 3699 Ulli
337 3654 442 3699 tantum
460 3650 552 3699 teactae
570 3650 762 3713 continuatur,
789 3647 851 3698 vide
870 3663 951 3716 qnam
974 3668 1030 3704 aon
1050 3658 1195 3720 flemis„-
1208 3674 1245 3710 η.

82 3722 225 3789 epondeat.
264 3717 335 3769 Loci
360 3718 446 3771 huius
473 3722 646 3772 sententiam
666 3718 794 3770 turbavit
812 3717 962 3785 hactenus,
991 3725 1024 3775 ni
1045 3728 1155 3794 fallor,
1189 3737 1245 3783 note

82 3790 323 3867 interrogationis
346 3799 413 3859 post
438 3790 557 3843 verbum
577 3791 756 3842 continuatur
776 3790 944 3857 importune
963 3794 1120 3853 collocata
1149 3801 1245 3867 [etiam

83 3866 113 3915 in
132 3864 204 3914 Edd.
225 3863 296 3914 Dav.
316 3861 408 3926 Ernl.
447 3861 548 3931 Neque
577 3861 655 3913 enim
683 3862 846 3935 interrogat
866 3861 978 3924 Cicero,
1014 3867 1070 3922 scd
1101 3878 1244 3931 inemorel,

83 3935 153 4003 quid
172 3934 203 3984 in
223 3942 320 3986 vetere
341 3934 378 3984 eit
397 3932 504 3997 tabula,
534 3933 610 3984 unde
627 3931 816 3999 Eurypylum
845 3933 982 4001 producit
1012 3945 1042 3988 et
1072 3941 1244 4001 Patroclum,

83 4006 180 4057 ambos
199 4004 316 4066 Heroas,
338 4006 369 4055 in
388 4005 491 4071 quibus
510 4004 700 4063 demonstret,
721 4010 863 4069 quantuni
883 4008 1069 4062 consuetudo
1092 4022 1124 4065 et
1144 4012 1246 4067 exerci-

84 4075 156 4127 letio
176 4073 212 4127 nd
230 4073 414 4126 tolerandum
434 4072 562 4127 dolorem
582 4074 702 4126 iaciat.“
723 4074 884 4141 Anonymue
903 4090 946 4145 ap.
960 4076 1118 4135 (ilicetum.
1148 4084 1246 4139 Delen-

84 4147 152 4199 dum
180 4162 238 4198 esso
264 4145 506 4217 interrogationis
534 4145 650 4269 eifinum
678 4144 734 4194 iam
758 4151 857 4196 monet
883 4145 931 4196 vir
958 4146 1064 4204 doctus
1094 4155 1133 4208 ad
1160 4171 1244 4228 marg.

84 4218 147 4273 Asc.
167 4223 282 4268 nostrae
301 4214 450 4269 secundae.
473 4214 540 4271 Cod.
587 4215 651 4268 ehd.
680 4213 737 4266 nisi
756 4220 864 4267 tantam
883 4216 972 4269 lactus
991 4222 1207 4292 continuanter,
1223 4229 1246 4275 et

83 4307 171 4359 supra
190 4287 242 4338 lin.
271 4285 349 4337 Alli.-
368 4288 416 4340 alli
435 4294 528 4340 tantae
548 4285 637 4338 lentae
655 4284 845 4338 continuatur.
874 4286 995 4344 Billerb.
1034 4293 1132 4352 „Nini
1150 4297 1246 4357 mavis,

82 4363 135 4425 eit,
154 4359 306 4432 corrigere
325 4361 487 4413 sententiar
506 4357 746 4410 convenientius:
767 4355 823 4409 Uli
841 4359 860 4409 i.
882 4374 905 4409 e.
924 4364 988 4409 tum
1008 4359 1173 4451 Eurypyli
1190 4382 1248 4420 ver·

82 4433 138 4498 bis,
164 4435 274 4483 tantam
292 4429 376 4483 dolor
400 4428 606 4490 eontenmitar3
639 4426 818 4480 commodine
837 4427 985 4481 Hominem
1009 4444 1204 4493 eoeeeeeeaem
1219 4434 1249 4490 et
