<?xml version="1.0" encoding="UTF-8"?>
<!DOCTYPE html PUBLIC "-//W3C//DTD XHTML 1.0 Transitional//EN"
    "http://www.w3.org/TR/xhtml1/DTD/xhtml1-transitional.dtd">
<html xmlns="http://www.w3.org/1999/xhtml" xml:lang="en" lang="en">
 <head>
  <title>
</title>
<meta http-equiv="Content-Type" content="text/html;charset=utf-8" />
  <meta name='ocr-system' content='tesseract 3.04.00' />
  <meta name='ocr-capabilities' content='ocr_page ocr_carea ocr_par ocr_line ocrx_word'/>
</head>
<body>
  <div class='ocr_page' id='page_1' title='image "./mtulliiciceroni01davigoog_0208.png"; bbox 0 0 2828 5070; ppageno 0'>
   <div class='ocr_carea' id='block_1_1' title="bbox 523 326 1227 417">
    <p class='ocr_par' dir='ltr' id='par_1_1' title="bbox 523 326 1227 417">
     <span class='ocr_line' id='line_1_1' title="bbox 523 326 1227 417; baseline 0.01 -18"><span class='ocrx_word' id='word_1_1' title='bbox 523 332 652 400; x_wconf 71' lang='lat' dir='ltr'><strong>mast</strong></span> <span class='ocrx_word' id='word_1_2' title='bbox 672 328 699 417; x_wconf 73' lang='grc' dir='ltr'><strong>Ῑ,</strong></span> <span class='ocrx_word' id='word_1_3' title='bbox 718 326 768 404; x_wconf 68' lang='lat'><strong>23.</strong></span> <span class='ocrx_word' id='word_1_4' title='bbox 1164 338 1227 408; x_wconf 76' lang='lat' dir='ltr'><strong>l&#39;ib</strong></span> 
     </span>
    </p>
   </div>
   <div class='ocr_carea' id='block_1_2' title="bbox 63 499 1225 668">
    <p class='ocr_par' dir='ltr' id='par_1_2' title="bbox 63 499 1225 668">
     <span class='ocr_line' id='line_1_2' title="bbox 63 499 1225 588; baseline 0.006 -27"><span class='ocrx_word' id='word_1_5' title='bbox 63 499 157 583; x_wconf 71' lang='lat' dir='ltr'><strong>quod</strong></span> <span class='ocrx_word' id='word_1_6' title='bbox 175 499 332 580; x_wconf 51' lang='grc' dir='ltr'><strong>κίμων»</strong></span> <span class='ocrx_word' id='word_1_7' title='bbox 352 506 464 578; x_wconf 77' lang='lat' dir='ltr'><strong>moret,</strong></span> <span class='ocrx_word' id='word_1_8' title='bbox 491 500 568 582; x_wconf 76' lang='lat' dir='ltr'><strong>quio</strong></span> <span class='ocrx_word' id='word_1_9' title='bbox 589 516 748 583; x_wconf 76' lang='lat' dir='ltr'><strong>nonquam</strong></span> <span class='ocrx_word' id='word_1_10' title='bbox 768 500 971 566; x_wconf 70' lang='lat' dir='ltr'><strong>desertiora</strong></span> <span class='ocrx_word' id='word_1_11' title='bbox 989 520 1034 582; x_wconf 87' lang='lat' dir='ltr'><strong>ss,</strong></span> <span class='ocrx_word' id='word_1_12' title='bbox 1065 520 1225 588; x_wconf 75' lang='lat' dir='ltr'><strong>essequam</strong></span> 
     </span>
     <span class='ocr_line' id='line_1_3' title="bbox 63 583 1224 668; baseline 0.005 -23"><span class='ocrx_word' id='word_1_13' title='bbox 63 602 106 646; x_wconf 83' lang='lat' dir='ltr'><strong>sse</strong></span> <span class='ocrx_word' id='word_1_14' title='bbox 126 587 245 647; x_wconf 82' lang='lat' dir='ltr'><strong>moveri</strong></span> <span class='ocrx_word' id='word_1_15' title='bbox 266 583 390 665; x_wconf 80' lang='lat' dir='ltr'><strong>quidem</strong></span> <span class='ocrx_word' id='word_1_16' title='bbox 412 584 540 648; x_wconf 84' lang='lat' dir='ltr'><strong>desinit.</strong></span> <span class='ocrx_word' id='word_1_17' title='bbox 576 586 662 655; x_wconf 80' lang='lat' dir='ltr'><strong>Quin</strong></span> <span class='ocrx_word' id='word_1_18' title='bbox 683 588 777 648; x_wconf 66' lang='lat' dir='ltr'><strong>casm</strong></span> <span class='ocrx_word' id='word_1_19' title='bbox 798 588 926 664; x_wconf 80' lang='lat' dir='ltr'><strong>ceteris,</strong></span> <span class='ocrx_word' id='word_1_20' title='bbox 947 604 1029 668; x_wconf 77' lang='lat' dir='ltr'><strong>quse</strong></span> <span class='ocrx_word' id='word_1_21' title='bbox 1048 599 1224 668; x_wconf 62' lang='lat' dir='ltr'><strong>mator,</strong></span> 
     </span>
    </p>
   </div>
   <div class='ocr_carea' id='block_1_3' title="bbox 56 764 1222 2406">
    <p class='ocr_par' dir='ltr' id='par_1_3' title="bbox 61 764 1221 916">
     <span class='ocr_line' id='line_1_4' title="bbox 62 764 1221 845; baseline 0.009 -24"><span class='ocrx_word' id='word_1_22' title='bbox 62 764 298 822; x_wconf 75' lang='lat' dir='ltr'><strong>Phtonisverba.</strong></span> <span class='ocrx_word' id='word_1_23' title='bbox 319 768 497 836; x_wconf 77' lang='grc' dir='ltr'><em>ΠΑΥΛΑΝ,</em></span> <span class='ocrx_word' id='word_1_24' title='bbox 517 770 622 842; x_wconf 88' lang='lat' dir='ltr'><strong>inquit,</strong></span> <span class='ocrx_word' id='word_1_25' title='bbox 641 770 711 840; x_wconf 71' lang='grc' dir='ltr'><strong>ἔχον</strong></span> <span class='ocrx_word' id='word_1_26' title='bbox 729 770 864 841; x_wconf 63' lang='grc' dir='ltr'><strong><em>κινήσεως,</em></strong></span> <span class='ocrx_word' id='word_1_27' title='bbox 881 766 1051 828; x_wconf 69' lang='lat' dir='ltr'><strong>nArAAtt</strong></span> <span class='ocrx_word' id='word_1_28' title='bbox 1065 774 1124 845; x_wconf 70' lang='grc' dir='ltr'><strong>ἔχη</strong></span> <span class='ocrx_word' id='word_1_29' title='bbox 1141 779 1221 845; x_wconf 67' lang='grc' dir='ltr'><strong>ζωῆς.</strong></span> 
     </span>
     <span class='ocr_line' id='line_1_5' title="bbox 61 839 737 916; baseline 0.009 -25"><span class='ocrx_word' id='word_1_30' title='bbox 61 839 142 906; x_wconf 78' lang='lat' dir='ltr'><strong>Quin</strong></span> <span class='ocrx_word' id='word_1_31' title='bbox 159 846 189 894; x_wconf 86' lang='lat' dir='ltr'><strong>et</strong></span> <span class='ocrx_word' id='word_1_32' title='bbox 208 840 249 892; x_wconf 81' lang='lat' dir='ltr'><strong>its</strong></span> <span class='ocrx_word' id='word_1_33' title='bbox 266 841 379 916; x_wconf 71' lang='lat' dir='ltr'><strong>legitur</strong></span> <span class='ocrx_word' id='word_1_34' title='bbox 396 843 470 912; x_wconf 83' lang='lat' dir='ltr'><strong>apud</strong></span> <span class='ocrx_word' id='word_1_35' title='bbox 488 843 671 895; x_wconf 71' lang='lat' dir='ltr'><strong>macrobium.</strong></span> <span class='ocrx_word' id='word_1_36' title='bbox 700 843 737 897; x_wconf 83' lang='lat' dir='ltr'><strong>D.</strong></span> 
     </span>
    </p>

    <p class='ocr_par' dir='ltr' id='par_1_4' title="bbox 57 910 1222 1837">
     <span class='ocr_line' id='line_1_6' title="bbox 135 910 1220 986; baseline 0.007 -22"><span class='ocrx_word' id='word_1_37' title='bbox 135 911 248 965; x_wconf 60' lang='lat' dir='ltr'><strong>decadi</strong></span> <span class='ocrx_word' id='word_1_38' title='bbox 265 914 374 978; x_wconf 70' lang='lat' dir='ltr'><strong>ficem</strong></span> <span class='ocrx_word' id='word_1_39' title='bbox 390 910 490 965; x_wconf 78' lang='lat' dir='ltr'><strong>babeat</strong></span> <span class='ocrx_word' id='word_1_40' title='bbox 508 929 618 967; x_wconf 80' lang='lat' dir='ltr'><strong>necesse</strong></span> <span class='ocrx_word' id='word_1_41' title='bbox 636 915 699 981; x_wconf 75' lang='lat' dir='ltr'><strong>est]</strong></span> <span class='ocrx_word' id='word_1_42' title='bbox 727 916 772 968; x_wconf 86' lang='lat' dir='ltr'><strong>lta</strong></span> <span class='ocrx_word' id='word_1_43' title='bbox 789 915 893 986; x_wconf 85' lang='lat' dir='ltr'><strong>scripsi</strong></span> <span class='ocrx_word' id='word_1_44' title='bbox 912 933 948 968; x_wconf 85' lang='lat' dir='ltr'><strong>ex</strong></span> <span class='ocrx_word' id='word_1_45' title='bbox 959 916 1045 970; x_wconf 82' lang='lat' dir='ltr'><strong>codd.</strong></span> <span class='ocrx_word' id='word_1_46' title='bbox 1065 917 1106 970; x_wconf 86' lang='lat' dir='ltr'><strong>Re</strong></span> <span class='ocrx_word' id='word_1_47' title='bbox 1128 918 1220 982; x_wconf 60' lang='lat' dir='ltr'><strong>tent.</strong></span> 
     </span>
     <span class='ocr_line' id='line_1_7' title="bbox 61 936 1220 1059; baseline 0.003 -23"><span class='ocrx_word' id='word_1_48' title='bbox 61 981 140 1037; x_wconf 70' lang='lat' dir='ltr'><strong>(iud.</strong></span> <span class='ocrx_word' id='word_1_49' title='bbox 162 988 186 1039; x_wconf 92' lang='lat'><strong>1.</strong></span> <span class='ocrx_word' id='word_1_50' title='bbox 205 986 232 1038; x_wconf 76' lang='lat'><strong>2.</strong></span> <span class='ocrx_word' id='word_1_51' title='bbox 251 981 326 1059; x_wconf 73' lang='lat' dir='ltr'><strong>Aug.</strong></span> <span class='ocrx_word' id='word_1_52' title='bbox 346 985 433 1037; x_wconf 84' lang='lat' dir='ltr'><strong>Marb.</strong></span> <span class='ocrx_word' id='word_1_53' title='bbox 453 987 527 1037; x_wconf 81' lang='lat' dir='ltr'><strong>bion.</strong></span> <span class='ocrx_word' id='word_1_54' title='bbox 550 989 573 1039; x_wconf 93' lang='lat' dir='ltr'><strong>l.</strong></span> <span class='ocrx_word' id='word_1_55' title='bbox 594 988 619 1041; x_wconf 83' lang='lat'><strong>2.</strong></span> <span class='ocrx_word' id='word_1_56' title='bbox 639 986 728 1039; x_wconf 80' lang='lat' dir='ltr'><strong>Rehd.</strong></span> <span class='ocrx_word' id='word_1_57' title='bbox 754 987 851 1039; x_wconf 89' lang='lat' dir='ltr'><strong>Duisb.</strong></span> <span class='ocrx_word' id='word_1_58' title='bbox 877 987 962 1039; x_wconf 86' lang='lat' dir='ltr'><strong>Vind.</strong></span> <span class='ocrx_word' id='word_1_59' title='bbox 983 990 1008 1042; x_wconf 81' lang='lat'><strong>2.</strong></span> <span class='ocrx_word' id='word_1_60' title='bbox 1030 936 1128 1041; x_wconf 50' lang='lat' dir='ltr'><strong>Guelf.</strong></span> <span class='ocrx_word' id='word_1_61' title='bbox 1149 990 1220 1043; x_wconf 79' lang='lat' dir='ltr'><strong>On.</strong></span> 
     </span>
     <span class='ocr_line' id='line_1_8' title="bbox 60 1048 1221 1128; baseline 0.006 -21"><span class='ocrx_word' id='word_1_62' title='bbox 60 1048 137 1107; x_wconf 68' lang='lat' dir='ltr'><strong>Edd.</strong></span> <span class='ocrx_word' id='word_1_63' title='bbox 157 1050 189 1107; x_wconf 82' lang='lat' dir='ltr'><strong>C.</strong></span> <span class='ocrx_word' id='word_1_64' title='bbox 209 1052 242 1105; x_wconf 83' lang='lat' dir='ltr'><strong>V.</strong></span> <span class='ocrx_word' id='word_1_65' title='bbox 263 1054 300 1107; x_wconf 79' lang='lat' dir='ltr'><strong>bt.</strong></span> <span class='ocrx_word' id='word_1_66' title='bbox 320 1055 353 1106; x_wconf 78' lang='lat' dir='ltr'><strong>l..</strong></span> <span class='ocrx_word' id='word_1_67' title='bbox 374 1053 439 1108; x_wconf 82' lang='lat' dir='ltr'><strong>Asc.</strong></span> <span class='ocrx_word' id='word_1_68' title='bbox 461 1060 485 1110; x_wconf 90' lang='lat'><strong>1.</strong></span> <span class='ocrx_word' id='word_1_69' title='bbox 505 1056 539 1108; x_wconf 89' lang='lat' dir='ltr'><strong>H.</strong></span> <span class='ocrx_word' id='word_1_70' title='bbox 561 1056 669 1110; x_wconf 84' lang='lat' dir='ltr'><strong>Sturm.</strong></span> <span class='ocrx_word' id='word_1_71' title='bbox 688 1054 770 1110; x_wconf 83' lang='lat' dir='ltr'><strong>Brut.</strong></span> <span class='ocrx_word' id='word_1_72' title='bbox 791 1052 871 1128; x_wconf 84' lang='lat' dir='ltr'><strong>sylb.</strong></span> <span class='ocrx_word' id='word_1_73' title='bbox 889 1054 962 1111; x_wconf 82' lang='lat' dir='ltr'><strong>Ero.</strong></span> <span class='ocrx_word' id='word_1_74' title='bbox 976 1056 1121 1115; x_wconf 74' lang='lat' dir='ltr'><strong>FAWols.</strong></span> <span class='ocrx_word' id='word_1_75' title='bbox 1134 1058 1221 1114; x_wconf 81' lang='lat' dir='ltr'><strong>Scba.</strong></span> 
     </span>
     <span class='ocr_line' id='line_1_9' title="bbox 61 1122 1222 1199; baseline 0.007 -21"><span class='ocrx_word' id='word_1_76' title='bbox 61 1124 110 1178; x_wconf 93' lang='lat' dir='ltr'><strong>0r.</strong></span> <span class='ocrx_word' id='word_1_77' title='bbox 132 1124 223 1179; x_wconf 88' lang='lat' dir='ltr'><strong>Nobb.</strong></span> <span class='ocrx_word' id='word_1_78' title='bbox 245 1132 273 1177; x_wconf 86' lang='lat' dir='ltr'><strong>et</strong></span> <span class='ocrx_word' id='word_1_79' title='bbox 291 1143 308 1178; x_wconf 88' lang='lat' dir='ltr'><strong>a</strong></span> <span class='ocrx_word' id='word_1_80' title='bbox 325 1122 442 1179; x_wconf 79' lang='lat' dir='ltr'><strong>Reiskio</strong></span> <span class='ocrx_word' id='word_1_81' title='bbox 461 1126 581 1181; x_wconf 79' lang='lat' dir='ltr'><strong>collatae</strong></span> <span class='ocrx_word' id='word_1_82' title='bbox 600 1128 672 1182; x_wconf 84' lang='lat' dir='ltr'><strong>Med.</strong></span> <span class='ocrx_word' id='word_1_83' title='bbox 691 1122 758 1181; x_wconf 81' lang='lat' dir='ltr'><strong>Ald.</strong></span> <span class='ocrx_word' id='word_1_84' title='bbox 779 1126 879 1198; x_wconf 79' lang='lat' dir='ltr'><strong>steph.</strong></span> <span class='ocrx_word' id='word_1_85' title='bbox 917 1128 1029 1199; x_wconf 75' lang='lat' dir='ltr'><strong>Quoque</strong></span> <span class='ocrx_word' id='word_1_86' title='bbox 1055 1138 1122 1183; x_wconf 85' lang='lat' dir='ltr'><strong>ante</strong></span> <span class='ocrx_word' id='word_1_87' title='bbox 1143 1130 1222 1196; x_wconf 69' lang='lat' dir='ltr'><strong>fine·</strong></span> 
     </span>
     <span class='ocr_line' id='line_1_10' title="bbox 61 1193 1219 1255; baseline 0.005 -6"><span class='ocrx_word' id='word_1_88' title='bbox 61 1194 172 1249; x_wconf 79' lang='lat' dir='ltr'><strong>addunt</strong></span> <span class='ocrx_word' id='word_1_89' title='bbox 190 1194 261 1248; x_wconf 75' lang='lat' dir='ltr'><strong>Edd</strong></span> <span class='ocrx_word' id='word_1_90' title='bbox 281 1195 315 1248; x_wconf 88' lang='lat' dir='ltr'><strong>A.</strong></span> <span class='ocrx_word' id='word_1_91' title='bbox 335 1194 366 1249; x_wconf 87' lang='lat' dir='ltr'><strong>B.</strong></span> <span class='ocrx_word' id='word_1_92' title='bbox 388 1195 415 1250; x_wconf 87' lang='lat' dir='ltr'><strong>S.</strong></span> <span class='ocrx_word' id='word_1_93' title='bbox 434 1196 469 1250; x_wconf 83' lang='lat' dir='ltr'><strong>E.</strong></span> <span class='ocrx_word' id='word_1_94' title='bbox 490 1198 521 1251; x_wconf 84' lang='lat' dir='ltr'><strong>G.</strong></span> <span class='ocrx_word' id='word_1_95' title='bbox 540 1198 573 1250; x_wconf 88' lang='lat' dir='ltr'><strong>V.</strong></span> <span class='ocrx_word' id='word_1_96' title='bbox 593 1198 630 1251; x_wconf 81' lang='lat' dir='ltr'><strong>M.</strong></span> <span class='ocrx_word' id='word_1_97' title='bbox 650 1200 683 1252; x_wconf 81' lang='lat'><strong>1..</strong></span> <span class='ocrx_word' id='word_1_98' title='bbox 704 1193 790 1252; x_wconf 83' lang='lat' dir='ltr'><strong>Goth.</strong></span> <span class='ocrx_word' id='word_1_99' title='bbox 810 1200 874 1252; x_wconf 85' lang='lat' dir='ltr'><strong>Asc.</strong></span> <span class='ocrx_word' id='word_1_100' title='bbox 894 1200 920 1254; x_wconf 76' lang='lat'><strong>2.</strong></span> <span class='ocrx_word' id='word_1_101' title='bbox 940 1201 1017 1254; x_wconf 86' lang='lat' dir='ltr'><strong>Cam.</strong></span> <span class='ocrx_word' id='word_1_102' title='bbox 1037 1201 1108 1253; x_wconf 85' lang='lat' dir='ltr'><strong>Ven.</strong></span> <span class='ocrx_word' id='word_1_103' title='bbox 1128 1211 1219 1255; x_wconf 85' lang='lat' dir='ltr'><strong>nostr.</strong></span> 
     </span>
     <span class='ocr_line' id='line_1_11' title="bbox 60 1262 1220 1345; baseline 0.006 -25"><span class='ocrx_word' id='word_1_104' title='bbox 60 1275 90 1320; x_wconf 89' lang='lat' dir='ltr'><strong>et</strong></span> <span class='ocrx_word' id='word_1_105' title='bbox 110 1264 172 1319; x_wconf 76' lang='lat' dir='ltr'><strong>Ala.</strong></span> <span class='ocrx_word' id='word_1_106' title='bbox 191 1265 272 1320; x_wconf 83' lang='lat' dir='ltr'><strong>Boul.</strong></span> <span class='ocrx_word' id='word_1_107' title='bbox 292 1262 378 1320; x_wconf 81' lang='lat' dir='ltr'><strong>Leod.</strong></span> <span class='ocrx_word' id='word_1_108' title='bbox 398 1265 463 1319; x_wconf 81' lang='lat' dir='ltr'><strong>Ald.</strong></span> <span class='ocrx_word' id='word_1_109' title='bbox 485 1268 598 1336; x_wconf 88' lang='lat' dir='ltr'><strong>(nostr.)</strong></span> <span class='ocrx_word' id='word_1_110' title='bbox 616 1268 684 1322; x_wconf 85' lang='lat' dir='ltr'><strong>Rob.</strong></span> <span class='ocrx_word' id='word_1_111' title='bbox 706 1278 735 1323; x_wconf 91' lang='lat' dir='ltr'><strong>et</strong></span> <span class='ocrx_word' id='word_1_112' title='bbox 753 1270 817 1323; x_wconf 78' lang='lat' dir='ltr'><strong>Car.</strong></span> <span class='ocrx_word' id='word_1_113' title='bbox 838 1268 939 1341; x_wconf 75' lang='lat' dir='ltr'><strong>steph.</strong></span> <span class='ocrx_word' id='word_1_114' title='bbox 959 1274 1038 1345; x_wconf 73' lang='lat' dir='ltr'><strong>Just.</strong></span> <span class='ocrx_word' id='word_1_115' title='bbox 1058 1270 1220 1342; x_wconf 75' lang='lat' dir='ltr'><strong>Utramque</strong></span> 
     </span>
     <span class='ocr_line' id='line_1_12' title="bbox 59 1336 1218 1408; baseline 0.006 -18"><span class='ocrx_word' id='word_1_116' title='bbox 59 1354 164 1391; x_wconf 85' lang='lat' dir='ltr'><strong>vocem</strong></span> <span class='ocrx_word' id='word_1_117' title='bbox 184 1337 297 1407; x_wconf 74' lang='lat' dir='ltr'><strong>(qaoque</strong></span> <span class='ocrx_word' id='word_1_118' title='bbox 314 1340 406 1404; x_wconf 77' lang='lat' dir='ltr'><strong>finem)</strong></span> <span class='ocrx_word' id='word_1_119' title='bbox 431 1340 570 1394; x_wconf 87' lang='lat' dir='ltr'><strong>omittunt</strong></span> <span class='ocrx_word' id='word_1_120' title='bbox 592 1338 647 1393; x_wconf 93' lang='lat' dir='ltr'><strong>duo</strong></span> <span class='ocrx_word' id='word_1_121' title='bbox 674 1336 760 1394; x_wconf 79' lang='lat' dir='ltr'><strong>codd.</strong></span> <span class='ocrx_word' id='word_1_122' title='bbox 786 1340 938 1408; x_wconf 87' lang='lat' dir='ltr'><strong>Gulielmi,</strong></span> <span class='ocrx_word' id='word_1_123' title='bbox 967 1351 1027 1395; x_wconf 87' lang='lat' dir='ltr'><strong>tres</strong></span> <span class='ocrx_word' id='word_1_124' title='bbox 1050 1340 1119 1395; x_wconf 77' lang='lat' dir='ltr'><strong>Pell.</strong></span> <span class='ocrx_word' id='word_1_125' title='bbox 1144 1342 1218 1397; x_wconf 82' lang='lat' dir='ltr'><strong>Edd.</strong></span> 
     </span>
     <span class='ocr_line' id='line_1_13' title="bbox 59 1408 1216 1484; baseline 0.004 -22"><span class='ocrx_word' id='word_1_126' title='bbox 59 1408 148 1462; x_wconf 83' lang='lat' dir='ltr'><strong>Grut.</strong></span> <span class='ocrx_word' id='word_1_127' title='bbox 168 1409 259 1463; x_wconf 82' lang='lat' dir='ltr'><strong>Gron.</strong></span> <span class='ocrx_word' id='word_1_128' title='bbox 280 1408 354 1464; x_wconf 82' lang='lat' dir='ltr'><strong>otiv.</strong></span> <span class='ocrx_word' id='word_1_129' title='bbox 392 1410 445 1463; x_wconf 88' lang='lat' dir='ltr'><strong>Pro</strong></span> <span class='ocrx_word' id='word_1_130' title='bbox 463 1411 575 1464; x_wconf 65' lang='lat' dir='ltr'><strong>avendi</strong></span> <span class='ocrx_word' id='word_1_131' title='bbox 593 1420 635 1465; x_wconf 87' lang='lat' dir='ltr'><strong>est</strong></span> <span class='ocrx_word' id='word_1_132' title='bbox 651 1410 780 1466; x_wconf 82' lang='lat' dir='ltr'><strong>movendi</strong></span> <span class='ocrx_word' id='word_1_133' title='bbox 798 1412 829 1464; x_wconf 85' lang='lat' dir='ltr'><strong>in</strong></span> <span class='ocrx_word' id='word_1_134' title='bbox 847 1428 904 1465; x_wconf 90' lang='lat' dir='ltr'><strong>uno</strong></span> <span class='ocrx_word' id='word_1_135' title='bbox 923 1413 973 1466; x_wconf 86' lang='lat' dir='ltr'><strong>Ox.</strong></span> <span class='ocrx_word' id='word_1_136' title='bbox 994 1410 1043 1467; x_wconf 86' lang='lat' dir='ltr'><strong>sed</strong></span> <span class='ocrx_word' id='word_1_137' title='bbox 1059 1431 1146 1484; x_wconf 81' lang='lat' dir='ltr'><strong>supra</strong></span> <span class='ocrx_word' id='word_1_138' title='bbox 1162 1413 1216 1467; x_wconf 89' lang='lat' dir='ltr'><strong>lin.</strong></span> 
     </span>
     <span class='ocr_line' id='line_1_14' title="bbox 59 1479 1219 1556; baseline 0.003 -21"><span class='ocrx_word' id='word_1_139' title='bbox 59 1482 104 1535; x_wconf 81' lang='lat' dir='ltr'><strong>eei</strong></span> <span class='ocrx_word' id='word_1_140' title='bbox 120 1480 243 1534; x_wconf 69' lang='lat' dir='ltr'><strong>siwadi.</strong></span> <span class='ocrx_word' id='word_1_141' title='bbox 281 1479 416 1556; x_wconf 81' lang='lat' dir='ltr'><strong>intelligi</strong></span> <span class='ocrx_word' id='word_1_142' title='bbox 441 1483 557 1550; x_wconf 88' lang='lat' dir='ltr'><strong>quidem</strong></span> <span class='ocrx_word' id='word_1_143' title='bbox 580 1492 675 1553; x_wconf 87' lang='lat' dir='ltr'><strong>potest</strong></span> <span class='ocrx_word' id='word_1_144' title='bbox 695 1482 786 1551; x_wconf 79' lang='lat' dir='ltr'><strong>locus,</strong></span> <span class='ocrx_word' id='word_1_145' title='bbox 816 1483 931 1538; x_wconf 82' lang='lat' dir='ltr'><strong>etiamsi</strong></span> <span class='ocrx_word' id='word_1_146' title='bbox 958 1500 1015 1536; x_wconf 91' lang='lat' dir='ltr'><strong>non</strong></span> <span class='ocrx_word' id='word_1_147' title='bbox 1032 1483 1161 1537; x_wconf 88' lang='lat' dir='ltr'><strong>additum</strong></span> <span class='ocrx_word' id='word_1_148' title='bbox 1179 1486 1219 1538; x_wconf 88' lang='lat' dir='ltr'><strong>sit</strong></span> 
     </span>
     <span class='ocr_line' id='line_1_15' title="bbox 58 1550 1219 1638; baseline 0.005 -34"><span class='ocrx_word' id='word_1_149' title='bbox 58 1552 156 1618; x_wconf 72' lang='lat' dir='ltr'><strong>finem</strong></span> <span class='ocrx_word' id='word_1_150' title='bbox 174 1551 224 1606; x_wconf 88' lang='lat' dir='ltr'><strong>sed</strong></span> <span class='ocrx_word' id='word_1_151' title='bbox 242 1550 381 1605; x_wconf 86' lang='lat' dir='ltr'><strong>eiusmodi</strong></span> <span class='ocrx_word' id='word_1_152' title='bbox 401 1553 546 1606; x_wconf 89' lang='lat' dir='ltr'><strong>concisum</strong></span> <span class='ocrx_word' id='word_1_153' title='bbox 563 1550 701 1624; x_wconf 87' lang='lat' dir='ltr'><strong>loquendi</strong></span> <span class='ocrx_word' id='word_1_154' title='bbox 718 1573 809 1638; x_wconf 57' lang='lat' dir='ltr'><strong>genus</strong></span> <span class='ocrx_word' id='word_1_155' title='bbox 833 1563 1002 1627; x_wconf 73' lang='lat' dir='ltr'><strong>aspernatur</strong></span> <span class='ocrx_word' id='word_1_156' title='bbox 1018 1573 1084 1608; x_wconf 82' lang='lat' dir='ltr'><strong>usus</strong></span> <span class='ocrx_word' id='word_1_157' title='bbox 1102 1555 1219 1611; x_wconf 87' lang='lat' dir='ltr'><strong>Cicero·</strong></span> 
     </span>
     <span class='ocr_line' id='line_1_16' title="bbox 58 1621 1215 1696; baseline 0.005 -21"><span class='ocrx_word' id='word_1_158' title='bbox 58 1623 171 1675; x_wconf 84' lang='lat' dir='ltr'><strong>nianus.</strong></span> <span class='ocrx_word' id='word_1_159' title='bbox 208 1621 336 1676; x_wconf 78' lang='lat' dir='ltr'><strong>Verbum</strong></span> <span class='ocrx_word' id='word_1_160' title='bbox 358 1621 470 1675; x_wconf 56' lang='lat' dir='ltr'><strong>avendi</strong></span> <span class='ocrx_word' id='word_1_161' title='bbox 496 1624 606 1677; x_wconf 85' lang='lat' dir='ltr'><strong>omittit</strong></span> <span class='ocrx_word' id='word_1_162' title='bbox 631 1624 705 1678; x_wconf 88' lang='lat' dir='ltr'><strong>Gud.</strong></span> <span class='ocrx_word' id='word_1_163' title='bbox 731 1626 865 1696; x_wconf 79' lang='lat' dir='ltr'><strong>idemque</strong></span> <span class='ocrx_word' id='word_1_164' title='bbox 889 1624 1007 1679; x_wconf 81' lang='lat' dir='ltr'>exhibet</span> <span class='ocrx_word' id='word_1_165' title='bbox 1030 1632 1073 1679; x_wconf 83' lang='lat' dir='ltr'><strong>est</strong></span> <span class='ocrx_word' id='word_1_166' title='bbox 1098 1643 1215 1681; x_wconf 81' lang='lat' dir='ltr'><strong>necesse.</strong></span> 
     </span>
     <span class='ocr_line' id='line_1_17' title="bbox 57 1692 1219 1767; baseline 0.005 -21"><span class='ocrx_word' id='word_1_167' title='bbox 57 1694 126 1747; x_wconf 82' lang='lat' dir='ltr'><strong>Post</strong></span> <span class='ocrx_word' id='word_1_168' title='bbox 143 1692 236 1761; x_wconf 74' lang='lat' dir='ltr'><strong>igitur</strong></span> <span class='ocrx_word' id='word_1_169' title='bbox 254 1693 286 1744; x_wconf 92' lang='lat' dir='ltr'><strong>in</strong></span> <span class='ocrx_word' id='word_1_170' title='bbox 304 1709 362 1746; x_wconf 91' lang='lat' dir='ltr'><strong>uno</strong></span> <span class='ocrx_word' id='word_1_171' title='bbox 381 1694 431 1746; x_wconf 82' lang='lat' dir='ltr'><strong>Ox.</strong></span> <span class='ocrx_word' id='word_1_172' title='bbox 452 1712 480 1747; x_wconf 86' lang='lat' dir='ltr'><strong>se</strong></span> <span class='ocrx_word' id='word_1_173' title='bbox 523 1696 585 1747; x_wconf 88' lang='lat' dir='ltr'><strong>itur</strong></span> <span class='ocrx_word' id='word_1_174' title='bbox 601 1696 733 1764; x_wconf 76' lang='lat' dir='ltr'><strong>quidest</strong></span> <span class='ocrx_word' id='word_1_175' title='bbox 751 1714 796 1750; x_wconf 80' lang='lat' dir='ltr'><strong>sss</strong></span> <span class='ocrx_word' id='word_1_176' title='bbox 815 1715 852 1749; x_wconf 77' lang='lat' dir='ltr'><strong>ex</strong></span> <span class='ocrx_word' id='word_1_177' title='bbox 868 1713 1021 1767; x_wconf 83' lang='lat' dir='ltr'><strong>perperam</strong></span> <span class='ocrx_word' id='word_1_178' title='bbox 1042 1696 1120 1752; x_wconf 87' lang='lat' dir='ltr'><strong>lecto</strong></span> <span class='ocrx_word' id='word_1_179' title='bbox 1139 1715 1219 1752; x_wconf 84' lang='lat' dir='ltr'><strong>cotn-</strong></span> 
     </span>
     <span class='ocr_line' id='line_1_18' title="bbox 58 1713 839 1837; baseline 0.004 -20"><span class='ocrx_word' id='word_1_180' title='bbox 58 1764 175 1837; x_wconf 79' lang='lat' dir='ltr'><strong>pendio.</strong></span> <span class='ocrx_word' id='word_1_181' title='bbox 204 1767 258 1818; x_wconf 83' lang='lat' dir='ltr'><strong>Pro</strong></span> <span class='ocrx_word' id='word_1_182' title='bbox 274 1762 374 1817; x_wconf 82' lang='lat' dir='ltr'><strong>babeat</strong></span> <span class='ocrx_word' id='word_1_183' title='bbox 393 1762 459 1818; x_wconf 84' lang='lat' dir='ltr'><strong>Cod.</strong></span> <span class='ocrx_word' id='word_1_184' title='bbox 480 1713 554 1820; x_wconf 57' lang='lat' dir='ltr'><strong>gisd</strong></span> <span class='ocrx_word' id='word_1_185' title='bbox 575 1766 600 1820; x_wconf 75' lang='grc'><strong>2.</strong></span> <span class='ocrx_word' id='word_1_186' title='bbox 620 1762 745 1820; x_wconf 80' lang='lat' dir='ltr'><strong>babeant.</strong></span> <span class='ocrx_word' id='word_1_187' title='bbox 779 1762 839 1820; x_wconf 85' lang='lat' dir='ltr'><strong>Mr.</strong></span> 
     </span>
    </p>

    <p class='ocr_par' dir='ltr' id='par_1_5' title="bbox 56 1835 1219 2406">
     <span class='ocr_line' id='line_1_19' title="bbox 134 1835 1219 1908; baseline 0 -16"><span class='ocrx_word' id='word_1_188' title='bbox 134 1835 207 1892; x_wconf 74' lang='lat' dir='ltr'><strong>Quia</strong></span> <span class='ocrx_word' id='word_1_189' title='bbox 231 1852 373 1906; x_wconf 74' lang='lat' dir='ltr'><strong>uunquam</strong></span> <span class='ocrx_word' id='word_1_190' title='bbox 396 1836 539 1890; x_wconf 87' lang='lat' dir='ltr'><strong>deseritur</strong></span> <span class='ocrx_word' id='word_1_191' title='bbox 564 1851 582 1887; x_wconf 86' lang='lat' dir='ltr'><strong>a</strong></span> <span class='ocrx_word' id='word_1_192' title='bbox 600 1837 647 1905; x_wconf 85' lang='lat' dir='ltr'><strong>se]</strong></span> <span class='ocrx_word' id='word_1_193' title='bbox 676 1838 814 1890; x_wconf 81' lang='lat' dir='ltr'><strong>bambino</strong></span> <span class='ocrx_word' id='word_1_194' title='bbox 833 1836 929 1908; x_wconf 83' lang='lat' dir='ltr'><strong>piacet</strong></span> <span class='ocrx_word' id='word_1_195' title='bbox 953 1835 1105 1891; x_wconf 78' lang='lat' dir='ltr'><strong>desinitur.</strong></span> <span class='ocrx_word' id='word_1_196' title='bbox 1143 1838 1219 1904; x_wconf 83' lang='lat' dir='ltr'><strong>Quid</strong></span> 
     </span>
     <span class='ocr_line' id='line_1_20' title="bbox 59 1906 1219 1982; baseline 0.003 -23"><span class='ocrx_word' id='word_1_197' title='bbox 59 1915 160 1959; x_wconf 83' lang='lat' dir='ltr'><strong>autem</strong></span> <span class='ocrx_word' id='word_1_198' title='bbox 177 1906 269 1960; x_wconf 73' lang='lat' dir='ltr'><strong>tuerit</strong></span> <span class='ocrx_word' id='word_1_199' title='bbox 287 1908 318 1958; x_wconf 93' lang='lat' dir='ltr'><strong>in</strong></span> <span class='ocrx_word' id='word_1_200' title='bbox 336 1924 427 1971; x_wconf 83' lang='lat' dir='ltr'><strong>causa,</strong></span> <span class='ocrx_word' id='word_1_201' title='bbox 455 1924 509 1959; x_wconf 89' lang='lat' dir='ltr'><strong>cur</strong></span> <span class='ocrx_word' id='word_1_202' title='bbox 526 1907 674 1982; x_wconf 76' lang='lat' dir='ltr'><strong>vulgatam</strong></span> <span class='ocrx_word' id='word_1_203' title='bbox 696 1908 853 1961; x_wconf 87' lang='lat' dir='ltr'><strong>lectionem</strong></span> <span class='ocrx_word' id='word_1_204' title='bbox 880 1909 944 1961; x_wconf 91' lang='lat' dir='ltr'><strong>loco</strong></span> <span class='ocrx_word' id='word_1_205' title='bbox 962 1908 1132 1961; x_wconf 82' lang='lat' dir='ltr'><strong>movendam</strong></span> <span class='ocrx_word' id='word_1_206' title='bbox 1150 1927 1219 1962; x_wconf 85' lang='lat' dir='ltr'><strong>cen·</strong></span> 
     </span>
     <span class='ocr_line' id='line_1_21' title="bbox 57 1976 1217 2063; baseline 0.003 -33"><span class='ocrx_word' id='word_1_207' title='bbox 57 1977 166 2043; x_wconf 88' lang='lat' dir='ltr'><strong>suerit,</strong></span> <span class='ocrx_word' id='word_1_208' title='bbox 186 1976 316 2049; x_wconf 83' lang='lat' dir='ltr'><strong>equidem</strong></span> <span class='ocrx_word' id='word_1_209' title='bbox 335 1977 517 2031; x_wconf 83' lang='lat' dir='ltr'><strong>comminisci</strong></span> <span class='ocrx_word' id='word_1_210' title='bbox 540 1994 598 2031; x_wconf 88' lang='lat' dir='ltr'><strong>non</strong></span> <span class='ocrx_word' id='word_1_211' title='bbox 621 1996 743 2063; x_wconf 72' lang='lat' dir='ltr'><strong>possum.</strong></span> <span class='ocrx_word' id='word_1_212' title='bbox 779 1978 852 2032; x_wconf 75' lang='lat' dir='ltr'><strong>Earn</strong></span> <span class='ocrx_word' id='word_1_213' title='bbox 876 1987 957 2033; x_wconf 88' lang='lat' dir='ltr'><strong>certe</strong></span> <span class='ocrx_word' id='word_1_214' title='bbox 975 1988 1091 2032; x_wconf 82' lang='lat' dir='ltr'><strong>servant</strong></span> <span class='ocrx_word' id='word_1_215' title='bbox 1108 1983 1217 2034; x_wconf 81' lang='lat' dir='ltr'><strong>Macro-</strong></span> 
     </span>
     <span class='ocr_line' id='line_1_22' title="bbox 57 2044 1217 2135; baseline 0.003 -35"><span class='ocrx_word' id='word_1_216' title='bbox 57 2048 137 2113; x_wconf 88' lang='lat' dir='ltr'><strong>bius,</strong></span> <span class='ocrx_word' id='word_1_217' title='bbox 157 2057 186 2101; x_wconf 90' lang='lat' dir='ltr'><strong>et</strong></span> <span class='ocrx_word' id='word_1_218' title='bbox 202 2049 296 2102; x_wconf 86' lang='lat' dir='ltr'><strong>omnis</strong></span> <span class='ocrx_word' id='word_1_219' title='bbox 309 2044 456 2102; x_wconf 79' lang='lat' dir='ltr'><strong>Ciceronis</strong></span> <span class='ocrx_word' id='word_1_220' title='bbox 475 2048 665 2120; x_wconf 63' lang='lat' dir='ltr'><strong>exemplam</strong></span> <span class='ocrx_word' id='word_1_221' title='bbox 686 2057 804 2120; x_wconf 77' lang='lat' dir='ltr'><strong>entique</strong></span> <span class='ocrx_word' id='word_1_222' title='bbox 822 2050 969 2135; x_wconf 72' lang='lat' dir='ltr'><strong>postulant</strong></span> <span class='ocrx_word' id='word_1_223' title='bbox 985 2049 1073 2103; x_wconf 81' lang='lat' dir='ltr'><strong>verba</strong></span> <span class='ocrx_word' id='word_1_224' title='bbox 1081 2049 1217 2117; x_wconf 85' lang='lat' dir='ltr'><strong>Platonis,</strong></span> 
     </span>
     <span class='ocr_line' id='line_1_23' title="bbox 56 2114 1217 2190; baseline 0.003 -18"><span class='ocrx_word' id='word_1_225' title='bbox 56 2114 107 2176; x_wconf 70' lang='grc' dir='ltr'><strong>ὅτε</strong></span> <span class='ocrx_word' id='word_1_226' title='bbox 125 2115 179 2173; x_wconf 75' lang='grc' dir='ltr'><strong>οὔκ</strong></span> <span class='ocrx_word' id='word_1_227' title='bbox 195 2121 429 2173; x_wconf 74' lang='grc' dir='ltr'><em>ἈΠΟΛΕΓΠΟΝ</em></span> <span class='ocrx_word' id='word_1_228' title='bbox 443 2116 533 2182; x_wconf 75' lang='grc' dir='ltr'><em>ἑαυτό,</em></span> <span class='ocrx_word' id='word_1_229' title='bbox 551 2139 624 2190; x_wconf 88' lang='lat' dir='ltr'><strong>quae</strong></span> <span class='ocrx_word' id='word_1_230' title='bbox 642 2122 806 2175; x_wconf 66' lang='lat' dir='ltr'><strong>lactantius</strong></span> <span class='ocrx_word' id='word_1_231' title='bbox 824 2131 865 2175; x_wconf 84' lang='lat' dir='ltr'><strong>sta</strong></span> <span class='ocrx_word' id='word_1_232' title='bbox 883 2120 989 2186; x_wconf 85' lang='lat' dir='ltr'><strong>reddit,</strong></span> <span class='ocrx_word' id='word_1_233' title='bbox 1009 2121 1078 2190; x_wconf 80' lang='lat' dir='ltr'><strong>quio</strong></span> <span class='ocrx_word' id='word_1_234' title='bbox 1095 2122 1217 2176; x_wconf 84' lang='lat' dir='ltr'><strong>deseri</strong></span> 
     </span>
     <span class='ocr_line' id='line_1_24' title="bbox 57 2190 1218 2262; baseline 0.001 -17"><span class='ocrx_word' id='word_1_235' title='bbox 57 2206 78 2245; x_wconf 76' lang='lat' dir='ltr'><strong>a</strong></span> <span class='ocrx_word' id='word_1_236' title='bbox 96 2196 180 2243; x_wconf 81' lang='lat' dir='ltr'><strong>resset</strong></span> <span class='ocrx_word' id='word_1_237' title='bbox 196 2190 258 2261; x_wconf 77' lang='lat' dir='ltr'><strong>ipso</strong></span> <span class='ocrx_word' id='word_1_238' title='bbox 277 2208 331 2245; x_wconf 84' lang='lat' dir='ltr'><strong>non</strong></span> <span class='ocrx_word' id='word_1_239' title='bbox 347 2199 449 2261; x_wconf 80' lang='lat' dir='ltr'><strong>potest.</strong></span> <span class='ocrx_word' id='word_1_240' title='bbox 487 2192 558 2244; x_wconf 84' lang='lat' dir='ltr'><strong>Vide</strong></span> <span class='ocrx_word' id='word_1_241' title='bbox 576 2191 626 2244; x_wconf 88' lang='lat' dir='ltr'><strong>lib.</strong></span> <span class='ocrx_word' id='word_1_242' title='bbox 646 2194 709 2246; x_wconf 83' lang='lat' dir='ltr'><strong>vn.</strong></span> <span class='ocrx_word' id='word_1_243' title='bbox 729 2192 794 2245; x_wconf 78' lang='lat' dir='ltr'><strong>niv.</strong></span> <span class='ocrx_word' id='word_1_244' title='bbox 814 2192 884 2244; x_wconf 85' lang='lat' dir='ltr'><strong>last.</strong></span> <span class='ocrx_word' id='word_1_245' title='bbox 905 2210 965 2262; x_wconf 79' lang='lat' dir='ltr'><strong>cap.</strong></span> <span class='ocrx_word' id='word_1_246' title='bbox 985 2194 1011 2247; x_wconf 87' lang='grc'><strong>8.</strong></span> <span class='ocrx_word' id='word_1_247' title='bbox 1049 2195 1112 2246; x_wconf 82' lang='lat' dir='ltr'><strong>Pari</strong></span> <span class='ocrx_word' id='word_1_248' title='bbox 1132 2194 1218 2248; x_wconf 77' lang='lat' dir='ltr'><strong>inodo</strong></span> 
     </span>
     <span class='ocr_line' id='line_1_25' title="bbox 57 2258 1216 2333; baseline 0.002 -19"><span class='ocrx_word' id='word_1_249' title='bbox 57 2270 158 2315; x_wconf 85' lang='lat' dir='ltr'><strong>noster</strong></span> <span class='ocrx_word' id='word_1_250' title='bbox 175 2263 304 2316; x_wconf 86' lang='lat' dir='ltr'><strong>animum</strong></span> <span class='ocrx_word' id='word_1_251' title='bbox 323 2280 359 2316; x_wconf 87' lang='lat' dir='ltr'><strong>ne</strong></span> <span class='ocrx_word' id='word_1_252' title='bbox 380 2272 409 2315; x_wconf 89' lang='lat' dir='ltr'><strong>at</strong></span> <span class='ocrx_word' id='word_1_253' title='bbox 425 2264 503 2329; x_wconf 72' lang='lat' dir='ltr'><strong>fineis</strong></span> <span class='ocrx_word' id='word_1_254' title='bbox 519 2269 613 2316; x_wconf 79' lang='lat' dir='ltr'><strong>motus</strong></span> <span class='ocrx_word' id='word_1_255' title='bbox 629 2258 798 2330; x_wconf 72' lang='lat' dir='ltr'><strong>debiturum,</strong></span> <span class='ocrx_word' id='word_1_256' title='bbox 817 2262 883 2332; x_wconf 80' lang='lat' dir='ltr'><strong>quio</strong></span> <span class='ocrx_word' id='word_1_257' title='bbox 901 2278 1035 2332; x_wconf 76' lang='lat' dir='ltr'><strong>nunquam</strong></span> <span class='ocrx_word' id='word_1_258' title='bbox 1047 2281 1078 2317; x_wconf 85' lang='lat' dir='ltr'><strong>se</strong></span> <span class='ocrx_word' id='word_1_259' title='bbox 1095 2264 1156 2333; x_wconf 83' lang='lat' dir='ltr'><strong>s&#39;pse</strong></span> <span class='ocrx_word' id='word_1_260' title='bbox 1175 2263 1216 2318; x_wconf 84' lang='lat' dir='ltr'><strong>sit</strong></span> 
     </span>
     <span class='ocr_line' id='line_1_26' title="bbox 58 2281 719 2406; baseline 0.003 -21"><span class='ocrx_word' id='word_1_261' title='bbox 58 2332 267 2387; x_wconf 70' lang='lat' dir='ltr'><strong>relicturae.</strong></span> <span class='ocrx_word' id='word_1_262' title='bbox 304 2333 346 2386; x_wconf 88' lang='lat' dir='ltr'><strong>De</strong></span> <span class='ocrx_word' id='word_1_263' title='bbox 360 2281 478 2388; x_wconf 56' lang='lat' dir='ltr'><strong>§cneco</strong></span> <span class='ocrx_word' id='word_1_264' title='bbox 498 2352 559 2406; x_wconf 82' lang='lat' dir='ltr'><strong>cap.</strong></span> <span class='ocrx_word' id='word_1_265' title='bbox 579 2335 653 2388; x_wconf 83' lang='lat' dir='ltr'><strong>xxl.</strong></span> <span class='ocrx_word' id='word_1_266' title='bbox 681 2334 719 2389; x_wconf 87' lang='lat' dir='ltr'><strong>D.</strong></span> 
     </span>
    </p>
   </div>
   <div class='ocr_carea' id='block_1_4' title="bbox 52 2421 1217 4557">
    <p class='ocr_par' dir='ltr' id='par_1_6' title="bbox 53 2421 1217 4270">
     <span class='ocr_line' id='line_1_27' title="bbox 133 2421 1216 2506; baseline -0.001 -30"><span class='ocrx_word' id='word_1_267' title='bbox 133 2423 200 2493; x_wconf 72' lang='lat' dir='ltr'><strong>quio</strong></span> <span class='ocrx_word' id='word_1_268' title='bbox 224 2438 356 2494; x_wconf 78' lang='lat' dir='ltr'><strong>nonquam</strong></span> <span class='ocrx_word' id='word_1_269' title='bbox 375 2423 521 2477; x_wconf 73' lang='lat' dir='ltr'><strong>deseritur</strong></span> <span class='ocrx_word' id='word_1_270' title='bbox 537 2439 556 2476; x_wconf 82' lang='lat' dir='ltr'><strong>a</strong></span> <span class='ocrx_word' id='word_1_271' title='bbox 573 2423 620 2489; x_wconf 90' lang='lat' dir='ltr'><strong>se]</strong></span> <span class='ocrx_word' id='word_1_272' title='bbox 647 2423 808 2488; x_wconf 81' lang='lat' dir='ltr'><strong>Desinitur,</strong></span> <span class='ocrx_word' id='word_1_273' title='bbox 833 2438 901 2474; x_wconf 86' lang='lat' dir='ltr'><strong>cum</strong></span> <span class='ocrx_word' id='word_1_274' title='bbox 923 2421 1106 2474; x_wconf 83' lang='lat' dir='ltr'><strong>coniecturae</strong></span> <span class='ocrx_word' id='word_1_275' title='bbox 1132 2423 1216 2506; x_wconf 69' lang='lat' dir='ltr'><strong>signo</strong></span> 
     </span>
     <span class='ocr_line' id='line_1_28' title="bbox 57 2492 1216 2570; baseline 0 -24"><span class='ocrx_word' id='word_1_276' title='bbox 57 2492 140 2559; x_wconf 76' lang='lat' dir='ltr'><strong>sort,</strong></span> <span class='ocrx_word' id='word_1_277' title='bbox 161 2503 202 2547; x_wconf 87' lang='lat' dir='ltr'><strong>est</strong></span> <span class='ocrx_word' id='word_1_278' title='bbox 222 2494 254 2546; x_wconf 91' lang='lat' dir='ltr'><strong>in</strong></span> <span class='ocrx_word' id='word_1_279' title='bbox 271 2510 361 2570; x_wconf 72' lang='lat' dir='ltr'><strong>snarg.</strong></span> <span class='ocrx_word' id='word_1_280' title='bbox 382 2495 497 2547; x_wconf 81' lang='lat' dir='ltr'><strong>Lambb.</strong></span> <span class='ocrx_word' id='word_1_281' title='bbox 516 2504 545 2548; x_wconf 91' lang='lat' dir='ltr'><strong>ct</strong></span> <span class='ocrx_word' id='word_1_282' title='bbox 564 2494 651 2548; x_wconf 87' lang='lat' dir='ltr'><strong>Goth.</strong></span> <span class='ocrx_word' id='word_1_283' title='bbox 683 2497 745 2548; x_wconf 89' lang='lat' dir='ltr'><strong>Noc</strong></span> <span class='ocrx_word' id='word_1_284' title='bbox 763 2508 833 2547; x_wconf 80' lang='lat' dir='ltr'><strong>vero</strong></span> <span class='ocrx_word' id='word_1_285' title='bbox 850 2500 965 2545; x_wconf 87' lang='lat' dir='ltr'><strong>certum</strong></span> <span class='ocrx_word' id='word_1_286' title='bbox 983 2501 1025 2544; x_wconf 88' lang='lat' dir='ltr'><strong>est</strong></span> <span class='ocrx_word' id='word_1_287' title='bbox 1044 2494 1216 2547; x_wconf 78' lang='lat' dir='ltr'><strong>a·Lasnb1no</strong></span> 
     </span>
     <span class='ocr_line' id='line_1_29' title="bbox 57 2562 1216 2641; baseline -0.001 -23"><span class='ocrx_word' id='word_1_288' title='bbox 57 2566 204 2635; x_wconf 72' lang='lat' dir='ltr'><strong>profectas</strong></span> <span class='ocrx_word' id='word_1_289' title='bbox 222 2583 280 2619; x_wconf 89' lang='lat' dir='ltr'><strong>esso</strong></span> <span class='ocrx_word' id='word_1_290' title='bbox 298 2566 481 2619; x_wconf 82' lang='lat' dir='ltr'><strong>coniecturas</strong></span> <span class='ocrx_word' id='word_1_291' title='bbox 500 2567 617 2618; x_wconf 86' lang='lat' dir='ltr'><strong>illarum</strong></span> <span class='ocrx_word' id='word_1_292' title='bbox 635 2565 708 2620; x_wconf 85' lang='lat' dir='ltr'><strong>Edd.</strong></span> <span class='ocrx_word' id='word_1_293' title='bbox 727 2564 909 2641; x_wconf 73' lang='lat' dir='ltr'><strong>marginales.</strong></span> <span class='ocrx_word' id='word_1_294' title='bbox 938 2562 1119 2629; x_wconf 86' lang='lat' dir='ltr'><strong>Bouhierius,</strong></span> <span class='ocrx_word' id='word_1_295' title='bbox 1139 2566 1216 2618; x_wconf 79' lang='lat' dir='ltr'><strong>reie-</strong></span> 
     </span>
     <span class='ocr_line' id='line_1_30' title="bbox 58 2634 1215 2722; baseline 0.001 -33"><span class='ocrx_word' id='word_1_296' title='bbox 58 2652 135 2700; x_wconf 88' lang='lat' dir='ltr'><strong>rens,</strong></span> <span class='ocrx_word' id='word_1_297' title='bbox 163 2636 205 2688; x_wconf 88' lang='lat' dir='ltr'><strong>ita</strong></span> <span class='ocrx_word' id='word_1_298' title='bbox 223 2637 312 2690; x_wconf 88' lang='lat' dir='ltr'><strong>etiam</strong></span> <span class='ocrx_word' id='word_1_299' title='bbox 334 2637 394 2722; x_wconf 71' lang='lat' dir='ltr'><strong>legi</strong></span> <span class='ocrx_word' id='word_1_300' title='bbox 421 2639 453 2689; x_wconf 90' lang='lat' dir='ltr'><strong>in</strong></span> <span class='ocrx_word' id='word_1_301' title='bbox 476 2654 535 2690; x_wconf 93' lang='lat' dir='ltr'><strong>uno</strong></span> <span class='ocrx_word' id='word_1_302' title='bbox 554 2636 619 2690; x_wconf 85' lang='lat' dir='ltr'><strong>Cod</strong></span> <span class='ocrx_word' id='word_1_303' title='bbox 641 2634 744 2690; x_wconf 82' lang='lat' dir='ltr'><strong>Tusce.</strong></span> <span class='ocrx_word' id='word_1_304' title='bbox 770 2635 914 2701; x_wconf 72' lang='lat' dir='ltr'><strong>brisiensi,</strong></span> <span class='ocrx_word' id='word_1_305' title='bbox 941 2644 1039 2688; x_wconf 88' lang='lat' dir='ltr'><strong>monet</strong></span> <span class='ocrx_word' id='word_1_306' title='bbox 1066 2634 1215 2690; x_wconf 77' lang='lat' dir='ltr'><strong>desinendi</strong></span> 
     </span>
     <span class='ocr_line' id='line_1_31' title="bbox 56 2706 1214 2779; baseline 0.003 -20"><span class='ocrx_word' id='word_1_307' title='bbox 56 2707 148 2761; x_wconf 74' lang='lat' dir='ltr'><strong>verbo</strong></span> <span class='ocrx_word' id='word_1_308' title='bbox 167 2724 225 2760; x_wconf 88' lang='lat' dir='ltr'><strong>uon</strong></span> <span class='ocrx_word' id='word_1_309' title='bbox 242 2724 309 2760; x_wconf 88' lang='lat' dir='ltr'><strong>raro</strong></span> <span class='ocrx_word' id='word_1_310' title='bbox 327 2718 372 2761; x_wconf 79' lang='lat' dir='ltr'><strong>uti</strong></span> <span class='ocrx_word' id='word_1_311' title='bbox 389 2717 502 2762; x_wconf 85' lang='lat' dir='ltr'><strong>veteres</strong></span> <span class='ocrx_word' id='word_1_312' title='bbox 519 2724 572 2779; x_wconf 87' lang='lat' dir='ltr'><strong>pro</strong></span> <span class='ocrx_word' id='word_1_313' title='bbox 591 2708 730 2774; x_wconf 82' lang='lat' dir='ltr'><strong>deserere,</strong></span> <span class='ocrx_word' id='word_1_314' title='bbox 750 2706 903 2778; x_wconf 82' lang='lat' dir='ltr'><strong>laudatque</strong></span> <span class='ocrx_word' id='word_1_315' title='bbox 916 2707 1068 2761; x_wconf 80' lang='lat' dir='ltr'><strong>Heinsium</strong></span> <span class='ocrx_word' id='word_1_316' title='bbox 1086 2708 1121 2760; x_wconf 86' lang='lat' dir='ltr'><strong>ad</strong></span> <span class='ocrx_word' id='word_1_317' title='bbox 1131 2706 1214 2762; x_wconf 81' lang='lat' dir='ltr'><strong>Ovid.</strong></span> 
     </span>
     <span class='ocr_line' id='line_1_32' title="bbox 57 2775 1215 2855; baseline 0.003 -26"><span class='ocrx_word' id='word_1_318' title='bbox 57 2775 124 2830; x_wconf 81' lang='lat' dir='ltr'><strong>Art.</strong></span> <span class='ocrx_word' id='word_1_319' title='bbox 144 2776 207 2832; x_wconf 78' lang='lat' dir='ltr'><strong>Ain.</strong></span> <span class='ocrx_word' id='word_1_320' title='bbox 229 2780 266 2832; x_wconf 84' lang='lat'><strong>11.</strong></span> <span class='ocrx_word' id='word_1_321' title='bbox 287 2781 355 2836; x_wconf 76' lang='lat'><strong>726:</strong></span> <span class='ocrx_word' id='word_1_322' title='bbox 383 2780 449 2833; x_wconf 88' lang='lat' dir='ltr'><strong>fieri</strong></span> <span class='ocrx_word' id='word_1_323' title='bbox 468 2779 562 2855; x_wconf 77' lang='lat' dir='ltr'><strong>igitur</strong></span> <span class='ocrx_word' id='word_1_324' title='bbox 579 2780 705 2850; x_wconf 85' lang='lat' dir='ltr'><strong>potuisse</strong></span> <span class='ocrx_word' id='word_1_325' title='bbox 723 2786 757 2831; x_wconf 89' lang='lat' dir='ltr'><strong>ut</strong></span> <span class='ocrx_word' id='word_1_326' title='bbox 773 2779 829 2832; x_wconf 87' lang='lat' dir='ltr'><strong>boc</strong></span> <span class='ocrx_word' id='word_1_327' title='bbox 848 2795 964 2849; x_wconf 91' lang='lat' dir='ltr'><strong>quoque</strong></span> <span class='ocrx_word' id='word_1_328' title='bbox 982 2780 1046 2832; x_wconf 88' lang='lat' dir='ltr'><strong>loco</strong></span> <span class='ocrx_word' id='word_1_329' title='bbox 1063 2780 1215 2850; x_wconf 70' lang='lat' dir='ltr'><strong>scripserit</strong></span> 
     </span>
     <span class='ocr_line' id='line_1_33' title="bbox 57 2848 1214 2920; baseline 0.003 -19"><span class='ocrx_word' id='word_1_330' title='bbox 57 2848 172 2915; x_wconf 83' lang='lat' dir='ltr'><strong>Cicero,</strong></span> <span class='ocrx_word' id='word_1_331' title='bbox 201 2851 277 2920; x_wconf 89' lang='lat' dir='ltr'><strong>quod</strong></span> <span class='ocrx_word' id='word_1_332' title='bbox 305 2859 333 2903; x_wconf 88' lang='lat' dir='ltr'><strong>et</strong></span> <span class='ocrx_word' id='word_1_333' title='bbox 352 2851 422 2903; x_wconf 87' lang='lat' dir='ltr'><strong>alibi</strong></span> <span class='ocrx_word' id='word_1_334' title='bbox 441 2851 555 2915; x_wconf 87' lang='lat' dir='ltr'><strong>fecerit,</strong></span> <span class='ocrx_word' id='word_1_335' title='bbox 581 2850 737 2903; x_wconf 80' lang='lat' dir='ltr'><strong>desinitur:</strong></span> <span class='ocrx_word' id='word_1_336' title='bbox 765 2851 938 2903; x_wconf 82' lang='lat' dir='ltr'><strong>auctoritate</strong></span> <span class='ocrx_word' id='word_1_337' title='bbox 961 2859 1057 2903; x_wconf 83' lang='lat' dir='ltr'><strong>tamen</strong></span> <span class='ocrx_word' id='word_1_338' title='bbox 1075 2851 1214 2904; x_wconf 83' lang='lat' dir='ltr'><strong>Macrobii</strong></span> 
     </span>
     <span class='ocr_line' id='line_1_34' title="bbox 57 2919 1213 2992; baseline 0.002 -21"><span class='ocrx_word' id='word_1_339' title='bbox 57 2919 93 2972; x_wconf 91' lang='lat' dir='ltr'><strong>ad</strong></span> <span class='ocrx_word' id='word_1_340' title='bbox 111 2920 208 2975; x_wconf 86' lang='lat' dir='ltr'><strong>Somu.</strong></span> <span class='ocrx_word' id='word_1_341' title='bbox 229 2921 277 2975; x_wconf 90' lang='lat' dir='ltr'><strong>Sci</strong></span> <span class='ocrx_word' id='word_1_342' title='bbox 299 2960 306 2973; x_wconf 91' lang='lat'><strong>.</strong></span> <span class='ocrx_word' id='word_1_343' title='bbox 331 2940 361 2975; x_wconf 85' lang='lat' dir='ltr'><strong>se</strong></span> <span class='ocrx_word' id='word_1_344' title='bbox 386 2923 540 2975; x_wconf 84' lang='lat' dir='ltr'><strong>absterreri</strong></span> <span class='ocrx_word' id='word_1_345' title='bbox 565 2939 582 2974; x_wconf 91' lang='lat' dir='ltr'><strong>a</strong></span> <span class='ocrx_word' id='word_1_346' title='bbox 606 2922 683 2975; x_wconf 87' lang='lat' dir='ltr'><strong>cerri</strong></span> <span class='ocrx_word' id='word_1_347' title='bbox 707 2922 778 2976; x_wconf 87' lang='lat' dir='ltr'><strong>endo</strong></span> <span class='ocrx_word' id='word_1_348' title='bbox 797 2923 848 2987; x_wconf 85' lang='lat' dir='ltr'><strong>ait,</strong></span> <span class='ocrx_word' id='word_1_349' title='bbox 878 2939 1051 2992; x_wconf 82' lang='lat' dir='ltr'><strong>quamquam</strong></span> <span class='ocrx_word' id='word_1_350' title='bbox 1074 2921 1213 2976; x_wconf 81' lang='lat' dir='ltr'><strong>eiusmodi</strong></span> 
     </span>
     <span class='ocr_line' id='line_1_35' title="bbox 56 2940 1214 3068; baseline -0.001 -24"><span class='ocrx_word' id='word_1_351' title='bbox 56 2990 199 3046; x_wconf 84' lang='lat' dir='ltr'><strong>lectiones</strong></span> <span class='ocrx_word' id='word_1_352' title='bbox 224 2991 255 3044; x_wconf 91' lang='lat' dir='ltr'><strong>in</strong></span> <span class='ocrx_word' id='word_1_353' title='bbox 277 2940 363 3047; x_wconf 55' lang='grc' dir='ltr'><strong>ῧοάἀ.</strong></span> <span class='ocrx_word' id='word_1_354' title='bbox 391 3010 472 3064; x_wconf 80' lang='lat' dir='ltr'><strong>saepe</strong></span> <span class='ocrx_word' id='word_1_355' title='bbox 503 3011 538 3046; x_wconf 85' lang='lat' dir='ltr'><strong>ex</strong></span> <span class='ocrx_word' id='word_1_356' title='bbox 561 2991 632 3047; x_wconf 85' lang='lat' dir='ltr'><strong>Edd.</strong></span> <span class='ocrx_word' id='word_1_357' title='bbox 659 2941 758 3047; x_wconf 53' lang='lat' dir='ltr'><strong>iliatae</strong></span> <span class='ocrx_word' id='word_1_358' title='bbox 785 2992 852 3046; x_wconf 89' lang='lat' dir='ltr'><strong>sint.</strong></span> <span class='ocrx_word' id='word_1_359' title='bbox 896 2992 953 3047; x_wconf 85' lang='lat' dir='ltr'><strong>Sed</strong></span> <span class='ocrx_word' id='word_1_360' title='bbox 979 2991 1059 3045; x_wconf 84' lang='lat' dir='ltr'><strong>nihil</strong></span> <span class='ocrx_word' id='word_1_361' title='bbox 1080 2994 1143 3068; x_wconf 69' lang='lat' dir='ltr'><strong>agit</strong></span> <span class='ocrx_word' id='word_1_362' title='bbox 1165 2992 1214 3044; x_wconf 87' lang='lat' dir='ltr'><strong>vir</strong></span> 
     </span>
     <span class='ocr_line' id='line_1_36' title="bbox 57 3061 1214 3136; baseline -0.001 -20"><span class='ocrx_word' id='word_1_363' title='bbox 57 3061 240 3116; x_wconf 48' lang='lat' dir='ltr'><strong>deducimus</strong></span> <span class='ocrx_word' id='word_1_364' title='bbox 258 3063 298 3116; x_wconf 79' lang='lat' dir='ltr'><strong>ita</strong></span> <span class='ocrx_word' id='word_1_365' title='bbox 317 3064 480 3136; x_wconf 81' lang='lat' dir='ltr'><strong>disputans:</strong></span> <span class='ocrx_word' id='word_1_366' title='bbox 508 3072 621 3118; x_wconf 75' lang='lat' dir='ltr'><strong>nannet</strong></span> <span class='ocrx_word' id='word_1_367' title='bbox 640 3065 697 3117; x_wconf 84' lang='lat' dir='ltr'><strong>alia</strong></span> <span class='ocrx_word' id='word_1_368' title='bbox 713 3064 799 3134; x_wconf 86' lang='lat' dir='ltr'><strong>plane</strong></span> <span class='ocrx_word' id='word_1_369' title='bbox 818 3064 893 3116; x_wconf 86' lang='lat' dir='ltr'><strong>ratio</strong></span> <span class='ocrx_word' id='word_1_370' title='bbox 912 3071 954 3116; x_wconf 88' lang='lat' dir='ltr'><strong>est</strong></span> <span class='ocrx_word' id='word_1_371' title='bbox 972 3063 1114 3129; x_wconf 84' lang='lat' dir='ltr'><strong>locorum,</strong></span> <span class='ocrx_word' id='word_1_372' title='bbox 1143 3079 1214 3133; x_wconf 90' lang='lat' dir='ltr'><strong>quos</strong></span> 
     </span>
     <span class='ocr_line' id='line_1_37' title="bbox 57 3132 1214 3204; baseline -0.002 -18"><span class='ocrx_word' id='word_1_373' title='bbox 57 3132 195 3187; x_wconf 78' lang='lat' dir='ltr'><strong>Heinsius</strong></span> <span class='ocrx_word' id='word_1_374' title='bbox 212 3134 308 3187; x_wconf 83' lang='lat' dir='ltr'><strong>laudat</strong></span> <span class='ocrx_word' id='word_1_375' title='bbox 327 3135 364 3199; x_wconf 86' lang='lat' dir='ltr'><strong>(v.</strong></span> <span class='ocrx_word' id='word_1_376' title='bbox 385 3153 409 3188; x_wconf 92' lang='lat' dir='ltr'><strong>c.</strong></span> <span class='ocrx_word' id='word_1_377' title='bbox 430 3134 525 3189; x_wconf 79' lang='lat' dir='ltr'><strong>desine</strong></span> <span class='ocrx_word' id='word_1_378' title='bbox 544 3137 687 3204; x_wconf 78' lang='lat' dir='ltr'><strong>quereias.-</strong></span> <span class='ocrx_word' id='word_1_379' title='bbox 719 3153 784 3188; x_wconf 80' lang='lat' dir='ltr'><strong>nam</strong></span> <span class='ocrx_word' id='word_1_380' title='bbox 803 3133 854 3204; x_wconf 90' lang='lat' dir='ltr'><strong>qui</strong></span> <span class='ocrx_word' id='word_1_381' title='bbox 873 3132 949 3185; x_wconf 84' lang='lat' dir='ltr'><strong>solus</strong></span> <span class='ocrx_word' id='word_1_382' title='bbox 967 3133 1025 3187; x_wconf 86' lang='lat' dir='ltr'><strong>huc</strong></span> <span class='ocrx_word' id='word_1_383' title='bbox 1043 3135 1154 3186; x_wconf 84' lang='lat' dir='ltr'><strong>faceret</strong></span> <span class='ocrx_word' id='word_1_384' title='bbox 1170 3133 1214 3185; x_wconf 92' lang='lat' dir='ltr'><strong>lo·</strong></span> 
     </span>
     <span class='ocr_line' id='line_1_38' title="bbox 57 3203 1213 3272; baseline -0.001 -15"><span class='ocrx_word' id='word_1_385' title='bbox 57 3210 108 3257; x_wconf 75' lang='lat' dir='ltr'><strong>ctis</strong></span> <span class='ocrx_word' id='word_1_386' title='bbox 127 3206 178 3259; x_wconf 83' lang='lat' dir='ltr'><strong>Ov.</strong></span> <span class='ocrx_word' id='word_1_387' title='bbox 198 3208 265 3260; x_wconf 87' lang='lat' dir='ltr'><strong>Met.</strong></span> <span class='ocrx_word' id='word_1_388' title='bbox 283 3206 338 3260; x_wconf 84' lang='lat'><strong>111.</strong></span> <span class='ocrx_word' id='word_1_389' title='bbox 358 3209 425 3263; x_wconf 77' lang='lat' dir='ltr'><strong>tte:</strong></span> <span class='ocrx_word' id='word_1_390' title='bbox 446 3223 495 3260; x_wconf 80' lang='lat' dir='ltr'><strong>nec</strong></span> <span class='ocrx_word' id='word_1_391' title='bbox 512 3223 555 3259; x_wconf 86' lang='lat' dir='ltr'><strong>me</strong></span> <span class='ocrx_word' id='word_1_392' title='bbox 574 3239 606 3249; x_wconf 96' lang='lat'>-</span> <span class='ocrx_word' id='word_1_393' title='bbox 625 3206 730 3272; x_wconf 83' lang='lat' dir='ltr'><strong>desine,</strong></span> <span class='ocrx_word' id='word_1_394' title='bbox 754 3206 861 3259; x_wconf 86' lang='lat' dir='ltr'><strong>dudum</strong></span> <span class='ocrx_word' id='word_1_395' title='bbox 880 3214 1027 3258; x_wconf 86' lang='lat' dir='ltr'><strong>correctus</strong></span> <span class='ocrx_word' id='word_1_396' title='bbox 1046 3213 1089 3256; x_wconf 86' lang='lat' dir='ltr'><strong>est</strong></span> <span class='ocrx_word' id='word_1_397' title='bbox 1116 3204 1148 3254; x_wconf 93' lang='lat' dir='ltr'><strong>in</strong></span> <span class='ocrx_word' id='word_1_398' title='bbox 1166 3203 1213 3256; x_wconf 85' lang='lat' dir='ltr'><strong>de-</strong></span> 
     </span>
     <span class='ocr_line' id='line_1_39' title="bbox 56 3274 1209 3348; baseline -0.003 -19"><span class='ocrx_word' id='word_1_399' title='bbox 56 3276 141 3342; x_wconf 87' lang='lat' dir='ltr'><strong>sere),</strong></span> <span class='ocrx_word' id='word_1_400' title='bbox 162 3293 255 3345; x_wconf 87' lang='lat' dir='ltr'><strong>neque</strong></span> <span class='ocrx_word' id='word_1_401' title='bbox 273 3296 398 3348; x_wconf 84' lang='lat' dir='ltr'><strong>unquam</strong></span> <span class='ocrx_word' id='word_1_402' title='bbox 417 3276 518 3330; x_wconf 84' lang='lat' dir='ltr'><strong>Cicero</strong></span> <span class='ocrx_word' id='word_1_403' title='bbox 537 3276 612 3329; x_wconf 73' lang='lat' dir='ltr'><strong>dixit</strong></span> <span class='ocrx_word' id='word_1_404' title='bbox 630 3294 683 3345; x_wconf 66' lang='lat' dir='ltr'><strong>ego</strong></span> <span class='ocrx_word' id='word_1_405' title='bbox 702 3293 720 3330; x_wconf 85' lang='lat' dir='ltr'><strong>a</strong></span> <span class='ocrx_word' id='word_1_406' title='bbox 738 3283 765 3330; x_wconf 85' lang='lat' dir='ltr'><strong>te</strong></span> <span class='ocrx_word' id='word_1_407' title='bbox 784 3274 897 3329; x_wconf 78' lang='lat' dir='ltr'><strong>desines·</strong></span> <span class='ocrx_word' id='word_1_408' title='bbox 913 3275 962 3327; x_wconf 85' lang='lat' dir='ltr'><strong>vel</strong></span> <span class='ocrx_word' id='word_1_409' title='bbox 986 3292 1038 3344; x_wconf 74' lang='lat' dir='ltr'><strong>ego</strong></span> <span class='ocrx_word' id='word_1_410' title='bbox 1058 3281 1085 3327; x_wconf 86' lang='lat' dir='ltr'><strong>te</strong></span> <span class='ocrx_word' id='word_1_411' title='bbox 1103 3274 1209 3327; x_wconf 77' lang='lat' dir='ltr'><strong>desino.</strong></span> 
     </span>
     <span class='ocr_line' id='line_1_40' title="bbox 56 3345 1212 3413; baseline -0.001 -14"><span class='ocrx_word' id='word_1_412' title='bbox 56 3346 138 3413; x_wconf 81' lang='lat' dir='ltr'><strong>Quod</strong></span> <span class='ocrx_word' id='word_1_413' title='bbox 158 3347 236 3399; x_wconf 87' lang='lat' dir='ltr'><strong>enim</strong></span> <span class='ocrx_word' id='word_1_414' title='bbox 255 3357 296 3402; x_wconf 89' lang='lat' dir='ltr'><strong>est</strong></span> <span class='ocrx_word' id='word_1_415' title='bbox 315 3349 350 3401; x_wconf 86' lang='lat' dir='ltr'><strong>ad</strong></span> <span class='ocrx_word' id='word_1_416' title='bbox 367 3348 475 3403; x_wconf 73' lang='lat' dir='ltr'><strong>anm.</strong></span> <span class='ocrx_word' id='word_1_417' title='bbox 494 3349 556 3401; x_wconf 85' lang='lat' dir='ltr'><strong>Vll.</strong></span> <span class='ocrx_word' id='word_1_418' title='bbox 579 3353 606 3404; x_wconf 89' lang='lat'><strong>1:</strong></span> <span class='ocrx_word' id='word_1_419' title='bbox 628 3348 745 3402; x_wconf 77' lang='lat' dir='ltr'><strong>libenter</strong></span> <span class='ocrx_word' id='word_1_420' title='bbox 761 3345 912 3401; x_wconf 69' lang='lat' dir='ltr'><strong>mehercule</strong></span> <span class='ocrx_word' id='word_1_421' title='bbox 934 3353 1047 3399; x_wconf 80' lang='lat' dir='ltr'><strong>ortem</strong></span> <span class='ocrx_word' id='word_1_422' title='bbox 1069 3345 1212 3399; x_wconf 84' lang='lat' dir='ltr'><strong>desine·</strong></span> 
     </span>
     <span class='ocr_line' id='line_1_41' title="bbox 56 3415 1212 3492; baseline -0.002 -21"><span class='ocrx_word' id='word_1_423' title='bbox 56 3434 131 3471; x_wconf 85' lang='lat' dir='ltr'><strong>rem</strong></span> <span class='ocrx_word' id='word_1_424' title='bbox 149 3417 210 3481; x_wconf 87' lang='lat' dir='ltr'><strong>(ubi</strong></span> <span class='ocrx_word' id='word_1_425' title='bbox 229 3418 371 3473; x_wconf 84' lang='lat' dir='ltr'><strong>dqulor.</strong></span> <span class='ocrx_word' id='word_1_426' title='bbox 392 3420 465 3473; x_wconf 82' lang='lat' dir='ltr'><strong>susle</strong></span> <span class='ocrx_word' id='word_1_427' title='bbox 482 3417 589 3472; x_wconf 84' lang='lat' dir='ltr'><strong>habent</strong></span> <span class='ocrx_word' id='word_1_428' title='bbox 608 3416 773 3485; x_wconf 79' lang='lat' dir='ltr'><strong>desererem,</strong></span> <span class='ocrx_word' id='word_1_429' title='bbox 794 3436 830 3471; x_wconf 86' lang='lat' dir='ltr'><strong>ex</strong></span> <span class='ocrx_word' id='word_1_430' title='bbox 837 3417 930 3492; x_wconf 73' lang='lat' dir='ltr'><strong>glossa</strong></span> <span class='ocrx_word' id='word_1_431' title='bbox 940 3417 989 3471; x_wconf 84' lang='lat' dir='ltr'><strong>vel</strong></span> <span class='ocrx_word' id='word_1_432' title='bbox 1008 3415 1212 3482; x_wconf 81' lang='lat' dir='ltr'><strong>correctione),</strong></span> 
     </span>
     <span class='ocr_line' id='line_1_42' title="bbox 57 3487 1213 3558; baseline 0.001 -18"><span class='ocrx_word' id='word_1_433' title='bbox 57 3488 88 3542; x_wconf 92' lang='lat' dir='ltr'><strong>id</strong></span> <span class='ocrx_word' id='word_1_434' title='bbox 111 3505 171 3542; x_wconf 91' lang='lat' dir='ltr'><strong>non</strong></span> <span class='ocrx_word' id='word_1_435' title='bbox 196 3505 228 3541; x_wconf 88' lang='lat' dir='ltr'><strong>eo</strong></span> <span class='ocrx_word' id='word_1_436' title='bbox 252 3491 339 3558; x_wconf 79' lang='lat' dir='ltr'><strong>valet,</strong></span> <span class='ocrx_word' id='word_1_437' title='bbox 366 3499 400 3542; x_wconf 89' lang='lat' dir='ltr'><strong>ut</strong></span> <span class='ocrx_word' id='word_1_438' title='bbox 427 3491 475 3542; x_wconf 83' lang='lat' dir='ltr'><strong>illi</strong></span> <span class='ocrx_word' id='word_1_439' title='bbox 497 3499 659 3544; x_wconf 85' lang='lat' dir='ltr'><strong>commento</strong></span> <span class='ocrx_word' id='word_1_440' title='bbox 683 3499 781 3543; x_wconf 86' lang='lat' dir='ltr'><strong>nostro</strong></span> <span class='ocrx_word' id='word_1_441' title='bbox 805 3489 870 3542; x_wconf 89' lang='lat' dir='ltr'><strong>loco</strong></span> <span class='ocrx_word' id='word_1_442' title='bbox 887 3487 927 3540; x_wconf 83' lang='lat' dir='ltr'><strong>ali</strong></span> <span class='ocrx_word' id='word_1_443' title='bbox 950 3488 999 3541; x_wconf 92' lang='lat' dir='ltr'><strong>uid</strong></span> <span class='ocrx_word' id='word_1_444' title='bbox 1025 3487 1213 3541; x_wconf 81' lang='lat' dir='ltr'><strong>tribuendum</strong></span> 
     </span>
     <span class='ocr_line' id='line_1_43' title="bbox 57 3507 1215 3633; baseline 0 -21"><span class='ocrx_word' id='word_1_445' title='bbox 57 3577 117 3613; x_wconf 83' lang='lat' dir='ltr'><strong>esse</strong></span> <span class='ocrx_word' id='word_1_446' title='bbox 135 3559 278 3627; x_wconf 78' lang='lat' dir='ltr'><strong>videatur,</strong></span> <span class='ocrx_word' id='word_1_447' title='bbox 306 3561 478 3633; x_wconf 79' lang='lat' dir='ltr'><strong>praesertim</strong></span> <span class='ocrx_word' id='word_1_448' title='bbox 496 3579 562 3613; x_wconf 78' lang='lat' dir='ltr'><strong>cuin</strong></span> <span class='ocrx_word' id='word_1_449' title='bbox 585 3560 662 3615; x_wconf 88' lang='lat' dir='ltr'><strong>linea</strong></span> <span class='ocrx_word' id='word_1_450' title='bbox 679 3561 869 3631; x_wconf 85' lang='lat' dir='ltr'><strong>subsequente</strong></span> <span class='ocrx_word' id='word_1_451' title='bbox 885 3507 1005 3612; x_wconf 63' lang='lat' dir='ltr'><strong>wiburn</strong></span> <span class='ocrx_word' id='word_1_452' title='bbox 1024 3560 1127 3614; x_wconf 76' lang='lat' dir='ltr'><strong>desinit</strong></span> <span class='ocrx_word' id='word_1_453' title='bbox 1145 3575 1215 3630; x_wconf 79' lang='lat' dir='ltr'><strong>prc-</strong></span> 
     </span>
     <span class='ocr_line' id='line_1_44' title="bbox 56 3629 1213 3707; baseline -0.001 -23"><span class='ocrx_word' id='word_1_454' title='bbox 56 3631 122 3701; x_wconf 80' lang='lat' dir='ltr'><strong>pria</strong></span> <span class='ocrx_word' id='word_1_455' title='bbox 146 3630 359 3706; x_wconf 78' lang='lat' dir='ltr'><strong>significatione</strong></span> <span class='ocrx_word' id='word_1_456' title='bbox 386 3632 512 3707; x_wconf 72' lang='lat' dir='ltr'><strong>legatur,</strong></span> <span class='ocrx_word' id='word_1_457' title='bbox 545 3632 619 3685; x_wconf 86' lang='lat' dir='ltr'><strong>unde</strong></span> <span class='ocrx_word' id='word_1_458' title='bbox 644 3651 677 3686; x_wconf 87' lang='lat' dir='ltr'><strong>rc</strong></span> <span class='ocrx_word' id='word_1_459' title='bbox 700 3649 770 3686; x_wconf 83' lang='lat' dir='ltr'><strong>vera</strong></span> <span class='ocrx_word' id='word_1_460' title='bbox 793 3632 845 3685; x_wconf 82' lang='lat' dir='ltr'><strong>ilie</strong></span> <span class='ocrx_word' id='word_1_461' title='bbox 872 3630 903 3683; x_wconf 92' lang='lat' dir='ltr'><strong>in</strong></span> <span class='ocrx_word' id='word_1_462' title='bbox 930 3629 996 3684; x_wconf 86' lang='lat' dir='ltr'><strong>Cod.</strong></span> <span class='ocrx_word' id='word_1_463' title='bbox 1022 3630 1102 3685; x_wconf 79' lang='lat' dir='ltr'><strong>Leid.</strong></span> <span class='ocrx_word' id='word_1_464' title='bbox 1129 3645 1213 3683; x_wconf 85' lang='lat' dir='ltr'><strong>error</strong></span> 
     </span>
     <span class='ocr_line' id='line_1_45' title="bbox 56 3701 1212 3773; baseline -0.001 -19"><span class='ocrx_word' id='word_1_465' title='bbox 56 3712 138 3754; x_wconf 84' lang='lat' dir='ltr'><strong>ortus</strong></span> <span class='ocrx_word' id='word_1_466' title='bbox 157 3712 208 3756; x_wconf 88' lang='lat' dir='ltr'><strong>est.</strong></span> <span class='ocrx_word' id='word_1_467' title='bbox 229 3703 294 3757; x_wconf 87' lang='lat' dir='ltr'><strong>Cod.</strong></span> <span class='ocrx_word' id='word_1_468' title='bbox 315 3703 360 3757; x_wconf 82' lang='lat' dir='ltr'><strong>Au</strong></span> <span class='ocrx_word' id='word_1_469' title='bbox 383 3743 389 3754; x_wconf 92' lang='lat'><strong>.</strong></span> <span class='ocrx_word' id='word_1_470' title='bbox 409 3703 495 3757; x_wconf 85' lang='lat' dir='ltr'><strong>habet</strong></span> <span class='ocrx_word' id='word_1_471' title='bbox 513 3718 696 3773; x_wconf 77' lang='lat' dir='ltr'><strong>nunquamne</strong></span> <span class='ocrx_word' id='word_1_472' title='bbox 713 3704 822 3757; x_wconf 73' lang='lat' dir='ltr'><strong>necuere*</strong></span> <span class='ocrx_word' id='word_1_473' title='bbox 840 3701 951 3755; x_wconf 78' lang='lat' dir='ltr'><strong>desinit.</strong></span> <span class='ocrx_word' id='word_1_474' title='bbox 989 3702 1053 3755; x_wconf 84' lang='lat' dir='ltr'><strong>Post</strong></span> <span class='ocrx_word' id='word_1_475' title='bbox 1077 3716 1212 3772; x_wconf 72' lang='lat' dir='ltr'><strong>nunquam</strong></span> 
     </span>
     <span class='ocr_line' id='line_1_46' title="bbox 56 3768 1213 3840; baseline -0.003 -15"><span class='ocrx_word' id='word_1_476' title='bbox 56 3774 208 3826; x_wconf 85' lang='lat' dir='ltr'><strong>omittitur</strong></span> <span class='ocrx_word' id='word_1_477' title='bbox 227 3791 260 3828; x_wconf 83' lang='lat' dir='ltr'><strong>ne</strong></span> <span class='ocrx_word' id='word_1_478' title='bbox 279 3774 310 3825; x_wconf 88' lang='lat' dir='ltr'><strong>in</strong></span> <span class='ocrx_word' id='word_1_479' title='bbox 330 3775 369 3828; x_wconf 89' lang='lat' dir='ltr'><strong>Co</strong></span> <span class='ocrx_word' id='word_1_480' title='bbox 390 3813 396 3825; x_wconf 92' lang='lat'><strong>.</strong></span> <span class='ocrx_word' id='word_1_481' title='bbox 417 3768 502 3827; x_wconf 89' lang='lat' dir='ltr'><strong>Vind.</strong></span> <span class='ocrx_word' id='word_1_482' title='bbox 524 3779 559 3840; x_wconf 88' lang='grc'><strong>1.,</strong></span> <span class='ocrx_word' id='word_1_483' title='bbox 581 3774 611 3825; x_wconf 90' lang='lat' dir='ltr'><strong>in</strong></span> <span class='ocrx_word' id='word_1_484' title='bbox 630 3775 682 3827; x_wconf 85' lang='lat' dir='ltr'><strong>Ed.</strong></span> <span class='ocrx_word' id='word_1_485' title='bbox 706 3774 777 3829; x_wconf 79' lang='lat' dir='ltr'><strong>Ven.</strong></span> <span class='ocrx_word' id='word_1_486' title='bbox 798 3774 857 3827; x_wconf 84' lang='lat' dir='ltr'><strong>Alt.</strong></span> <span class='ocrx_word' id='word_1_487' title='bbox 879 3782 969 3826; x_wconf 86' lang='lat' dir='ltr'><strong>estse</strong></span> <span class='ocrx_word' id='word_1_488' title='bbox 988 3789 1116 3826; x_wconf 86' lang='lat' dir='ltr'><strong>excorr.</strong></span> <span class='ocrx_word' id='word_1_489' title='bbox 1146 3789 1213 3823; x_wconf 80' lang='lat' dir='ltr'><strong>cuin</strong></span> 
     </span>
     <span class='ocr_line' id='line_1_47' title="bbox 56 3840 1215 3912; baseline -0.002 -16"><span class='ocrx_word' id='word_1_490' title='bbox 56 3850 143 3896; x_wconf 81' lang='lat' dir='ltr'><strong>antes</strong></span> <span class='ocrx_word' id='word_1_491' title='bbox 165 3845 266 3899; x_wconf 79' lang='lat' dir='ltr'><strong>fuisset</strong></span> <span class='ocrx_word' id='word_1_492' title='bbox 290 3861 335 3912; x_wconf 82' lang='lat' dir='ltr'><strong>ne,</strong></span> <span class='ocrx_word' id='word_1_493' title='bbox 369 3845 400 3897; x_wconf 89' lang='lat' dir='ltr'><strong>in</strong></span> <span class='ocrx_word' id='word_1_494' title='bbox 427 3840 479 3898; x_wconf 83' lang='lat' dir='ltr'><strong>Ed.</strong></span> <span class='ocrx_word' id='word_1_495' title='bbox 499 3844 535 3896; x_wconf 84' lang='lat' dir='ltr'><strong>H.</strong></span> <span class='ocrx_word' id='word_1_496' title='bbox 561 3851 604 3898; x_wconf 87' lang='lat' dir='ltr'><strong>est</strong></span> <span class='ocrx_word' id='word_1_497' title='bbox 629 3859 685 3899; x_wconf 79' lang='lat' dir='ltr'><strong>sec.</strong></span> <span class='ocrx_word' id='word_1_498' title='bbox 724 3840 870 3901; x_wconf 75' lang='lat' dir='ltr'><strong>scribitur</strong></span> <span class='ocrx_word' id='word_1_499' title='bbox 897 3843 985 3898; x_wconf 78' lang='lat' dir='ltr'><strong>etiam</strong></span> <span class='ocrx_word' id='word_1_500' title='bbox 1008 3857 1044 3895; x_wconf 87' lang='lat' dir='ltr'><strong>se</strong></span> <span class='ocrx_word' id='word_1_501' title='bbox 1061 3841 1163 3896; x_wconf 83' lang='lat' dir='ltr'><strong>moseri</strong></span> <span class='ocrx_word' id='word_1_502' title='bbox 1182 3843 1215 3905; x_wconf 78' lang='lat' dir='ltr'><strong>in</strong></span> 
     </span>
     <span class='ocr_line' id='line_1_48' title="bbox 55 3910 1215 3982; baseline -0.001 -14"><span class='ocrx_word' id='word_1_503' title='bbox 55 3913 129 3968; x_wconf 83' lang='lat' dir='ltr'><strong>Edd.</strong></span> <span class='ocrx_word' id='word_1_504' title='bbox 150 3918 183 3966; x_wconf 83' lang='lat' dir='ltr'><strong>A.</strong></span> <span class='ocrx_word' id='word_1_505' title='bbox 203 3914 242 3982; x_wconf 77' lang='grc'><strong>8.,</strong></span> <span class='ocrx_word' id='word_1_506' title='bbox 274 3928 430 3969; x_wconf 77' lang='lat' dir='ltr'><strong>semovere</strong></span> <span class='ocrx_word' id='word_1_507' title='bbox 456 3916 488 3967; x_wconf 91' lang='lat' dir='ltr'><strong>in</strong></span> <span class='ocrx_word' id='word_1_508' title='bbox 515 3915 567 3968; x_wconf 82' lang='lat' dir='ltr'><strong>Ed.</strong></span> <span class='ocrx_word' id='word_1_509' title='bbox 586 3917 618 3968; x_wconf 91' lang='lat' dir='ltr'><strong>B.</strong></span> <span class='ocrx_word' id='word_1_510' title='bbox 652 3932 686 3968; x_wconf 82' lang='lat' dir='ltr'><strong>ae</strong></span> <span class='ocrx_word' id='word_1_511' title='bbox 711 3915 864 3970; x_wconf 86' lang='lat' dir='ltr'><strong>emovers&#39;</strong></span> <span class='ocrx_word' id='word_1_512' title='bbox 888 3915 919 3967; x_wconf 93' lang='lat' dir='ltr'><strong>in</strong></span> <span class='ocrx_word' id='word_1_513' title='bbox 946 3910 1012 3967; x_wconf 82' lang='lat' dir='ltr'><strong>eod.</strong></span> <span class='ocrx_word' id='word_1_514' title='bbox 1032 3912 1121 3969; x_wconf 81' lang='lat' dir='ltr'><strong>Rebd.</strong></span> <span class='ocrx_word' id='word_1_515' title='bbox 1159 3912 1215 3967; x_wconf 83' lang='lat' dir='ltr'><strong>Pro</strong></span> 
     </span>
     <span class='ocr_line' id='line_1_49' title="bbox 56 3980 1212 4056; baseline 0.002 -19"><span class='ocrx_word' id='word_1_516' title='bbox 56 3985 166 4056; x_wconf 81' lang='lat' dir='ltr'><strong>quidem</strong></span> <span class='ocrx_word' id='word_1_517' title='bbox 183 4003 256 4039; x_wconf 90' lang='lat' dir='ltr'><strong>unus</strong></span> <span class='ocrx_word' id='word_1_518' title='bbox 277 3988 327 4040; x_wconf 85' lang='lat' dir='ltr'><strong>Ox.</strong></span> <span class='ocrx_word' id='word_1_519' title='bbox 348 3989 434 4053; x_wconf 79' lang='lat' dir='ltr'><strong>finem.</strong></span> <span class='ocrx_word' id='word_1_520' title='bbox 472 3986 517 4039; x_wconf 84' lang='lat' dir='ltr'><strong>Ad</strong></span> <span class='ocrx_word' id='word_1_521' title='bbox 539 3989 711 4040; x_wconf 86' lang='lat' dir='ltr'><strong>sententiam</strong></span> <span class='ocrx_word' id='word_1_522' title='bbox 733 3988 771 4039; x_wconf 82' lang='lat' dir='ltr'><strong>ef.</strong></span> <span class='ocrx_word' id='word_1_523' title='bbox 792 3985 852 4040; x_wconf 79' lang='lat' dir='ltr'><strong>cic.</strong></span> <span class='ocrx_word' id='word_1_524' title='bbox 878 3985 912 4038; x_wconf 88' lang='lat' dir='ltr'><strong>dc</strong></span> <span class='ocrx_word' id='word_1_525' title='bbox 930 3984 967 4037; x_wconf 84' lang='lat' dir='ltr'><strong>N.</strong></span> <span class='ocrx_word' id='word_1_526' title='bbox 986 3980 1021 4036; x_wconf 89' lang='lat' dir='ltr'><strong>D.</strong></span> <span class='ocrx_word' id='word_1_527' title='bbox 1040 3982 1079 4038; x_wconf 89' lang='lat'><strong>11.</strong></span> <span class='ocrx_word' id='word_1_528' title='bbox 1101 3987 1142 4040; x_wconf 77' lang='lat'><strong>12</strong></span> <span class='ocrx_word' id='word_1_529' title='bbox 1163 3986 1212 4041; x_wconf 71' lang='lat'><strong>³2:</strong></span> 
     </span>
     <span class='ocr_line' id='line_1_50' title="bbox 56 4054 1215 4128; baseline 0.001 -20"><span class='ocrx_word' id='word_1_530' title='bbox 56 4056 104 4110; x_wconf 84' lang='lat' dir='ltr'><strong>cai</strong></span> <span class='ocrx_word' id='word_1_531' title='bbox 122 4056 258 4124; x_wconf 84' lang='lat' dir='ltr'><strong>(Platoni)</strong></span> <span class='ocrx_word' id='word_1_532' title='bbox 274 4058 367 4127; x_wconf 82' lang='lat' dir='ltr'><strong>placet</strong></span> <span class='ocrx_word' id='word_1_533' title='bbox 387 4091 419 4101; x_wconf 93' lang='lat'><em>-</em></span> <span class='ocrx_word' id='word_1_534' title='bbox 439 4073 499 4112; x_wconf 88' lang='lat' dir='ltr'><strong>esse</strong></span> <span class='ocrx_word' id='word_1_535' title='bbox 519 4087 551 4095; x_wconf 98' lang='lat'>—</span> <span class='ocrx_word' id='word_1_536' title='bbox 572 4054 707 4123; x_wconf 80' lang='lat' dir='ltr'><strong>divinius,</strong></span> <span class='ocrx_word' id='word_1_537' title='bbox 735 4057 809 4128; x_wconf 81' lang='lat' dir='ltr'><strong>quod</strong></span> <span class='ocrx_word' id='word_1_538' title='bbox 832 4057 925 4127; x_wconf 79' lang='lat' dir='ltr'><strong>ipsam</strong></span> <span class='ocrx_word' id='word_1_539' title='bbox 948 4071 982 4109; x_wconf 78' lang='lat' dir='ltr'><strong>ex</strong></span> <span class='ocrx_word' id='word_1_540' title='bbox 1000 4071 1030 4109; x_wconf 88' lang='lat' dir='ltr'><strong>se</strong></span> <span class='ocrx_word' id='word_1_541' title='bbox 1048 4071 1102 4111; x_wconf 81' lang='lat' dir='ltr'><strong>sua</strong></span> <span class='ocrx_word' id='word_1_542' title='bbox 1120 4060 1215 4125; x_wconf 72' lang='lat' dir='ltr'><strong>spem</strong></span> 
     </span>
     <span class='ocr_line' id='line_1_51' title="bbox 55 4125 1216 4202; baseline -0.002 -21"><span class='ocrx_word' id='word_1_543' title='bbox 55 4134 213 4193; x_wconf 74' lang='lat' dir='ltr'><strong>moratur,</strong></span> <span class='ocrx_word' id='word_1_544' title='bbox 239 4144 317 4198; x_wconf 77' lang='lat' dir='ltr'><strong>qaam</strong></span> <span class='ocrx_word' id='word_1_545' title='bbox 345 4130 417 4202; x_wconf 81' lang='lat' dir='ltr'><strong>qaod</strong></span> <span class='ocrx_word' id='word_1_546' title='bbox 441 4130 522 4198; x_wconf 74' lang='lat' dir='ltr'><strong>pulsu</strong></span> <span class='ocrx_word' id='word_1_547' title='bbox 548 4129 676 4196; x_wconf 79' lang='lat' dir='ltr'><strong>agitetur</strong></span> <span class='ocrx_word' id='word_1_548' title='bbox 699 4132 822 4183; x_wconf 83' lang='lat' dir='ltr'><strong>esterno.</strong></span> <span class='ocrx_word' id='word_1_549' title='bbox 860 4128 939 4182; x_wconf 78' lang='lat' dir='ltr'><strong>Hauc</strong></span> <span class='ocrx_word' id='word_1_550' title='bbox 956 4133 1044 4181; x_wconf 77' lang='lat' dir='ltr'><strong>autea</strong></span> <span class='ocrx_word' id='word_1_551' title='bbox 1061 4133 1166 4181; x_wconf 80' lang='lat' dir='ltr'><strong>motum</strong></span> <span class='ocrx_word' id='word_1_552' title='bbox 1183 4125 1216 4180; x_wconf 80' lang='lat' dir='ltr'><strong>is</strong></span> 
     </span>
     <span class='ocr_line' id='line_1_52' title="bbox 53 4198 1217 4270; baseline 0 -19"><span class='ocrx_word' id='word_1_553' title='bbox 53 4199 127 4251; x_wconf 83' lang='lat' dir='ltr'><strong>eolis</strong></span> <span class='ocrx_word' id='word_1_554' title='bbox 157 4199 264 4254; x_wconf 79' lang='lat' dir='ltr'><strong>animis</strong></span> <span class='ocrx_word' id='word_1_555' title='bbox 297 4214 357 4254; x_wconf 85' lang='lat' dir='ltr'><strong>esse</strong></span> <span class='ocrx_word' id='word_1_556' title='bbox 383 4201 477 4270; x_wconf 80' lang='lat' dir='ltr'><strong>ponit,</strong></span> <span class='ocrx_word' id='word_1_557' title='bbox 512 4200 546 4252; x_wconf 83' lang='lat' dir='ltr'><strong>ab</strong></span> <span class='ocrx_word' id='word_1_558' title='bbox 576 4199 668 4269; x_wconf 82' lang='lat' dir='ltr'><strong>iisque</strong></span> <span class='ocrx_word' id='word_1_559' title='bbox 690 4198 860 4270; x_wconf 77' lang='lat' dir='ltr'><strong>principium</strong></span> <span class='ocrx_word' id='word_1_560' title='bbox 892 4205 978 4255; x_wconf 80' lang='lat' dir='ltr'><strong>motus</strong></span> <span class='ocrx_word' id='word_1_561' title='bbox 1014 4214 1076 4254; x_wconf 83' lang='lat' dir='ltr'><strong>esse</strong></span> <span class='ocrx_word' id='word_1_562' title='bbox 1108 4199 1217 4255; x_wconf 75' lang='lat' dir='ltr'><strong>ductum</strong></span> 
     </span>
    </p>

    <p class='ocr_par' dir='ltr' id='par_1_7' title="bbox 94 4276 244 4323">
     <span class='ocr_line' id='line_1_53' title="bbox 94 4276 244 4323; baseline 0.007 -1"><span class='ocrx_word' id='word_1_563' title='bbox 94 4276 146 4323; x_wconf 80' lang='lat' dir='ltr'><strong>tat.</strong></span> <span class='ocrx_word' id='word_1_564' title='bbox 221 4287 244 4323; x_wconf 85' lang='lat' dir='ltr'><strong>r.</strong></span> 
     </span>
    </p>

    <p class='ocr_par' dir='ltr' id='par_1_8' title="bbox 52 4271 1217 4557">
     <span class='ocr_line' id='line_1_54' title="bbox 52 4271 1217 4414; baseline -0.008 -16"><span class='ocrx_word' id='word_1_565' title='bbox 52 4284 92 4337; x_wconf 55' lang='lat' dir='ltr'><strong>pu</strong></span> <span class='ocrx_word' id='word_1_566' title='bbox 129 4271 308 4398; x_wconf 64' lang='lat' dir='ltr'><strong>catemariam</strong></span> <span class='ocrx_word' id='word_1_567' title='bbox 326 4338 441 4410; x_wconf 85' lang='lat' dir='ltr'><strong>ceteris,</strong></span> <span class='ocrx_word' id='word_1_568' title='bbox 462 4358 532 4413; x_wconf 81' lang='lat' dir='ltr'><strong>quoe</strong></span> <span class='ocrx_word' id='word_1_569' title='bbox 550 4345 699 4408; x_wconf 78' lang='lat' dir='ltr'><strong>moventur,</strong></span> <span class='ocrx_word' id='word_1_570' title='bbox 718 4340 782 4409; x_wconf 77' lang='lat' dir='ltr'><strong>etc]</strong></span> <span class='ocrx_word' id='word_1_571' title='bbox 808 4342 862 4396; x_wconf 85' lang='lat' dir='ltr'><strong>Ed.</strong></span> <span class='ocrx_word' id='word_1_572' title='bbox 881 4343 911 4395; x_wconf 83' lang='grc' dir='ltr'><strong>Ρ.</strong></span> <span class='ocrx_word' id='word_1_573' title='bbox 935 4340 1002 4414; x_wconf 76' lang='lat' dir='ltr'><strong>qaia</strong></span> <span class='ocrx_word' id='word_1_574' title='bbox 1020 4340 1107 4396; x_wconf 82' lang='lat' dir='ltr'><strong>etiam</strong></span> <span class='ocrx_word' id='word_1_575' title='bbox 1124 4338 1154 4392; x_wconf 68' lang='grc' dir='ltr'><strong>δη</strong></span> <span class='ocrx_word' id='word_1_576' title='bbox 1173 4352 1217 4390; x_wconf 77' lang='lat' dir='ltr'><strong>cs·</strong></span> 
     </span>
     <span class='ocr_line' id='line_1_55' title="bbox 54 4407 1216 4485; baseline 0 -21"><span class='ocrx_word' id='word_1_577' title='bbox 54 4411 147 4467; x_wconf 75' lang='lat' dir='ltr'><strong>teris:</strong></span> <span class='ocrx_word' id='word_1_578' title='bbox 185 4426 238 4469; x_wconf 79' lang='lat' dir='ltr'><strong>uae</strong></span> <span class='ocrx_word' id='word_1_579' title='bbox 257 4415 288 4468; x_wconf 83' lang='lat' dir='ltr'><strong>in</strong></span> <span class='ocrx_word' id='word_1_580' title='bbox 306 4415 419 4479; x_wconf 78' lang='lat' dir='ltr'><strong>ceteris,</strong></span> <span class='ocrx_word' id='word_1_581' title='bbox 439 4430 509 4484; x_wconf 80' lang='lat' dir='ltr'><strong>qvae</strong></span> <span class='ocrx_word' id='word_1_582' title='bbox 528 4428 592 4466; x_wconf 81' lang='lat' dir='ltr'><strong>mou.</strong></span> <span class='ocrx_word' id='word_1_583' title='bbox 630 4412 683 4466; x_wconf 87' lang='lat' dir='ltr'><strong>Ed.</strong></span> <span class='ocrx_word' id='word_1_584' title='bbox 703 4412 739 4465; x_wconf 83' lang='lat' dir='ltr'><strong>H.</strong></span> <span class='ocrx_word' id='word_1_585' title='bbox 760 4412 828 4485; x_wconf 80' lang='lat' dir='ltr'><strong>quin</strong></span> <span class='ocrx_word' id='word_1_586' title='bbox 846 4419 879 4483; x_wconf 83' lang='lat' dir='ltr'><strong>et</strong></span> <span class='ocrx_word' id='word_1_587' title='bbox 895 4414 1002 4467; x_wconf 85' lang='lat' dir='ltr'><strong>ceteris.</strong></span> <span class='ocrx_word' id='word_1_588' title='bbox 1027 4410 1167 4483; x_wconf 87' lang='lat' dir='ltr'><strong>Sequitur</strong></span> <span class='ocrx_word' id='word_1_589' title='bbox 1185 4407 1216 4460; x_wconf 85' lang='lat' dir='ltr'><strong>in</strong></span> 
     </span>
     <span class='ocr_line' id='line_1_56' title="bbox 56 4430 1216 4557; baseline -0.004 -20"><span class='ocrx_word' id='word_1_590' title='bbox 56 4483 127 4539; x_wconf 73' lang='lat' dir='ltr'><strong>cut</strong></span> <span class='ocrx_word' id='word_1_591' title='bbox 147 4430 233 4539; x_wconf 65' lang='lat' dir='ltr'><strong>vind.</strong></span> <span class='ocrx_word' id='word_1_592' title='bbox 254 4490 278 4543; x_wconf 91' lang='lat' dir='ltr'><strong>l.</strong></span> <span class='ocrx_word' id='word_1_593' title='bbox 299 4480 345 4540; x_wconf 81' lang='lat' dir='ltr'><strong>bic</strong></span> <span class='ocrx_word' id='word_1_594' title='bbox 362 4486 425 4551; x_wconf 68' lang='lat' dir='ltr'><strong>fons</strong></span> <span class='ocrx_word' id='word_1_595' title='bbox 444 4486 497 4553; x_wconf 82' lang='lat' dir='ltr'><strong>est,</strong></span> <span class='ocrx_word' id='word_1_596' title='bbox 515 4480 567 4539; x_wconf 84' lang='lat' dir='ltr'><strong>boc</strong></span> <span class='ocrx_word' id='word_1_597' title='bbox 580 4482 675 4553; x_wconf 72' lang='lat' dir='ltr'><strong>princ</strong></span> <span class='ocrx_word' id='word_1_598' title='bbox 695 4484 827 4541; x_wconf 66' lang='lat' dir='ltr'><strong>monadi.</strong></span> <span class='ocrx_word' id='word_1_599' title='bbox 856 4484 1040 4541; x_wconf 76' lang='lat' dir='ltr'><strong>Msrbbabet</strong></span> <span class='ocrx_word' id='word_1_600' title='bbox 1057 4480 1144 4548; x_wconf 67' lang='lat' dir='ltr'><strong>rme,</strong></span> <span class='ocrx_word' id='word_1_601' title='bbox 1161 4492 1216 4557; x_wconf 80' lang='lat' dir='ltr'><strong>pro</strong></span> 
     </span>
    </p>
   </div>
   <div class='ocr_carea' id='block_1_5' title="bbox 0 0 1418 5070">
    <p class='ocr_par' dir='ltr' id='par_1_9' title="bbox 0 0 1418 5070">
     <span class='ocr_line' id='line_1_57' title="bbox 0 0 1418 5070; baseline 0 3"><span class='ocrx_word' id='word_1_602' title='bbox 0 0 1418 5070; x_wconf 95' lang='lat' dir='ltr'><strong> </strong></span> 
     </span>
    </p>
   </div>
  </div>
 </body>
</html>
