2828 5070
73 315 91 379 1
523 301 533 319 ’
557 341 684 405 nsnsn
703 340 749 421 ιι,
773 341 821 406 ιι.

73 592 94 632 Ι
120 504 160 572 Ρ.
185 538 221 552 ·-
245 507 416 590 Eloquere,
443 513 493 571 res
513 504 672 591 Argiuum
691 507 819 590 proelio
840 518 876 570 ut
897 529 932 570 se
953 505 1112 573 stistinet!

481 637 552 644 —.
701 636 715 643 .-
725 637 770 644 ..—
1095 638 1123 645 .-

73 754 77 772 ,
121 713 184 767 viri
211 712 383 767 amicissimi
408 714 544 778 dixerim,
572 713 668 767 nostri
690 713 750 765 loci
778 712 835 766 alia
862 722 905 766 est
931 715 1016 768 ratio.
1058 715 1093 766 ln
1118 715 1172 770 illa
1199 718 1278 770 enim

73 784 91 795 '
121 783 245 855 epistola
264 792 308 838 est
326 784 502 855 aposiopesis
521 784 713 861 indignantis,
732 801 805 853 quae
824 784 874 837 hic
893 785 991 838 locum
1010 784 1182 841 nonhabet.
1208 787 1279 841 Sen-

73 843 90 896 Ἠ
120 856 232 918 tentia,
253 857 367 927 opinor,
393 856 474 931 satis·
488 863 533 909 est
559 856 732 927 perspicua:
765 856 816 907 sed
836 854 910 909 nibil
931 855 993 908 uidi
1010 856 1101 909 minus
1118 855 1277 911 dromonum.

73 934 87 969 Ι
121 925 159 978 ln
178 943 255 996 seqq.
276 944 367 1002 marg.
388 927 445 980 MS.
473 927 540 979 Asc.
560 935 675 980 nostrae
692 928 720 982 2.
739 923 825 978 babet
844 927 903 997 qui
921 934 1013 979 actum
1030 928 1078 983 es't.
1118 929 1190 982 Gud.
1212 930 1282 999 quid

73 1006 84 1041 ι
121 1005 267 1066 cantum
295 998 344 1049 eit.
391 996 416 1048 E
455 999 519 1072 agia
544 998 734 1050 correctione.
780 997 823 1050 Ad
848 1016 910 1068 sqq.
955 1006 987 1051 ut
1015 1030 1047 1040 -
1066 1000 1209 1054 sustinet!
1239 1003 1278 1054 cl.

121 1067 193 1122 lior.
222 1067 297 1138 Epp.
320 1070 341 1121 1.
362 1072 388 1124 3.
411 1075 425 1124 l
451 1075 509 1122 :ut
526 1070 624 1121 uolet?
654 1075 685 1119 ut
711 1068 838 1121 meminit
863 1070 979 1122 nostrl?
1015 1071 1076 1123 Mr.

74 1134 83 1183 l
128 1166 131 1171 ·
195 1139 223 1192 P.
246 1171 276 1180 -
296 1140 441 1208 Eloquere,
465 1156 511 1192 res
534 1140 672 1206 Argiuum
696 1141 806 1207 proelio
830 1146 860 1192 ut
884 1157 914 1192 ee
931 1141 1086 1208 suatinetl]
1106 1141 1280 1197 Bouhierius

75 1224 81 1253 '-
123 1209 160 1264 ad
178 1210 376 1263 Bentleianam
390 1209 476 1263 buius
494 1211 552 1264 loci
566 1210 795 1264 emendationem
807 1209 847 1281 [q.
858 1213 899 1277 v.]
913 1212 998 1266 haec:
1022 1212 1140 1277 „Placet
1158 1214 1282 1284 scriptio

73 1294 83 1343 r
123 1281 308 1347 Argiuorum,
328 1283 416 1335 metri
434 1299 525 1334 causa.
562 1281 617 1335 Sed
636 1299 721 1334 versu
739 1299 799 1350 seq.
819 1289 927 1335 tantum
948 1283 1066 1337 videtur
1083 1284 1280 1351 retinendum,

73 1386 78 1400 .
123 1359 154 1404 et
180 1353 290 1405 loboris
315 1352 388 1406 bene
413 1355 550 1406 convenit
572 1354 662 1406 verbo
686 1352 818 1421 suppetit.
868 1353 948 1419 Quod
971 1370 1042 1408 vero
1070 1355 1165 1407 Bentl.
1192 1355 1282 1410 verba

73 1458 75 1469 .
124 1423 242 1478 Quiesce
261 1455 292 1466 -
313 1424 427 1489 obligo!
459 1424 591 1477 Patroclo
609 1422 722 1486 tribuit,
747 1439 805 1476 non
824 1425 944 1478 videtur
962 1433 1120 1496 reputasse,
1138 1425 1279 1511 Eurypy-

73 1499 80 1547 't
123 1494 196 1557 lam,
226 1495 250 1546 si
270 1495 334 1564 ipse
352 1496 497 1563 potuisset
515 1494 621 1547 vulnus
640 1495 780 1571 obligare,
804 1510 863 1547 non
883 1497 917 1548 ab
935 1496 993 1549 alio
1012 1497 1155 1550 auxilium
1173 1505 1283 1568 petitu·

73 1568 79 1631 ἰ
123 1581 191 1618 rum
215 1566 312 1618 luisse.
359 1567 445 1618 Poe'ta
471 1567 603 1618 imitatus
628 1575 672 1618 est
700 1568 763 1619 sine
791 1564 877 1619 dubio
901 1584 1020 1620 versum
1046 1567 1170 1621 Homeri
1195 1585 1283 1639 supra

73 1657 78 1692 ι
124 1637 287 1688 laudatum:
305 1639 369 1688 ’All'
390 1638 437 1707 ἐμὲ
454 1637 508 1722 plu
526 1637 560 1688 σὺ
579 1638 697 1689 σάωσον.
738 1638 855 1692 Quiesce
881 1638 974 1713 igitur
997 1646 1042 1692 est
1060 1641 1079 1695 i.
1099 1656 1127 1708 q.
1153 1641 1283 1693 sinemo

124 1711 284 1777 quiescere,
311 1716 411 1777 estque
435 1708 621 1777 disyllabum,
650 1708 739 1760 metri
763 1725 859 1760 causa:
893 1727 919 1760 v.
946 1708 1082 1762 Wasium
1106 1708 1171 1763 loco
1196 1727 1284 1779 supra

73 1798 79 1836 ι
124 1779 201 1831 laud.
221 1795 252 1848 p.
274 1783 333 1834 114.
373 1778 476 1845 Obliga
500 1787 544 1832 est
569 1779 601 1831 in
624 1796 687 1831 mea
705 1779 758 1830 Ed.
777 1786 835 1831 vet.
857 1787 885 1831 et
904 1780 935 1831 in
954 1780 1067 1849 aliquot
1085 1778 1174 1833 Codd.
1194 1780 1283 1849 idque

73 1856 81 1907 Ι
125 1849 299 1902 servandum
320 1865 431 1912 censeo,
451 1866 517 1902 cum
537 1865 569 1902 eo
589 1849 709 1902 iambis
728 1851 758 1901 in
778 1847 875 1903 eadem
894 1868 926 1905 re
939 1868 1006 1902 usus
1026 1851 1065 1902 sit
1076 1849 1187 1904 Cicero.
1209 1849 1282 1904 Cum

73 1940 80 1979 ι
124 1919 254 1972 Bentleio
279 1927 344 1988 post
368 1919 445 1972 illud
470 1920 592 1973 verbum
617 1920 715 1973 addidi
740 1926 814 1973 tuce:
846 1928 879 1972 ut
911 1921 1112 1996 intelligemus
1141 1921 1172 1973 in
1203 1938 1282 1992 seqq.

73 2012 79 2054 ι
124 1989 252 2043 Etiamsi
270 1991 373 2060 Euryp.
392 1997 487 2058 posset
508 1997 640 2044 tacere.
671 1990 713 2044 De
732 1991 844 2059 Aesopo
862 1993 1026 2044 fabularum
1045 1998 1143 2045 actore
1162 2006 1284 2062 quomo·

73 2088 79 2123 2
125 2060 162 2114 do
181 2060 316 2114 Davisius
362 2062 471 2115 otuerit
498 2061 637 2126 dubitare,
667 2078 725 2115 non
753 2062 898 2138 intelligo.
935 2062 1117 2116 Histrionem
1141 2065 1283 2131 nominat,

73 2163 79 2201 ¹.
125 2132 174 2188 sed
193 2134 290 2208 tangit
308 2079 422 2185 tabulae
442 2133 626 2203 scriptorem,
646 2132 737 2205 quib.
751 2134 772 2186 l.
789 2133 907 2209 longam
925 2134 1035 2204 proelii
1054 2134 1284 2220 descriptionem

73 2220 76 2266 ι
126 2211 318 2273 exponentem
339 2202 494 2257 induxerat
511 2201 672 2267 bominem,
699 2207 749 2274 qui
789 2221 838 2257 rae
856 2204 990 2258 vulneris
1010 2205 1111 2258 dolore
1128 2223 1182 2257 vsx
1200 2204 1284 2275 loqui

124 2274 253 2398 possetfl
271 2274 346 2331 oliv.
368 2276 399 2327 in
416 2273 470 2327 Ed.
492 2275 563 2346 Opp.
583 2275 644 2331 Cic.
665 2282 694 2328 et
712 2277 744 2327 in
762 2222 816 2327 Ed.
837 2275 991 2344 peculiari,
1017 2277 1064 2327 oui
1085 2276 1198 2329 additae
1216 2281 1285 2327 sunt

150 2345 278 2399 ouhierii
296 2345 508 2410 annotationes,
532 2345 621 2398 verba
638 2345 701 2398 Non
716 2351 807 2414 potest
825 2347 909 2412 effari
928 2374 960 2383 -
979 2345 1101 2413 suppetit
1127 2345 1234 2399 loboris
1251 2351 1286 2398 nt

125 2425 171 2470 est
189 2414 283 2468 adhuc
302 2417 333 2466 in
351 2415 424 2469 Edd.
445 2417 529 2469 Grut.
551 2425 581 2469 et
600 2416 672 2468 Ern.
711 2419 808 2469 Marco
826 2417 946 2469 tribuit:
968 2424 1069 2487 estque
1086 2414 1159 2470 baec
1176 2417 1285 2470 ibidem

125 2486 276 2556 Anonymi
299 2486 528 2540 animadversio:
560 2486 686 2552 „Cicero
720 2504 751 2541 se
778 2489 862 2557 quasi
891 2488 1067 2556 interponit,
1094 2485 1285 2558 Eurypylum

126 2558 280 2621 miserans,
315 2557 534 2626 quaestionibus
556 2559 713 2636 laqigatum
731 2577 747 2611 a
765 2558 908 2622 Patrobio,
932 2566 1020 2626 atque
1038 2557 1117 2611 bunc
1135 2559 1286 2628 alloquens

126 2629 190 2682 Non
206 2633 307 2695 potest,
326 2628 434 2698 inquit,
459 2627 545 2693 effari
563 2634 685 2681 tontum.
699 2672 705 2686 .
718 2668 743 2683 ..
772 2630 838 2681 Mox
856 2629 892 2682 ad
909 2624 1098 2700 Eury'pylum
1117 2646 1284 2694 conversus,

125 2701 213 2753 Hunc
232 2698 333 2765 igitur,
358 2699 474 2763 omitte,
501 2700 609 2770 inquit,
637 2707 893 2770 percunctatorem
924 2701 1135 2770 importunum,
1163 2701 1284 2771 quiesce,

127 2777 163 2834 et,
184 2769 297 2840 quando
317 2770 434 2839 quidem
454 2778 547 2824 emeat
566 2770 694 2846 obligare
713 2770 766 2823 tibi
785 2771 895 2835 uulnus,
914 2771 978 2840 ipse
996 2770 1099 2838 alliga.
1137 2771 1174 2824 At
1194 2773 1285 2837 enim,

127 2841 234 2912 inquit,
270 2840 432 2894 orationem
458 2841 492 2894 ab
523 2848 648 2911 utroque
672 2850 817 2903 avertens,
848 2841 971 2895 Etiamsi
999 2847 1096 2910 posset
1125 2841 1286 2912 Eurypylus

127 2913 288 2983 quiescere,
308 2927 363 2963 non
379 2912 476 2979 posset
493 2913 621 2980 Aesopus
635 2921 732 2978 actor;
751 2913 799 2964 cui
818 2930 934 2967 necesse
947 2921 991 2966 est
1001 2913 1163 2967 declamare
1177 2914 1286 2977 omnis,

127 3001 200 3053 qnae
219 3003 235 3037 a
253 2990 339 3051 poeta
358 2982 414 3035 sibi
433 2984 586 3036 commissa
603 2981 714 3037 babeat.
753 2984 836 3037 Hanc
853 2984 922 3049 loci,
949 2986 1064 3055 opinor,
1087 2983 1175 3038 buius
1194 2985 1286 3036 inter·

126 3055 324 3125 pretationem
343 3070 401 3106 non
420 3055 587 3122 mirabitur,
613 3055 665 3123 qui
684 3055 862 3120 meminerit,
890 3071 977 3124 qiam
1002 3056 1034 3107 in
1059 3055 1166 3109 talibus
1185 3055 1224 3108 sit
1242 3056 1287 3106 la·

127 3133 209 3177 catus
235 3125 370 3177 Cicero.“
413 3124 494 3178 Unus
517 3123 570 3177 Ox.
596 3123 684 3178 babet
709 3125 883 3195 Colloquere,
911 3124 987 3178 alius
1019 3142 1086 3177 cum
1114 3124 1182 3178 God.
1209 3124 1253 3177 Au
1278 3163 1285 3176 .

127 3194 275 3263 Eloquere,
300 3195 440 3263 eloquere:
468 3196 609 3248 nimirum
636 3203 670 3247 ut
693 3198 793 3248 versui
817 3195 994 3249 consulatur.
1038 3195 1169 3270 Pergunt
1195 3142 1284 3248 Marb.

127 3264 202 3338 Aug.
227 3266 303 3316 Mon.
325 3269 348 3319 1.
376 3265 461 3318 Vind.
481 3271 507 3321 ·1.
537 3281 600 3318 rex
625 3265 780 3334 Argivum,
795 3265 965 3336 'eorumque
992 3266 1117 3335 ultimus
1141 3268 1172 3319 in
1191 3283 1284 3351 marg.

127 3334 214 3388 habet
236 3333 441 3402 Agamemnon.
479 3336 683 3390 Bentleianum
712 3336 886 3404 Argiuorum
911 3338 1023 3408 recepit
1049 3336 1170 3391 bellem.
1200 3337 1286 3390 Antr-

170 3407 264 3458 issimi
284 3414 312 3459 et
330 3407 434 3476 optimi
452 3406 523 3460 libri
540 3406 650 3460 babent
668 3407 826 3475 Argiuum
849 3408 987 3462 nonnulli
1005 3407 1154 3476 Argiuom,
1173 3416 1208 3459 ut
1225 3408 1286 3462 edi·

147 3484 233 3531 erunt
251 3476 395 3530 FAWoll.
417 3476 463 3530 Or.
482 3477 545 3531 alii.
565 3477 664 3530 Dnisb.
685 3484 717 3529 at
730 3480 848 3547 proelio.
887 3479 992 3532 Deesse
1011 3479 1132 3548 aliquid,
1160 3480 1286 3533 tortasse

127 3549 226 3617 Euryp
245 3549 281 3614 le,
313 3548 344 3600 in
363 3546 420 3600 hoo
438 3565 526 3603 versu
550 3547 661 3601 iudicat
678 3548 773 3602 Kiihu.
795 3550 982 3604 Grotefendii
1001 3549 1231 3605 emendationem
1250 3566 1287 3604 ax

128 3621 223 3688 episto
271 3619 358 3672 affert
381 3618 449 3671 Bill.
474 3618 551 3673 banc
576 3621 720 3673 contextis
739 3621 913 3674 subiectam:
942 3622 991 3687 „P.
1013 3623 1151 3691 Eloquere
1170 3619 1286 3691 [Eury-

127 3689 221 3760 pyleJ.
246 3693 294 3742 rls
312 3691 455 3759 Argiuom
472 3691 584 3759 prolls'o
608 3697 640 3742 ut
657 3706 687 3743 se
704 3692 832 3746 stistinet.

198 3778 234 3831 E.
253 3778 316 3831 Non
332 3779 411 3848 polis
429 3780 522 3846 ecfari
539 3782 646 3832 trintum
664 3777 759 3847 dictis,
785 3781 917 3849 quaintum
935 3782 1022 3845 foetis
1038 3783 1160 3850 suppetit
1273 3808 1276 3813 ·

253 3848 382 3904 loboris.
414 3851 442 3902 P.
465 3850 581 3906 Quietae
599 3849 694 3918 igilur
711 3858 750 3915 tu,
770 3855 797 3905 el
815 3852 912 3905 uolnus
930 3853 1024 3921 «illigo
1044 3888 1218 3907 .......

199 3918 233 3971 E.
256 3919 312 3974 Ubi
328 3923 441 3986 {ortano
460 3923 593 3974 Hectoris
611 3928 738 3974 nostrum
756 3938 849 3975 acrem
869 3922 960 3975 dciem
977 3921 1146 3977 inclinatum
1165 3966 1172 3978 .
1193 3962 1200 3976 .

128 3991 163 4047 ld
182 3990 260 4062 quod
279 3990 394 4046 Gellius
413 3991 459 4044 IV.
482 3997 505 4047 7.
531 4009 620 4063 super
638 4000 759 4046 accentu
778 3994 929 4046 nominum
949 3994 1128 4063 quorundam
1147 3995 1285 4065 poenicu·

126 4081 194 4118 rum
214 4063 374 4126 annotarit,
394 4063 429 4115 ad
448 4064 559 4117 Graeca
578 4080 692 4132 quoque
711 4065 839 4124 nomina,
859 4080 979 4118 romano
998 4067 1082 4120 modo
1100 4065 1283 4151 proferenda,

127 4135 313 4194 referendum
341 4141 392 4186 est.
430 4131 479 4186 sic
504 4135 630 4208 legimus
657 4135 805 4188 Hectorem
822 4133 856 4186 T.
879 4136 910 4204 Q.
931 4137 953 4188 1.
974 4139 1016 4192 44.
1045 4136 1112 4203 [uba
1139 4156 1167 4191 v.
1192 4145 1284 4191 nostr.

130 4207 209 4272 ann]
229 4205 387 4274 Quodnisi
407 4210 491 4268 esset,
509 4222 610 4258 versus
629 4204 752 4258 ultimus
774 4207 815 4258 ita
833 4204 1049 4262 distribuendus
1069 4217 1158 4265 esset:
1285 4214 1288 4220 '

201 4312 459 4332 ..........
479 4276 514 4332 E.
538 4275 593 4329 Uos·
608 4277 721 4340 fortuna
739 4276 872 4329 chtors'e

271 4347 406 4399 Nostram
424 4349 519 4400 liorem
537 4347 627 4399 aciem
644 4346 811 4400 inclinu'lam
833 4384 1064 4401 .........

130 4418 222 4470 Varro
240 4416 272 4468 la.
292 4417 323 4468 L.
343 4418 389 4470 lx.
410 4421 437 4474 ³.
457 4420 499 4472 ed.
521 4417 659 4474 Gothofr.
677 4435 707 4489 p.
729 4421 791 4474 1⁰4.
810 4420 846 4476 42
865 4436 926 4490 sqq.
947 4419 982 4474 de
1000 4419 1167 4476 nominibus
1178 4419 1285 4473 ilecto·

131 4486 173 4540 ris
191 4493 221 4541 et
238 4486 372 4541 Nestoris
395 4489 436 4542 ita
467 4489 584 4543 scribit:
615 4486 694 4543 llaec
715 4489 808 4558 primo
826 4505 930 4557 ornnes,
963 4491 1014 4561 qus·
1037 4491 1129 4543 soluto
1155 4489 1286 4544 oratione
