2828 5070
557 322 686 387 LIBER
705 321 751 403 11,
772 322 822 389 19.
1213 319 1277 389 fibi

122 486 348 564 demolietur,
376 487 434 550 sed
455 497 556 550 tamen
576 507 641 550 non
668 506 811 551 summus.
860 485 956 550 ltttit
979 486 1059 548 enim
1083 485 1181 562 dolet,
1210 487 1276 550 nisi

119 588 196 650 pes:
227 580 363 651 possunt
384 570 487 646 centn
518 580 626 652 potest
648 580 757 651 caput,
785 570 899 647 latera,
929 567 1091 650 pulmones
1098 593 1109 643 ‚·
1138 578 1275 650 possunt

120 655 243 715 onnia:
265 652 361 735 longe
381 655 487 733 igitur
507 653 598 716 abest
619 674 640 714 a
659 672 774 716 suntme
789 653 908 716 dolore.
950 652 1057 734 Ergo,
1078 652 1197 734 inquit,
1218 652 1260 714 do

121 735 175 798 lor
194 737 365 799 diuturnus
384 735 480 799 lsabet
499 737 644 799 laetitiae
662 736 747 816 plus,
768 755 860 817 quam
879 734 1049 797 molestiae.
1092 733 1192 796 Nunc
1212 754 1273 820 ego
1291 737 1334 794 ts.

122 820 191 879 n'on
213 838 357 900 possum,
377 826 507 881 tentum
528 820 697 881 hominem
719 818 803 881 nihil
823 836 951 899 supere,
976 815 1105 879 dicere:
1127 815 1187 879 sed
1214 837 1274 880 nos

120 1002 145 1070 Ε.
166 1007 208 1061 ct.
246 1005 320 1057 Mihi
345 1004 461 1076 quidem
484 1005 602 1058 videtur
625 1023 717 1076 neque
744 1005 856 1077 aliquid
879 1005 1056 1070 mutandum,
1082 1020 1176 1074 neque
1194 1002 1278 1074 quid·

122 1092 210 1161 cunm
230 1076 322 1160 inesse
341 1076 435 1160 initis
453 1076 558 1142 verbis,
577 1094 634 1147 quo
653 1077 815 1130 offendatur
832 1077 980 1129 Latinitas.
1017 1076 1095 1130 Bene
1109 1106 1142 1118 -
1160 1090 1277 1142 mugnus

121 1163 221 1268 ”mii
248 1155 339 1270 iiii
356 1147 532 1270 letatii
551 1145 1277 1272 miiimqiisiibilli.ii¹1.f“¹ff¹¹i.'.i.i..³·³'.i‘.'li

121 1232 286 1408 &pissime
310 1307 338 1340 v.
358 1305 382 1340 c.
407 1289 488 1341 Brut.
517 1235 568 1344 Sil.)
586 1292 647 1344 282.
684 1291 725 1343 Ut
746 1306 816 1342 vero
839 1288 922 1342 Auct.
951 1236 1136 1341 squerenn.
1161 1253 1209 1340 iV.
1229 1288 1274 1342 Ὦ.

120 1374 176 1410 ver
193 1359 219 1441 is
243 1374 296 1410 non
314 1374 373 1461 pas
396 1359 570 1482 interposuit
592 1360 673 1427 plane
699 1359 889 1445 (nonuplane
903 1359 991 1443 ¹par),
1020 1364 1052 1410 ut
1069 1359 1107 1410 sit
1125 1358 1195 1442 i.·q.
1219 1373 1275 1442 non

122 1443 231 1482 osnnsno
250 1445 320 1498 par.
355 1437 395 1480 its
417 1448 470 1483 ver
489 1449 513 1483 is
536 1431 601 1483 bene
626 1445 747 1497 magnus
771 1439 976 1500 interpositum
995 1429 1079 1498 plane
1103 1428 1180 1480 nihil
1197 1427 1276 1481 ahud

121 1492 200 1582 velle
218 1500 343 1565 videtur,
367 1518 459 1586 quam·
479 1501 504 1553 si
528 1501 688 1585 scripsisset
710 1501 776 1555 bene
794 1499 904 1554 ommino
930 1516 1060 1584 magnus,
1090 1516 1148 1568 quo
1170 1499 1274 1564 minus,
1366 1513 1373 1527 ·

122 1570 397 1710 gpinggeopitzpaep
417 1574 539 1698 fiiiiffnt
565 1580 736 1626 criticorum
759 1588 850 1625 aures.
885 1571 966 1625 Conl.
990 1571 1051 1626 Orc.
1077 1571 1160 1624 Verr.
1184 1570 1223 1622 11.
1246 1572 1273 1624 2.

194 1728 276 1783 Ntttt
300 1730 367 1783 enim
390 1730 475 1798 dalet]
512 1732 579 1786 Cod.
604 1731 693 1786 Rebd.
722 1730 795 1786 nilsil
817 1732 890 1785 dolet
913 1728 990 1785 enim.
1013 1731 1094 1787 Unus
1119 1730 1169 1794 0¹·
1197 1727 1275 1783 addit

121 1798 178 1853 s'lls'.
213 1801 305 1854 Verba
321 1809 431 1868 possunt
450 1803 523 1856 oculi
539 1803 610 1854 Ern.
631 1802 724 1856 incl.
745 1803 805 1856 cic.
830 1822 859 1855 v.
886 1816 966 1869 potes
988 1802 1115 1872 explicat
1139 1802 1202 1854 bene
1227 1814 1275 1851 sta-

111 1871 196 1923 ·lessts
221 1888 343 1942 eumque
367 1889 497 1925 errorem
523 1874 664 1943 repetivit
682 1871 813 1938 Neidius,
839 1881 878 1937 et,
903 1873 979 1942 quod
1001 1873 1124 1924 maxime
1148 1869 1275 1934 mireris,

122 1940 269 1996 unwan.
290 1944 321 1994 in
338 1943 452 1996 scholis.
489 1945 597 1997 Verum
614 1944 690 1998 vidit
708 1943 837 2008 Schtitn„
863 1942 914 2014 qui
937 1943 1105 2018 intelligere
1131 1941 1211 1994 iubet
1228 1939 1276 1992 do-

121 2012 191 2064 lere.
229 2013 308 2078 Quod
332 2030 399 2065 cum
424 2013 533 2067 viderit
557 2014 637 2078 But,
668 2015 770 2068 mirari
795 2014 884 2079 subit,
909 2013 1049 2084 quomodo
1076 2013 1117 2065 its
1138 2011 1276 2081 smplccti

123 2083 253 2153 potuerit
278 2084 395 2137 Ernesti
421 2101 569 2149 emerem,-
584 2094 618 2137 ut
634 2102 734 2138 veram
758 2084 845 2138 etism
868 2084 1090 2153 explicationem
1115 2090 1145 2135 et
1162 2091 1277 2136 senten·

122 2152 233 2206 tiorum
250 2154 339 2207 nexui
356 2163 386 2207 et
401 2156 466 2207 usui
485 2156 631 2208 cicemnis
649 2154 793 2209 adversari
810 2155 958 2208 scriberet.
994 2156 1070 2219 Non,
1089 2153 1203 2223 opinor,
1230 2169 1276 2208 er·

123 2232 233 2277 rassent
252 2226 298 2277 illi
317 2225 448 2279 homines
466 2226 614 2290 Germani,
639 2226 664 2278 si
681 2226 842 2296 scripsisset
860 2225 961 2278 Cicero
982 2229 1099 2292 possent.
1136 2223 1191 2277 Sed
1209 2239 1276 2276 cum

122 2311 177 2418 pro
196 2297 371 2366 imperfecto
396 2296 476 2362 Coni.
503 2315 538 2350 ex
561 2313 611 2349 suo
629 2315 682 2348 usu
708 2296 858 2366 scripserit
875 2301 984 2362 possunt
1008 2296 1052 2360 (ut
1071 2303 1113 2347 est
1131 2293 1166 2347 de
1184 2294 1221 2346 N.
1240 2293 1274 2346 D.

140 2403 146 2416 .
166 2368 209 2420 36.
232 2371 298 2421 101:
320 2383 425 2433 possum
442 2368 476 2419 de
492 2365 687 2420 ichneumonum
703 2365 824 2419 utilitate
847 2364 953 2422 dicere:
979 2367 1017 2418 ci.
1035 2363 1150 2417 Beneks
1167 2363 1202 2416 ad
1214 2363 1274 2417 Cic.

124 2435 210 2488 catil.
231 2439 283 2491 111.
303 2441 328 2492 9.
348 2440 392 2492 li.
434 2476 440 2489 .
460 2437 544 2503 233),
570 2453 651 2490 mox:
677 2439 829 2504 multosque
843 2451 958 2504 passum
975 2466 1008 2478 -
1028 2434 1186 2489 nominare:
1205 2433 1276 2487 hinc

124 2505 176 2557 ills
193 2506 256 2560 loco
275 2508 369 2582 caligo
388 2523 404 2559 o
478 2545 487 2573 ,
507 2525 578 2578 quae
597 2507 685 2560 etiam
702 2508 834 2583 frugibus
853 2506 980 2559 inventis
997 2506 1032 2558 sd
1066 2506 1163 2559 lendes
1181 2504 1276 2558 redire

124 2577 211 2628 illum
229 2580 328 2630 virum
346 2579 450 2653 co'e'git.
473 2611 504 2620 -
524 2577 649 2631 Verbum
667 2578 744 2632 abest
762 2577 873 2632 omittit
891 2576 957 2631 Cod.
977 2524 1073 2629 Duisi.
1101 2579 1166 2631 Post
1184 2575 1277 2630 dolare

124 2647 211 2700 codd.
236 2649 323 2701 Msrb.
353 2657 382 2702 et
409 2648 481 2701 Gud·
501 2651 527 2703 2.
568 2657 674 2723 erg'nnt
695 2649 759 2706 Vel
775 2661 851 2713 ergo.
880 2647 962 2702 coni.
982 2647 1070 2701 etiam
1091 2646 1274 2703 Doederlein.

124 2719 186 2770 nat.
207 2717 380 2789 Synon.'1V.
400 2737 429 2788 p.
451 2722 510 2775 162.
584 2734 607 2774 r.

196 2806 284 2858 Dolor
302 2808 443 2860 diuturnus
460 2805 541 2859 labet
558 2805 685 2859 laetitiae
699 2806 771 2874 plus,
797 2821 872 2877 quan
890 2807 1040 2875 molestiae]
1075 2807 1124 2861 Sio
1148 2814 1276 2861 mentem

124 2894 204 2929 suam
223 2876 308 2930 effert
326 2879 482 2948 Epicurus:
502 2878 532 2930 al
550 2879 729 2947 πολυχρόνιοι
746 2883 804 2933 τοῖν
815 2875 988 2951 ”ἆρῤωστιιῦν
1012 2879 1164 2941 πλεονάζον
1179 2875 1277 2946 ἔχουσι

123 2945 313 3074 sioidlsssrou
330 2948 360 3003 is
378 2950 412 3018 ti
431 2950 523 3020 capul,
541 2944 611 3021 eluso
628 2950 659 3003 sb
679 2946 789 3017 ἀλγοῦν.
818 2950 889 3004 Vide
907 2951 1066 3025 Diogenem
1083 2948 1232 3003 inertium
1240 2950 1275 3014 X,

196 3089 282 3143 Dolor
306 3088 446 3143 diuturnus
473 3088 556 3144 tates
581 3090 707 3144 laetitiae
728 3092 800 3159 plus,
832 3105 907 3158 quam
935 3090 1087 3157 molestiae]
1128 3090 1276 3145 Rationem

123 3158 212 3211 huius
233 3161 392 3214 sententiae
413 3161 599 3216 subabsurdso
626 3161 721 3215 reddit
745 3162 890 3232 Epicurus
911 3162 958 3213 his
981 3161 1076 3213 verbis
1100 3161 1174 3231 apud
1191 3160 1274 3240 Diog.

123 3231 219 3283 Laert.
240 3232 273 3281 X.
294 3234 342 3303 22:
375 3228 615 3301 dussnapssdrssso
638 3232 671 3285 di
694 3237 764 3284 naias
786 3233 891 3290 τούτοις
915 3233 946 3284 sb
974 3232 1042 3284 κατὰ
1060 3234 1155 3300 ψυχὴν
1172 3234 1278 3298 χαῖρον

124 3298 172 3355 ἐπὶ
189 3305 243 3354 τῶν
260 3301 415 3368 γεγονότων
432 3299 500 3369 ἡμῖν
518 3303 703 3373 διαλογιςμῶν
718 3308 822 3374 μνήμῃ.
842 3303 1046 3372 Compensatos
1064 3318 1123 3354 esse
1141 3303 1183 3354 sit
1200 3319 1277 3354 sum-

124 3387 185 3423 mos
205 3371 337 3424 dolorum
355 3373 500 3424 cruciatus
518 3374 658 3426 memorii
674 3375 751 3426 vitae
769 3374 840 3426 bene
857 3381 997 3444 peractae.
1011 3398 1043 3410 -
1062 3374 1116 3424 Pro
1133 3373 1278 3427 nsalesliae

125 3450 250 3525 quatuor
267 3444 336 3496 Oxx.
356 3442 445 3496 Rehd.
468 3442 523 3496 MS.
544 3445 575 3495 in
593 3460 656 3496 mar
678 3484 684 3496 .
703 3443 787 3496 Verb.
812 3443 981 3509 mestitiae,-
1007 3442 1056 3495 sed
1072 3443 1162 3496 Rehd.
1191 3460 1276 3514 supra

124 3513 177 3596 lin.
205 3513 337 3637 ιιιοὶοῆἰο.
375 3515 441 3569 Non
475 3524 517 3568 est
550 3515 688 3568 credib's
720 3514 855 3568 Ciceroni
880 3514 910 3567 h.
935 3513 955 3568 l.
982 3511 1188 3584 iussoslleosou
1215 3514 1276 3585 pls-

124 3600 224 3636 cursse.
297 3601 321 3641 r.
1114 3596 1117 3609 ¹

193 3655 272 3708 Nunc
291 3671 344 3720 ego
361 3670 413 3707 non
428 3670 535 3721 possum
553 3661 652 3708 tantum
668 3655 797 3710 lsaminem
815 3654 883 3723 etc]
918 3656 972 3709 Pro
990 3670 1063 3708 nunc
1079 3654 1185 3708 hubent
1207 3653 1276 3708 bunc

125 3734 184 3777 tres
202 3726 286 3778 Godd.
307 3727 375 3780 Oxx.
396 3726 453 3779 MS.
473 3728 505 3778 in
522 3744 612 3811 marg.
633 3726 696 3781 Asc.
716 3736 828 3780 nostrae
845 3729 872 3781 2.
892 3727 974 3792 Eds..
993 3726 1021 3780 S.
1033 3727 1068 3778 E.
1080 3727 1112 3778 li.
1126 3727 1175 3778 Fr.
1190 3725 1273 3778 Febr.

124 3797 195 3847 Ven.
221 3805 310 3848 nostr.
355 3797 507 3851 simillimi
531 3798 673 3851 nimirum
692 3798 785 3851 solent
804 3814 863 3851 esse
886 3797 987 3850 ductus
1005 3797 1157 3849 literamm
1174 3793 1193 3847 i
1211 3788 1241 3848 et
1257 3811 1275 3848 ss

124 3865 348 3917 maiusculernsn
365 3869 397 3918 in
415 3868 500 3920 codd.
521 3885 575 3921 nec
592 3868 710 3922 absurde
727 3868 902 3921 scriberetur
916 3867 996 3932 tuse,
1022 3882 1200 3937 quemquam
1220 3867 1275 3920 sni-

124 3954 178 3989 nus
196 3938 405 3990 accommodate
423 3938 493 3991 huic
510 3938 666 3992 verborum
685 3939 788 3992 ordini.
815 3939 912 3991 Duisb.
940 3938 1026 3991 hebet
1046 3951 1099 3988 nott
1122 3950 1175 4001 ego
1197 3951 1275 3990 nunc.

124 4007 197 4081 Aug.
223 4006 303 4060 Numa
325 4022 392 4073 ergo
416 4024 477 4060 nass.
514 4010 657 4074 „Tantum
679 4007 805 4062 bominem
822 4009 983 4079 Epicurum
1004 4006 1157 4081 intelligit,
1188 4025 1275 4078 quem

123 4078 277 4132 Lucretius
296 4080 409 4131 cunctis
428 4080 598 4132 mortalibus
616 4080 780 4150 anteponit:
801 4078 871 4144 [111.
893 4082 960 4135 1⁰⁵6
978 4076 1037 4149 οφ]

197 4149 250 4204 Qui
265 4164 352 4213 genus
370 4149 506 4202 lunanum
523 4149 636 4214 iugenio
654 4150 800 4218 superescit,
820 4155 846 4202 et
863 4165 951 4201 asssnes

196 4219 332 4272 Exoriens
349 4222 446 4274 stellas
463 4219 605 4288 exstinxit,
623 4227 653 4274 ut
670 4221 808 4275 aetlserius
824 4220 900 4272 sal.“
918 4220 1077 4274 Beroaldus.

127 4289 276 4341 Nimirum
298 4291 445 4361 εἰρωνικῶς
469 4292 600 4362 loquitur
624 4295 743 4346 Marcus.
782 4292 911 4345 Lucretii
927 4309 1026 4345 versus
1043 4292 1187 4363 posterior
1200 4307 1277 4342 nunc

127 4359 167 4409 its
185 4358 309 4432 legitur:
328 4363 468 4429 restinxit,
487 4362 589 4425 stellas,
600 4370 709 4416 exortus
726 4363 769 4416 uti
786 4361 924 4415 anterius
939 4362 993 4415 sol.
1013 4389 1045 4401 -
1070 4363 1136 4416 cod.
1158 4363 1229 4414 Mon.
1252 4365 1274 4416 1.

126 4427 212 4482 bsbet
229 4429 301 4483 ssilsil
314 4447 441 4501 aspere
458 4435 559 4491 elicere.
588 4434 684 4489 Duisb.
705 4435 798 4490 dicere
813 4432 885 4488 silit
900 4449 1005 4504 sapere.
1041 4432 1101 4486 llis.
