2828 5070
527 330 773 412 ismenias,
1162 333 1222 402 rer

63 514 166 570 cere,
189 495 277 580 quod
297 497 406 573 mulli,
428 498 469 558 iis
491 495 624 575 auditis,
646 494 787 560 mortem
810 497 874 560 sibi
889 493 956 578 ipsi
969 499 1222 565 consciscerent.

72 578 270 643 Callimachi
297 579 431 661 quidem
461 582 663 665 epigramma
690 584 725 640 in
753 580 1000 643 Ambraciotam
1026 580 1263 645 cleombro-et

64 763 182 818 scholas
201 763 345 829 habuisse,
372 766 456 819 testie
475 773 519 818 est
536 765 587 818 hic
605 766 717 822 Cicero.
757 766 860 836 Atque,
886 775 920 819 ut
944 774 1007 820 erat
1030 781 1089 819 non
1108 775 1221 820 tantum

63 834 261 906 philosophus
280 835 416 909 insignis,
444 836 494 889 sed
512 844 609 890 orator
633 837 706 901 (val.
725 839 798 892 Max.
818 836 898 888 vlit.
918 839 944 892 9.
965 838 1005 903 3.)
1032 838 1084 889 vix
1110 837 1222 903 dubita,

63 907 142 974 quin
159 903 209 956 hic
228 907 289 974 ipse
309 906 362 959 ille
381 906 420 958 sit
437 906 574 983 Hegesias
592 908 763 980 Megareius,
783 925 799 960 a
818 906 959 961 cicerone
984 907 1063 960 inter
1081 915 1220 973 oratores,

63 995 83 1029 a
105 977 207 1028 vossio
226 976 305 1027 inter
322 975 479 1029 historicos
497 985 672 1030 numeratus.
702 977 856 1052 Hegesian)
875 977 992 1047 quidem
1010 976 1220 1048 philosophum

63 1047 185 1099 Vossius
204 1046 333 1122 seiungit
351 1048 384 1099 ab
402 1045 559 1110 historiam
586 1047 635 1100 sed
654 1046 774 1111 idcirco,
801 1049 916 1118 quirin
940 1047 1110 1118 philosophi
1128 1056 1221 1103 aetate
1303 1068 1307 1076 ·

64 1117 261 1177 aberraverat,
286 1117 363 1186 quod
389 1126 456 1169 ante
483 1118 683 1170 animadverti.
728 1119 831 1172 Puerit
856 1125 955 1170 tamen
979 1118 1056 1171 alter
1079 1117 1219 1192 Hegesias

64 1184 271 1258 philosophus,
305 1187 380 1239 alter
407 1185 578 1249 historicum
606 1196 635 1240 st
661 1187 761 1241 eodem
793 1195 917 1258 uterque
949 1189 1027 1240 vixit
1054 1188 1220 1257 tempore.“

66 1254 252 1310 Bouhiers'as.
271 1255 325 1307 Ed.
346 1257 381 1307 ll.
402 1257 517 1308 discere.
552 1259 613 1310 Mr.

141 1328 216 1396 qaod
242 1326 333 1386 multi,
359 1327 400 1378 iis
422 1327 541 1391 audilis,
564 1327 692 1393 mortem]
729 1329 789 1385 Quo
813 1343 870 1399 pro
893 1329 965 1396 quod
989 1329 1076 1383 Codri.
1097 1326 1170 1383 cua
1191 1332 1217 1384 l.

65 1399 94 1452 2-
114 1396 176 1461 (bic
194 1396 301 1462 maltis)
320 1398 395 1449 ltlon.
420 1401 444 1450 l.
464 1399 490 1451 2.
520 1398 609 1450 Msrb.
630 1397 729 1452 Gueli.
759 1398 815 1452 (luo
840 1399 909 1452 Oxx.
928 1398 1003 1451 Edd.
1028 1400 1109 1451 Junt
1135 1400 1164 1450 P.
1185 1397 1219 1452 Α.

66 1467 101 1520 11.
120 1468 149 1521 S.
169 1468 200 1521 C.
220 1469 252 1518 V.
273 1469 337 1520 Asc.
357 1470 382 1522 2.
403 1466 471 1520 Rcb.
492 1466 591 1537 Stepb.
612 1467 704 1521 Gebh
723 1468 820 1522 lisisk.
841 1477 870 1524 et
887 1471 957 1522 Ven.
978 1469 1051 1524 Med.
1067 1469 1133 1521 ΑΜ.
1147 1486 1218 1538 quas

65 1539 141 1591 Era.
165 1537 299 1591 contulit.
339 1536 504 1591 Gulielmus
529 1539 655 1591 coniecit
676 1555 764 1608 qaam.
802 1538 883 1592 Unus
908 1540 958 1591 0¹.
987 1540 1099 1593 omittit
1125 1539 1216 1594 malli.

66 1608 133 1676 Ipsi
150 1607 229 1661 abest
246 1627 262 1661 s
282 1607 370 1663 codd.
390 1608 463 1684 Aug.
482 1608 566 1661 Vind.
587 1613 613 1663 l.
632 1623 690 1662 unc
706 1609 773 1674 0¹.;
795 1607 870 1662 idern
890 1626 955 1663 cum
974 1610 1032 1664 alio
1050 1608 1137 1662 habet
1155 1625 1219 1663 coa-

64 1679 199 1732 sciscm.
227 1679 296 1732 God.
316 1678 430 1732 Pithoei
448 1678 632 1734 conscisceret:
651 1678 729 1748 quod
746 1677 866 1733 debetur
884 1681 1055 1734 correctori.
1092 1680 1155 1732 Mr.

99 1796 102 1803 ,
140 1748 311 1802 Callimachi
328 1782 362 1794 -
381 1749 566 1818 epigramma]
604 1748 805 1816 „Callimachi
824 1749 1076 1824 epigrsmmsfflh]
1094 1749 1216 1804 hocestt

234 1823 417 1888 Etnaefflllcs
433 1825 524 1892 χαῖρε,
543 1824 729 1892 Κλεόμβροτος
745 1820 947 1889 ‘aperueram

265 1894 359 1946 'Hiar’
377 1891 423 1964 ἀφ’
444 1894 551 1959 ὑψηλοῦ
568 1898 673 1961 τείχεος
690 1892 728 1955 εἰς
744 1891 847 1956 Ἀΐδην,

230 1965 321 2025 Ἄξιον
339 1963 420 2019 οὐδὲν
439 1963 510 2017 ἰδὼν
527 1968 647 2019 θανάτου
665 1965 760 2030 κακὸν,
784 1961 851 2014 illd:
874 1961 1019 2029 Πλάτωνος

265 2036 316 2086 Ἕν
334 2038 364 2089 eb
382 2035 447 2103 περὶ
465 2041 557 2106 ψυχῆς
574 2035 675 2121 γράμμ’
693 2032 898 2104 ἀναλίξαμενος.

66 2105 133 2159 Ηοο
150 2119 203 2160 nos
222 2105 262 2159 ita
280 2107 478 2162 convertimus
496 2106 597 2159 latinis
615 2107 761 2161 versibus:

134 2187 136 2192 '
235 2176 300 2230 Sole
318 2178 454 2230 valedicto
473 2176 657 2230 Ambraciota
675 2178 876 2244 ctemmrotus,
894 2180 953 2233 alto

270 2248 307 2301 Se
326 2249 360 2300 de
377 2264 457 2300 marc
474 2248 565 2301 undas
582 2249 662 2300 misit
679 2248 711 2300 ir
730 2249 888 2316 aequoreas.

233 2318 286 2371 Nil
303 2326 396 2372 lamen
415 2316 478 2370 huic
496 2319 580 2371 triste
598 2318 752 2384 acciderat,
773 2320 910 2386 solumque
928 2315 1058 2371 Platonis
1076 2362 1078 2367 .

268 2390 312 2442 De
331 2397 434 2443 notzere
453 2389 542 2441 animi
560 2390 669 2457 legerat
688 2390 738 2440 ille
754 2389 867 2442 libram.
912 2386 1104 2440 Camerarius.

62 2456 180 2524 „Gauii
201 2457 372 2531 Hieronym.
401 2458 434 2510 Τ.
455 2461 488 2515 V.
507 2478 536 2529 p.
556 2461 600 2513 6⁰.
636 2458 765 2513 Eudocia
787 2460 863 2512 vtol.
890 2476 919 2530 p.
939 2460 992 2515 279
1010 2473 1051 2525 sq.
1089 2453 1217 2508 Fabricii

63 2529 140 2581 Bibl.
162 2530 213 2583 Gr.
234 2531 287 2583 lll.
308 2549 336 2602 p.
359 2534 401 2587 74.
431 2528 641 2597 Wyttenbscb.
669 2529 705 2583 ad
728 2526 868 2583 Phaedon.
894 2545 921 2599 p.
943 2528 1025 2583 118.“
1048 2523 1161 2579 Schaah.
1182 2558 1215 2569 -

62 2600 130 2652 Vid.
159 2610 250 2658 nostr.
275 2611 373 2654 annot.
399 2601 433 2654 ad
453 2600 641 2669 Olympodor.
662 2600 693 2651 in
711 2596 896 2655 Plet'Alcib.
915 2599 938 2651 l.
958 2616 986 2667 p.
1003 2599 1028 2652 5.
1049 2596 1129 2661 (lnit.
1149 2595 1218 2648 Phi·

64 2669 119 2722 las.
138 2671 249 2729 Platon.
275 2672 309 2728 Τ.
330 2673 380 2736 ll.)
412 2673 489 2725 conl.
516 2677 613 2725 annot.
635 2670 674 2723 ad
698 2670 765 2723 lnit.
792 2668 899 2722 Philas.
926 2669 998 2721 Plat.
1023 2668 1077 2721 111.
1103 2671 1135 2735 pi
1153 2669 1215 2723 332.

63 2739 139 2794 aad.
158 2741 191 2798 A.
212 2743 333 2813 Peyron.
354 2750 452 2796 annot.
473 2742 504 2792 iu
523 2742 669 2815 Fragmm.
692 2740 770 2793 Orat.
789 2754 844 2808 pro
863 2737 977 2792 Scauro.
998 2737 1120 2811 (stuttg.
1137 2740 1216 2792 1824.

64 2813 107 2873 4.)
152 2817 238 2869 ,rut
259 2814 308 2865 ubi
326 2829 480 2883 perperam
498 2813 530 2864 in
549 2810 617 2873 God,
643 2818 687 2863 est
710 2808 950 2862 Theombrotum.“
977 2810 1106 2862 crearer.
1144 2807 1217 2865 aad.
1278 2822 1283 2831 ·

65 2879 99 2934 G.
144 2885 213 2936 eier.
234 2882 268 2937 sd
294 2885 377 2937 eund.
400 2884 496 2935 locum
513 2901 541 2962 p.
565 2884 623 2935 147.
648 2878 702 2934 Ed.
721 2880 799 2949 Lips.
822 2882 898 2936 1825.
935 2879 994 2932 Mr.

137 2953 308 3008 Callimachi
331 2954 440 3022 quidem
465 2951 662 3019 Epigramma]
697 2950 770 3004 Vide
794 2949 966 3004 Callimachi
994 2950 1097 3022 Epigr.
1118 2947 1215 3019 xm.

63 3023 155 3077 stibi
174 3034 288 3091 notata3
308 3042 366 3078 non
385 3023 463 3077 enim
480 3031 654 3093 repetemus,
673 3037 744 3089 quae
763 3021 935 3089 iampridem
946 3019 1136 3073 observarunt
1152 3035 1217 3069 eru·

62 3094 130 3148 diti.
166 3097 289 3151 Nonuus
308 3096 344 3148 ad
363 3095 501 3166 Gregorii
528 3092 705 3145 Nazianzeni
724 3088 820 3143 stelit.
841 3090 863 3141 1.
888 3089 956 3142 hist.
979 3093 1019 3142 16.
1057 3091 1217 3153 Κλεόμβρο-

61 3184 110 3227 τος
126 3167 324 3236 Ἀμβρακιώτης
347 3164 472 3230 ἐντυχὼν
497 3169 537 3229 τῷ
555 3162 689 3222 Φαίδωνι,
712 3161 750 3226 τῷ
769 3163 830 3228 περὶ
847 3164 941 3227 ψυχῆς
968 3156 1088 3224 διαλόγῳ
1107 3160 1217 3207 Πλάτω-

61 3253 123 3299 νος,
142 3239 186 3289 καὶ
202 3243 312 3304 μαθών,
339 3232 375 3297 ὡς
392 3236 509 3299 ἄμεινόν
527 3232 584 3285 ἔστι
600 3239 635 3300 τῇ
653 3235 734 3300 ψυχῇ
752 3231 769 3281 d
786 3232 930 3298 χωρισμὸς
948 3231 998 3282 τοῦ
1016 3233 1151 3295 σώματος.
1172 3224 1217 3293 ld·

61 3308 149 3379 piper
175 3304 271 3361 lauria
295 3306 352 3360 cuo
379 3307 429 3359 τοῦ
453 3309 562 3373 τείχους
585 3307 631 3357 nal
654 3302 794 3369 τέθνηκεν.
838 3301 916 3353 Hinc
943 3297 1061 3352 Ovidius
1088 3298 1121 3350 in
1139 3294 1213 3348 lbrn.

50 3395 107 3434 ,va
128 3382 188 3436 493.

234 3450 288 3505 Vel
305 3452 339 3504 de
356 3446 512 3517 praecipiti
530 3445 629 3499 oenias
646 3444 678 3499 in
698 3445 825 3497 Tartara
842 3457 923 3508 aare,

233 3521 271 3575 Ul
290 3520 339 3589 qai
357 3520 531 3574 Socraticum
549 3519 583 3570 de
600 3532 664 3569 nece
680 3515 752 3582 legit
771 3529 847 3583 opas.
1085 3578 1091 3591 .
1208 3578 1216 3591 ·

62 3591 233 3644 Lactantius
257 3591 324 3644 niv.
349 3592 419 3643 lust.
449 3590 499 3642 lib.
517 3588 570 3642 ΙΙΙ.
596 3604 657 3657 cap.
678 3589 720 3642 18.
759 3585 833 3641 Quid
857 3579 1054 3638 Ambraciam
1078 3581 1137 3645 alle,
1166 3593 1214 3662 φοι

61 3678 125 3714 cam
151 3663 264 3714 eundem
291 3661 394 3714 libram
421 3659 625 3725 (Phaedonem)
646 3656 830 3724 perlegisset,
864 3653 1051 3723 praecipitem
1076 3668 1106 3704 se
1135 3650 1214 3703 dedet

62 3733 170 3785 nullam
188 3734 276 3785 aliam
295 3734 328 3785 ob
355 3747 471 3786 causam
489 3730 548 3783 nisi
567 3729 640 3798 quod
660 3726 771 3779 Platoni
789 3725 935 3779 credidit?
973 3721 1028 3776 Sed
1045 3720 1214 3801 philosophi

61 3812 192 3856 mentem
212 3804 312 3856 nullus
331 3805 410 3872 cepit
428 3803 485 3855 iste
503 3800 717 3860 Cleombrotus,
736 3798 812 3866 quod
831 3797 917 3870 etiam
938 3795 1016 3848 vidit
1033 3793 1214 3865 Augustinus

62 3875 95 3928 G.
116 3873 150 3925 D.
170 3875 219 3927 lib.
240 3876 262 3927 l.
284 3892 344 3942 esp.
363 3876 408 3928 22.
434 3889 501 3925 nam
519 3870 599 3923 Plato
623 3876 749 3921 mortem
773 3876 887 3919 tantum
911 3861 1144 3936 philosophicam
1168 3861 1215 3911 in·

61 3945 187 4020 telligit,
214 3962 283 4015 qaas
301 3947 331 4009 fit
349 3960 409 3996 cum
428 3943 525 3995 aalma
544 3939 632 3994 adhuc
650 3939 681 3991 la
698 3954 815 4006 corpore
833 3937 988 3989 constituta
1012 3947 1159 4014 corporeas
1177 3931 1214 3982 il-

62 4018 196 4080 licebras,
222 4014 400 4083 philosophia
425 4015 546 4077 docente,
572 4010 733 4075 contemnit,
758 4015 792 4060 ut
817 4011 882 4061 fuse
901 4007 985 4060 docet
1003 4001 1163 4057 Macrobius
1182 4019 1214 4053 ru
1292 4046 1295 4053 .

62 4088 160 4142 Sornn.
187 4086 264 4155 Scip.
291 4086 341 4138 lib.
362 4085 384 4137 1.
411 4100 472 4154 cap.
498 4087 540 4141 13.
584 4081 664 4136 Adde
691 4095 763 4150 quae
788 4077 913 4132 diximus
937 4077 974 4129 ad
996 4075 1116 4128 huiusce
1143 4072 1214 4125 libri

62 4177 95 4212 aa
120 4198 125 4209 .
151 4159 232 4210 XXX.
270 4157 306 4209 D.
692 4205 697 4214 ,

96 4177 303 4282 Poctanensis·
331 4260 364 4270 -
389 4226 565 4294 epigramma
591 4224 623 4278 ia
646 4250 680 4261 —
703 4218 917 4285 Cleombrotum]
959 4218 1027 4284 „Ab
1053 4212 1216 4293 Ambracia,

62 4300 151 4369 Epiri
175 4300 255 4364 urbe,
283 4298 356 4352 clim
384 4297 492 4368 Pyrrhi
518 4297 611 4370 regis,
635 4302 668 4347 ut
699 4293 796 4360 inquit
820 4289 955 4343 Livius.“
999 4289 1035 4340 A.
1056 4287 1216 4339 Manutius.

62 4373 107 4425 De
128 4370 277 4424 Ambracia
295 4371 353 4423 vid.
373 4370 436 4421 niv.
458 4371 500 4424 38.
521 4370 548 4422 3.
568 4370 595 4422 4.
616 4373 645 4419 et
668 4365 719 4433 qui
747 4361 902 4413 laudantur
926 4361 957 4412 in
975 4359 1082 4413 Lexico
1110 4356 1217 4477 Geogr.

64 4448 124 4498 vet„
145 4442 219 4498 med.
240 4449 269 4496 et
288 4459 344 4496 rec.
375 4442 418 4496 ed.
437 4437 575 4493 Biscboff.
597 4444 627 4492 et
643 4434 758 4489 Miller.
777 4430 877 4498 (Goth.
896 4430 988 4496 1829.)
1015 4446 1044 4499 p·
1062 4429 1107 4484 69.
1143 4423 1169 4476 Α
1188 4419 1217 4476 d.
