2828 5070
193 307 257 376 ue
395 305 626 372 uomoms
649 307 896 413 rossanen.
918 308 1151 374 orsoumr.
1219 272 1230 294 ⁰

193 493 257 556 qns
292 473 430 535 Boeotia
462 473 611 535 Leuctra
642 475 813 548 tollentur,
852 495 951 557 quam
986 494 1116 562 pugnae
1146 473 1352 538 Leuctricae

192 556 312 642 gloria.
355 553 469 618 Multo
490 567 601 620 autem
632 556 761 619 tardius
792 561 880 619 tama
901 557 1033 620 deseret
1054 557 1205 634 Curium,
1233 556 1351 618 Fabri·

193 639 294 714 cium,
317 636 514 716 Calatinum,
546 638 614 701 duo
634 639 819 722 Scipiones,
848 639 914 702 duo
936 640 1125 716 Africanos,
1146 640 1350 716 Maximum,

193 717 403 796 Marcellum,
417 721 580 798 Paullum,
591 719 761 798 Catonem,
782 723 946 798 Laelium,
969 723 1229 784 innumerabiles
1247 723 1349 783 alioss

192 821 336 886 quorum
354 803 608 865 similitudinem
626 806 768 886 aliquam
781 808 838 887 qui
863 808 1060 887 arripuerit,
1083 824 1149 865 non
1167 824 1238 865 eam
1261 808 1366 865 iamn-

192 886 362 968 popnlari‚
394 885 454 949 sed
475 906 555 948 vera
578 888 744 950 bonorum
771 887 868 949 lauda
895 890 1047 964 metiens,
1078 888 1194 949 fidenti
1222 889 1350 963 animo,

191 969 221 1032 si
241 970 288 1031 ita
310 989 364 1031 res
384 968 481 1048 feret,
508 968 686 1054 gradietur
706 969 749 1033 ad
770 980 926 1032 mortem:
956 972 990 1030 in
1013 991 1076 1052 qua
1098 979 1157 1030 aut
1181 989 1349 1030 summum

191 1155 310 1210 durtasse
322 1156 416 1232 glossa
432 1155 571 1242 uictoriae
588 1171 641 1229 pro
661 1163 690 1211 tr
725 1157 780 1223 aei,
798 1156 874 1210 unde
890 1157 1211 1242 pliquisusccusntipnm
1229 1156 1348 1209 effinxit

191 1227 928 1374 mlitlltttilttl.“eutitii
946 1228 1256 1368 lillinlt’ntl.
1270 1225 1348 1352 llll

190 1367 237 1422 nio
263 1368 417 1423 Salaminii
442 1369 554 1439 tropaei
575 1371 747 1423 memoriam.
784 1371 824 1424 Ut
842 1369 871 1422 h.
891 1370 912 1421 l.
933 1370 1007 1421 dixit
1031 1371 1132 1423 Cicero
1155 1368 1349 1423 Salaminium

191 1444 342 1506 tropaeum
364 1442 403 1493 ita
421 1440 506 1493 Corn.
527 1442 601 1511 Nep.
617 1441 757 1493 Themist.
768 1442 801 1492 V.
811 1443 837 1495 3.
859 1440 1076 1495 Marathoniam
1095 1446 1239 1510 tropaeum
1258 1440 1347 1506 dixit,

191 1506 244 1563 sit.
264 1511 356 1562 Italic.
378 1512 451 1565 XIV.
471 1514 540 1566 282:
574 1511 791 1565 Salaminiacum
813 1517 965 1580 tropaeum,
996 1513 1143 1583 Aristoph.
1163 1513 1238 1582 Equ.
1261 1514 1346 1566 1331:

189 1576 222 1634 ri
240 1577 272 1631 ἐν
288 1584 445 1652 Μαραθῶνι
462 1586 604 1654 τροπαῖον.
643 1585 707 1636 Mox
725 1582 808 1634 vind.
829 1584 854 1637 2.
884 1583 1029 1636 tollantur.
1051 1584 1124 1636 Gud.
1146 1588 1169 1636 l.
1204 1596 1275 1652 quae
1293 1597 1348 1652 pro

188 1664 288 1792 {8833
306 1652 338 1704 in
353 1669 413 1776 ppo
427 1655 477 1708 Ox.
496 1654 628 1778 εἰς’-ἐᾶτε
645 1655 719 1706 alius
737 1670 804 1706 cum
821 1650 895 1728 Aug.
915 1662 944 1706 et
962 1653 1046 1706 vind.
1057 1657 1082 1709 2.
1102 1654 1187 1707 habet
1204 1654 1345 1728 glossam:

264 1723 287 1774 'a
312 1729 345 1775 ta
386 1731 476 1777 atur.
549 1741 573 1778 r.

209 1860 212 1865 Ι
261 1795 354 1848 Multo
379 1801 494 1849 autem
516 1795 648 1862 tardius]
686 1795 854 1848 Necessaria
878 1803 921 1848 est
938 1796 1082 1867 particule
1100 1793 1294 1849 continuativa
1313 1801 1345 1846 et

188 1865 380 1920 accessionem
397 1867 571 1943 significans,
589 1867 639 1919 rel
657 1866 873 1938 oppositionem·
885 1867 1144 1938 transitionemqne
1162 1863 1292 1919 adalind
1311 1864 1345 1916 in

188 1935 289 1990 eodem
306 1955 413 2013 genere
432 1938 532 1991 maius.
569 1938 609 1990 Et
633 1945 731 1991 temen
755 1937 843 1989 multi
864 1937 969 2009 scripti
987 1947 1017 1991 et
1036 1939 1108 1992 editi
1126 1938 1231 1990 habent
1255 1936 1345 1989 enims

188 2007 283 2060 voluti
308 2016 433 2078 quatuor
455 2011 525 2062 Oxx.
551 2011 626 2062 Mon.
648 2013 672 2065 l.
693 2012 719 2064 2.
751 2009 821 2061 Ven.
848 2007 906 2060 Ait.
934 2009 983 2074 [in
1001 2027 1092 2084 marg.
1119 2009 1155 2062 sl.
1177 2007 1282 2074 etiam]
1309 2023 1346 2060 ex

188 2075 350 2131 Reislrianis
367 2080 437 2131 Ven.
460 2083 484 2132 1.
504 2082 531 2134 2.
555 2079 629 2132 Med.
650 2082 675 2135 1.
694 2081 720 2135 2.
745 2087 810 2131 tum
826 2081 855 2132 P.
875 2076 909 2130 Α.
928 2080 959 2131 Β.
980 2079 1008 2136 S.
1028 2082 1098 2134 Ven.
1124 2089 1213 2134 nostr.
1233 2078 1344 2132 sturm.

187 2145 253 2201 ase.
275 2153 299 2202 1.
335 2149 416 2216 Quod
433 2158 529 2203 antem
547 2149 588 2203 ait
605 2149 672 2204 ask.
692 2150 724 2202 in
741 2148 797 2203 hac
815 2157 845 2203 et
859 2148 887 2203 8.
902 2149 1042 2229 distingui
1060 2167 1118 2204 non
1134 2167 1225 2222 posse,
1244 2158 1346 2202 utrum

187 2217 330 2290 scriptum
348 2221 385 2273 sit
404 2219 478 2274 enim
496 2238 532 2275 sn
551 2220 652 2274 etiam.-
675 2221 732 2273 hoc
750 2222 855 2274 falsum
879 2230 929 2274 est.
967 2221 1117 2293 Scriptum
1135 2223 1214 2276 enim
1233 2229 1277 2273 est
1294 2219 1347 2287 eni,

187 2286 273 2362 plane
290 2299 324 2342 ut
341 2293 439 2362 paullo
457 2292 588 2363 superins
645 2298 766 2346 stante:
800 2307 856 2361 quo
882 2292 997 2357 enimsi
1040 2293 1133 2346 iilcari
1159 2291 1346 2345 manifestum

166 2368 240 2416 *Ost
285 2361 381 2416 Etiam
411 2363 517 2416 habent
541 2366 577 2416 Μ.
606 2309 727 2417 ffcar.
753 2362 854 2432 steph.
886 2363 973 2416 Goth.
1028 2366 1122 2418 Wolf.
1150 2365 1235 2417 Leod.
1262 2363 1344 2432 Sylb.

187 2431 269 2486 Bonl.
290 2433 354 2487 Ald.
375 2434 488 2505 Gryph.
525 2435 565 2487 Et
581 2433 638 2486 hoc
657 2434 774 2503 quidem
793 2449 851 2486 non
869 2433 951 2487 male.
990 2434 1047 2487 Sed
1070 2437 1161 2511 inagis
1186 2453 1221 2487 ex
1246 2442 1346 2487 mente

187 2500 314 2558 hominis
338 2505 459 2559 Romani
488 2513 530 2558 est
554 2509 647 2556 autem
672 2503 747 2556 illud
771 2503 851 2574 quasi
882 2500 1044 2570 altntseo‘ss
1080 2507 1220 2559 Romanos
1252 2505 1346 2578 inagis

188 2573 276 2628 etiam
300 2594 386 2646 supra
410 2576 533 2628 Graecos
559 2574 703 2627 attollens.
740 2575 775 2627 ln
799 2573 865 2627 eod.
891 2574 987 2628 Duisb.
1013 2577 1155 2647 scriptum
1174 2586 1216 2629 est
1235 2576 1347 2629 deseret

188 2645 276 2710 fama,
303 2646 334 2696 in
361 2646 433 2698 Gud.
455 2651 479 2700 l.
506 2647 639 2698 desseret.
684 2645 728 2769 Λᾶ
750 2646 930 2698 locutionem
954 2649 993 2699 ci.
1019 2647 1078 2701 cie.
1105 2648 1139 2700 sd
1165 2648 1224 2699 Art.
1247 2651 1290 2710 16,
1310 2649 1344 2701 ³:

187 2714 360 2768 ”meremur
384 2717 460 2770 ocius
484 2732 503 2769 a
526 2733 560 2770 re
584 2711 697 2781 familia
728 2753 736 2781 ,
763 2729 845 2786 quam
868 2731 887 2767 a
906 2733 937 2769 re
952 2717 1072 2785 publica.
1112 2718 1165 2785 Qui
1185 2726 1347 2786 sequuntur

187 2784 248 2840 viri
268 2787 421 2839 clarissimi
447 2803 506 2840 non
525 2805 556 2841 re
578 2787 680 2840 uirunt
704 2796 801 2840 rerum
822 2795 968 2862 gestarum
993 2789 1226 2858 explicationem,
1254 2805 1346 2856 quum

187 2854 297 2927 ultique
319 2857 378 2910 sint
402 2858 488 2911 obvii.
533 2806 642 2910 Addam
667 2858 750 2911 modo
773 2858 860 2928 plena
887 2873 986 2911 eorum
1010 2859 1142 2912 nominas
1175 2862 1211 2910 Μ.
1239 2858 1345 2911 Curius

187 2925 342 2993 Bentatns3
361 2929 392 2981 C.
413 2928 560 2982 Fabricius
580 2928 734 2995 Luscinum
754 2927 787 2980 A.
807 2920 914 2981 nullus
932 2928 1077 2980 Calatinns
1095 2929 1236 3002 Regulum
1264 2931 1292 2979 P.
1314 2938 1345 2981 et

188 2998 240 3053 Gn.
260 2998 408 3123 ⁸⁰2⁵&
427 3000 490 3070 (qui
510 3000 540 3051 in
558 2997 916 3083 Hippanialinterieruptnk
935 2999 964 3050 P.
984 2997 1134 3050 Cornelius
1153 2997 1250 3078 Scipio
1263 2998 1346 3048 Afri-

176 3087 291 3195 titt.
317 3071 464 3195 ltili·
480 3069 709 3206 little&
723 3067 1343 3204 ..tlsstltfflnliltttlltili.

187 3214 316 3276 Paullum
338 3216 374 3265 Μ.
393 3213 509 3265 Porcius
528 3213 606 3275 Cato,
625 3212 791 3273 Censorium
810 3209 841 3263 Ο.
859 3208 974 3262 Laelius
992 3207 1119 3278 Sapiens.
1157 3210 1271 3262 Nomen
1291 3208 1344 3261 Ca·

188 3284 274 3338 latini
299 3284 329 3334 in
355 3283 456 3334 multis
480 3283 565 3335 libris
589 3283 727 3335 scribitur
747 3278 937 3335 Collatinum:
968 3297 996 3331 v.
1016 3296 1042 3331 c.
1062 3295 1120 3332 nno
1139 3280 1190 3332 Ox.
1210 3280 1294 3331 Vind.
1317 3285 1342 3334 l.

188 3357 263 3408 Mon.
284 3356 309 3408 2.
336 3354 388 3405 Ed.
409 3355 455 3416 tl,
490 3354 565 3422 quod
590 3361 687 3406 ortum
713 3362 755 3406 est
780 3369 815 3424 ες
840 3350 997 3421 scriptione
1017 3350 1181 3404 Calatinum
1206 3352 1237 3403 in
1256 3350 1341 3403 Codd.

188 3426 276 3479 Maro.
296 3432 325 3476 et
343 3423 450 3475 dnobus
476 3425 544 3477 Oxx.
564 3424 617 3476 Ed.
642 3425 712 3476 Ven.
739 3431 828 3475 nostr.
866 3423 946 3476 Unus
970 3423 1020 3476 Ox.
1067 3438 1100 3474 ro
1125 3421 1233 3474 curium
1257 3420 1342 3473 habet

109 3529 118 3551 ι
188 3504 314 3558 cerreta,
332 3493 357 3545 A
399 3537 405 3548 .
427 3512 492 3546 cum
506 3494 579 3547 Gud.
601 3494 711 3547 omittit
728 3493 906 3555 Marcellum,
927 3491 1004 3545 idem
1016 3491 1054 3545 hs
1074 3501 1102 3545 et
1121 3491 1256 3545 Paulum
1274 3493 1344 3543 emi-

188 3564 267 3620 liam.
295 3566 329 3616 ln
346 3511 434 3617 liutsind.
453 3565 610 3619 Marcellus
628 3565 746 3634 ponitur
764 3571 829 3616 ante
841 3562 1009 3626 Maximum,
1028 3563 1059 3615 in
1070 3563 1166 3615 Duisb.
1187 3564 1257 3615 Cato
1275 3570 1343 3614 ante

187 3634 331 3693 Paullum:
350 3635 426 3689 idem
445 3646 509 3706 post
525 3635 654 3689 laelium
672 3633 774 3686 inserit
792 3639 829 3696 et,
850 3633 975 3702 quadiu
994 3634 1133 3687 eiusmodi
1152 3633 1344 3686 enumeratio·

188 3706 272 3763 nibus
290 3708 391 3760 Cicero
416 3707 489 3760 solet
513 3708 658 3760 omittere.
704 3703 848 3757 Similiter
872 3721 945 3757 nnus
970 3705 1019 3759 Ox.
1045 3703 1341 3769 innumerabilesque.

188 3776 268 3834 Duos
284 3778 390 3831 habent
409 3779 512 3844 multi3
531 3779 586 3832 dua
605 3775 708 3846 optimi
728 3775 800 3827 Gud.
823 3779 847 3828 l.
874 3775 988 3844 Gryph.
1015 3786 1139 3844 quatuor
1156 3775 1247 3828 Gebh.
1268 3775 1341 3827 Edd.

187 3858 253 3926 pest
271 3850 356 3902 Grut.
370 3849 433 3902 vid.
454 3867 505 3904 nos
523 3848 559 3901 ad
573 3848 632 3900 Cic.
652 3846 686 3898 de
699 3845 768 3915 nep.
784 3846 807 3898 1.
823 3848 865 3900 1³.
880 3849 962 3914 pos.
979 3849 1021 3902 59.
1035 3847 1073 3899 ll.
1092 3851 1132 3902 19.
1152 3865 1180 3915 p.
1192 3848 1252 3901 263.
1278 3846 1340 3899 Mr.

260 3938 383 3993 Quorum
406 3937 618 3992 similitudinem
643 3934 787 4003 aliquam]
823 3936 897 3986 Mon.
920 3938 944 3989 1.
965 3934 993 3986 ei
1009 3935 1225 3988 multitudinem.
1264 3934 1342 4000 Quod

187 4007 218 4062 h.
239 4007 259 4059 l.
281 4009 352 4062 licit
379 4011 427 4080 qui
450 4007 607 4076 arripuerit
630 4022 682 4076 pro
708 4004 755 4057 cue'
777 4005 940 4072 eontigerit,
972 4005 1111 4057 similiter
1134 4007 1203 4057 alibi
1229 4023 1342 4076 quoque

188 4078 303 4146 arripio
321 4079 395 4132 dixit
415 4081 518 4134 Cicero
534 4094 588 4150 pro
606 4075 749 4143 contingit
768 4074 838 4128 milti
857 4075 981 4143 aliquid:
1007 4076 1101 4128 veluti
1126 4077 1160 4129 de
1179 4079 1215 4128 N.
1235 4077 1268 4128 D.
1281 4078 1341 4144 ul.

190 4155 231 4235 115
252 4153 300 4205 27:
329 4151 439 4220 quaerit
457 4150 533 4218 apud
551 4146 757 4232 Xenophontem
773 4147 915 4230 Socrates,
934 4147 1006 4230 unde
1023 4146 1147 4200 animum
1172 4147 1344 4216 arripue-

187 4218 979 4360 teremit?luxtmzttzsztss
995 4217 1110 4363 itti.
1123 4220 1199 4342 liz.
1213 4218 1343 4343 tte.

189 4377 239 4418 ea.
267 4363 344 4417 Tum
352 4362 426 4416 Gnd.
437 4364 463 4417 2.
479 4362 616 4431 populari
633 4364 712 4429 tama
729 4360 858 4425 metiens,
877 4361 928 4414 sed
938 4360 1148 4414 nmaianarum
1167 4360 1259 4415 laude.
1281 4361 1343 4414 Mr.

259 4433 293 4488 sl
309 4432 353 4486 ite
370 4446 419 4486 ras
435 4433 504 4500 fert]
540 4433 643 4508 Vulgo,
661 4430 692 4486 si
707 4431 753 4485 ile
768 4431 869 4496 Μαί,
894 4439 924 4483 et
949 4432 990 4484 ita
1014 4430 1150 4485 nonnulli
1168 4432 1264 4492 lllssti3
1294 4430 1343 4484 sed
