2828 5070
525 310 654 374 nmen
676 308 722 392 11,
742 309 845 376 a*
990 322 993 327 >
1167 305 1230 374 aa

232 475 326 539 Haec
346 472 503 538 interemit
526 469 614 538 ἰόντα
638 471 878 556 multiplicdbils‘

231 551 425 638 Dracbaem,
447 557 623 638 aamseram
643 558 757 622 obtrita
778 559 993 622 observantem
1013 553 1165 621 a'rborem.

66 744 148 797 ‹lram
170 754 266 798 natam
290 748 386 799 tuisse.
424 744 499 799 Ante
525 745 655 815 Hydram
683 746 843 816 appellarat
868 743 1039 798 excetram.“
1081 744 1228 797 Turnebus

66 816 233 869 Adversarr.
254 819 274 868 l.
295 835 319 870 c.
339 835 368 888 p.
388 820 432 873 46.
470 818 648 887 „Sophocles
666 818 738 870 dicit
761 816 852 882 δεινῆς
867 815 1029 884 Ἐχίδνης
1044 816 1170 885 θρέμμα,
1197 822 1227 868 et

65 888 108 939 sic
127 888 291 964 Mythologi
309 904 420 941 ornnes:
448 890 562 942 Hesiod.
586 893 665 957 θεον.
684 890 745 943 804.
773 888 853 942 Ovid.
883 891 996 941 Metam.
1021 889 1084 940 Vll.
1111 889 1172 942 408.
1193 884 1225 952 Q.

65 958 185 1010 Calaber
211 961 258 1011 Vl.
283 963 344 1015 261.
370 960 479 1034 Hygia.
505 960 571 1012 aab.
600 963 658 1015 151.
684 968 738 1013 etc.
782 958 864 1011 Haud
887 959 973 1012 facile
1002 958 1096 1034 igitur
1129 956 1226 1010 credas

65 1029 246 1094 Ciceronem,
276 1031 325 1099 qui
345 1040 410 1083 ante
429 1031 525 1082 oculos
547 1029 664 1083 haberet
682 1040 796 1100 poetam
815 1028 967 1094 Graecam,
987 1027 1145 1082 Cerberum
1164 1028 1226 1098 Hy-

64 1100 117 1152 dra
134 1110 235 1152 natum
254 1102 365 1153 dixisse.
404 1101 487 1155 Solus
506 1101 632 1165 Ovidius,
660 1103 747 1153 metri
776 1102 893 1154 fortasse
912 1101 1081 1154 necessitate
1100 1107 1225 1164 coactus,

65 1188 272 1241 nonnunquam
289 1172 414 1242 hydram
433 1174 573 1225 Lerneam
592 1172 739 1225 Echidnae
759 1172 875 1224 nomine
894 1171 1069 1247 significavit
1093 1170 1224 1236 (blatam.

65 1243 114 1294 lX.
134 1247 178 1302 69,
201 1241 281 1307 158).
318 1243 403 1295 Nihil
421 1259 490 1296 veru
510 1244 688 1305 Ciceronem,
708 1252 741 1295 ut
757 1243 833 1295 idem
851 1244 968 1308 faceret,
989 1244 1094 1316 coiigit.
1132 1241 1226 1307 Quare

64 1311 195 1383 suspicor
219 1331 284 1366 eum
307 1314 468 1383 scripsisse:
507 1314 604 1368 eduxit
628 1311 788 1367 Echidna
814 1319 980 1381 generatam
1003 1316 1106 1366 canem.
1145 1311 1224 1366 lllud

66 1401 171 1437 nomen
200 1402 265 1437 cum
291 1384 458 1459 ignorarent
483 1385 607 1450 librarii,
640 1386 736 1437 notius
765 1384 1005 1438 substituerunt.“
1038 1381 1222 1437 Boubiers'ut.

64 1454 174 1508 Favere
197 1455 332 1508 videatur
355 1454 425 1508 huic
449 1456 630 1508 coniecturae
655 1474 721 1508 cum
747 1456 867 1527 scriptio
886 1456 952 1509 Cod.
974 1456 1046 1509 Gud.
1067 1458 1092 1510 2.
1113 1452 1223 1524 r'cbyra,

63 1526 114 1578 sub
134 1545 188 1596 qua
207 1525 372 1610 stribligine
391 1527 482 1580 latere
502 1527 589 1598 possit
609 1525 742 1580 ecbs'daar
774 1537 837 1579 tum
856 1527 939 1590 illud,
952 1525 1044 1596 ‘quod
1063 1526 1150 1579 etiam
1168 1540 1224 1595 pro

64 1598 181 1649 nornine
201 1615 257 1649 non
277 1616 371 1649 rnvnus
391 1598 490 1673 ignoto
510 1606 621 1650 excetra
641 1599 671 1650 in
681 1600 755 1672 Aug.
769 1597 835 1651 004.
857 1608 898 1652 est
917 1595 1016 1668 hydra.
1045 1598 1107 1650 Neo
1125 1605 1224 1649 minen

64 1668 95 1720 id
114 1686 146 1721 eo
165 1670 240 1734 dico,
274 1671 353 1737 quasi
381 1686 447 1720 cuin
466 1669 554 1723 Bouh.
581 1670 745 1722 faciendum
769 1669 941 1722 existimem.
969 1672 1056 1723 Recte
1076 1668 1154 1723 enim
1172 1667 1222 1720 Or.

64 1739 199 1791 Ovidium
218 1741 258 1791 ait
276 1740 297 1791 l.
318 1757 342 1792 c.
363 1758 429 1792 curn
447 1741 604 1793 Lernaeam
623 1739 745 1810 hydram
773 1740 882 1792 dixerit
900 1740 1070 1803 Echidnam‚
1104 1737 1223 1791 Hesiodi

86 1810 181 1864 uidem
206 1808 369 1863 Echidnam
394 1812 488 1863 videri
519 1812 696 1865 confundere
721 1827 787 1861 curn
817 1811 869 1862 illa
897 1807 998 1876 [ἥμισυ
1024 1810 1078 1881 μὲν
1109 1815 1223 1879 νύμφην

64 1828 219 1943 dissertata,
238 1884 432 1950 καλλιπάρῃον,
452 1876 535 1948 ἥμισυ
554 1877 647 1934 d'aslss
664 1883 788 1949 πέλωρον
807 1881 905 1950 ὄφιν];
938 1890 1033 1934 nostro
1057 1881 1121 1933 loco
1141 1880 1224 1934 Cice·

63 1968 163 2005 ronern
187 1955 253 2004 vice
277 1971 371 2006 versa:
406 1953 455 2005 sed
483 1953 547 2005 iude
576 1952 692 2005 facilem
719 1969 778 2005 esse
798 1954 1004 2019 coniecturam,
1031 1960 1144 2006 veteres
1163 1951 1222 2004 iam

62 2024 181 2082 Latinos
200 2022 360 2076 Echidnam
379 2042 444 2076 cum
463 2023 563 2094 Hydra
586 2025 753 2077 confudisse.
792 2025 852 2077 Mr.

67 2160 70 2164 .
135 2114 212 2165 Haec
231 2112 373 2166 interemit
393 2120 470 2166 torta
489 2113 708 2181 multiplicabiti]
747 2113 813 2167 Cod.
833 2113 917 2166 Vind.
940 2118 963 2168 1.
983 2110 1050 2166 baec
1064 2112 1220 2182 pressit,

61 2185 110 2236 sed
129 2185 160 2236 in
178 2203 267 2260 marg.
297 2186 335 2237 at.
355 2186 506 2238 interemit.
536 2187 602 2239 Cod.
623 2186 696 2260 Aug.
719 2184 851 2252 peremit.
890 2187 969 2238 Unus
993 2188 1043 2238 Ox.
1063 2185 1139 2238 coitu
1166 2201 1221 2256 pro

61 2263 146 2308 torta.
185 2257 313 2327 Sequens
331 2259 501 2309 vocabulum
519 2275 618 2309 rursus
635 2257 751 2309 vocibus
774 2254 850 2314 ἅπαξ
868 2257 1025 2322 λεγομέναις
1050 2257 1220 2324 addendum,

60 2345 94 2378 us
112 2329 224 2379 monuit
243 2329 279 2380 N.
300 2328 398 2380 Susius
417 2329 448 2380 in
467 2329 549 2380 Lima
567 2328 754 2380 Ciceroniana
777 2345 803 2397 p.
827 2331 885 2382 100.
906 2329 1012 2393 (Antw.
1035 2328 1125 2392 loto.)
1162 2329 1238 2381 Ne·.

62 2416 117 2465 que
137 2398 206 2449 alibi
229 2400 377 2467 reperitur
403 2400 576 2452 adiectivum
603 2398 838 2466 rmrtts'pls'cabs'tv's.
875 2397 917 2451 De
936 2398 1065 2450 Dracone
1084 2398 1221 2469 Hesperi·

62 2469 131 2520 dum
149 2485 232 2538 poma
251 2471 427 2523 custodiente
445 2470 504 2522 vid.
525 2469 657 2539 Klopleri
679 2472 744 2523 hex.
766 2469 857 2540 lttyth.
882 2488 910 2522 v.
941 2469 1096 2537 Hesperias
1122 2469 1219 2524 Draco

61 2539 94 2590 T.
116 2540 137 2591 1.
158 2557 186 2608 p.
207 2541 267 2593 864.
289 2540 358 2609 ibiq.
378 2540 472 2593 laudd.
499 2540 613 2593 Salmas.
640 2541 675 2593 ad
693 2541 783 2594 Solin.
809 2560 838 2611 p.
859 2543 920 2596 264.
950 2540 1018 2593 004.
1037 2540 1112 2614 Aug.
1132 2540 1220 2594 habet

61 2610 217 2662 Draconem
235 2616 355 2678 aptata
375 2612 564 2665 observantem
577 2612 736 2676 auriferam
754 2614 890 2667 arborem.
911 2612 995 2664 Vind.
1008 2617 1032 2667 1.
1052 2612 1104 2664 Dr.
1120 2613 1219 2667 obtata

60 2688 260 2733 servantem
279 2683 364 2746 aurit.
386 2685 445 2736 arb.
466 2693 525 2736 tres
545 2685 614 2737 Oxx.
645 2684 751 2737 obtuitu
771 2702 837 2736 cum
857 2684 943 2738 Marb.
970 2686 1043 2736 Mon.
1066 2688 1089 2738 l.
1110 2687 1136 2739 2.
1156 2693 1217 2738 tres

60 2752 130 2804 Edd.
152 2753 247 2805 Reisk.
269 2754 300 2804 in
319 2755 391 2806 Gud.
415 2758 439 2808 l.
468 2765 509 2808 est
529 2755 652 2808 utrarum
678 2756 761 2808 utin
780 2758 858 2807 van:
887 2756 918 2806 in
938 2754 1011 2808 Gud.
1033 2757 1058 2810 2.
1079 2761 1215 2823 optatam.

60 2826 114 2875 Pro
138 2824 328 2877 observantem
354 2825 459 2878 habent
486 2833 677 2879 asservantem
699 2845 727 2878 v.
749 2827 941 2880 adservantem
971 2828 1100 2896 quinque
1129 2827 1215 2881 Codd.

60 2896 130 2948 Oxx.
151 2904 275 2965 quatuor
293 2896 438 2949 Gebhardi
463 2898 549 2951 Marb.
575 2900 649 2950 bion.
671 2901 694 2951 l.
715 2899 739 2952 2.
769 2898 865 2950 Daisb.
893 2897 966 2952 Gud.
989 2902 1012 2952 l.
1033 2901 1058 2952 2.
1084 2899 1168 2952 Vind.
1188 2900 1215 2954 2.

57 2967 439 3110 sacrasanctam
454 2968 657 3094 etiam
676 2968 1216 3122 titettbssttrtsema1¹r

57 3108 203 3172 Davisius3
231 3111 260 3161 in
280 3112 374 3180 prima
393 3121 421 3163 et
438 3112 528 3164 tertia
545 3112 693 3186 vulgatam
711 3120 822 3164 secutus
841 3120 894 3177 est,
929 3118 958 3163 et
977 3111 1008 3162 in
1027 3111 1078 3162 slla
1098 3111 1216 3179 quidem

57 3178 128 3229 haec
148 3181 308 3232 adnotavit:
328 3182 427 3246 „tls-⁰).
448 3184 538 3235 Norv.
553 3185 627 3235 Petr.
648 3183 757 3250 aliique
775 3182 862 3234 multi
881 3190 1097 3253 repraesentant
1116 3183 1216 3234 adser-

57 3256 176 3313 vantem,
197 3268 281 3317 quam
301 3252 418 3320 quidem
436 3255 610 3322 scripturam
634 3270 670 3306 ex
689 3253 786 3306 Glosss
812 3263 908 3304 natam
926 3253 1060 3304 arbitror.
1098 3254 1215 3321 Porcius

58 3322 144 3372 Latro
163 3321 289 3372 Declam.
311 3322 341 3373 in
360 3323 443 3374 Catil.
464 3341 488 3375 o.
509 3326 552 3378 32.
592 3324 666 3379 Qas'd
683 3331 733 3391 est,
754 3324 825 3392 qaod
843 3325 922 3377 illam
941 3325 1116 3377 observatum
1134 3324 1215 3378 dicat

56 3391 86 3442 s'a
103 3399 239 3458 perpetra
257 3393 385 3445 custodia
405 3396 460 3446 -t
486 3395 645 3448 Eumenius
663 3398 764 3469 Paneg.
784 3397 847 3446 Vll.
868 3399 893 3450 4.
914 3398 949 3449 2.·
971 3395 1166 3449 Tum·demum
1180 3426 1214 3440 -

54 3468 153 3530 portas
172 3465 356 3532 reliquerant,
385 3482 466 3535 qaam
493 3466 564 3529 fessi
587 3466 736 3520 observare
763 3473 954 3533 remcassent.
980 3467 1088 3519 Caesar.
1108 3468 1161 3520 111.
1180 3468 1212 3520 Β.

56 3534 86 3586 0.
107 3538 150 3590 28.
179 3536 228 3602 qvi
247 3552 307 3588 eam
328 3544 440 3603 partem
467 3553 534 3589 orae
560 3538 722 3591 maritimae
748 3538 948 3601 obser·vabaat,·
975 3538 1016 3590 sic
1043 3547 1122 3591 recte
1141 3537 1212 3592 Edd.

54 3616 126 3659 vett.
147 3625 212 3658 cum
226 3609 316 3681 vulgo
335 3609 448 3731 lepatur
467 3609 659 3662 asservabant.
688 3609 794 3662 Eadem
807 3626 862 3660 vox
881 3609 1056 3662 nobilissimo
1076 3609 1215 3679 scriptori

56 3678 78 3727 1.
98 3679 128 3728 Β.
150 3679 179 3730 0.
200 3681 243 3732 21.
265 3689 355 3731 estre
377 3680 474 3732 denda.
495 3681 557 3732 vid.
578 3683 636 3733 Pet.
657 3681 780 3733 Fabrum
805 3679 993 3733 Sernestrium
1011 3681 1034 3733 1.
1054 3681 1120 3735 20.“
1149 3681 1213 3733 044.

56 3747 144 3798 etiam
162 3749 196 3800 de
215 3749 270 3802 hac
289 3751 370 3803 verbi
390 3753 446 3804 obe.
466 3750 677 3824 significatione
703 3752 896 3822 disputantem
915 3751 1118 3805 Menckenium
1137 3751 1212 3804 Obss.

55 3818 87 3868 L.
108 3819 140 3868 L·
160 3835 188 3887 p·
209 3823 268 3874 678.
306 3823 368 3895 Ego
396 3839 474 3886 vero,
502 3831 534 3873 ut
553 3825 653 3888 fatear,
682 3825 757 3892 quod
784 3831 835 3886 est,
863 3831 999 3874 neutrum
1023 3822 1215 3894 compositum

54 3888 84 3938 h.
105 3888 124 3938 l.
145 3889 230 3958 plane
248 3893 346 3960 probo,
365 3895 413 3945 sed
432 3903 588 3963 utrumque
614 3894 662 3947 vel
684 3894 778 3948 errori
805 3893 994 3946 librariorum
1020 3893 1068 3945 vel
1092 3893 1215 3947 consilio

53 3959 159 4022 tribuo,
179 3963 400 4033 profectumque
418 3965 581 4017 aCicerone
601 3966 733 4018 existimo
752 3971 921 4028 servantem,
941 3973 973 4016 ut
991 3963 1076 4016 habet
1092 3965 1174 4016 Vind.
1188 3970 1213 4020 l.

53 4032 187 4101 idemque
216 4051 292 4084 nunc
320 4036 403 4088 video
430 4036 660 4090 Wakefieldium
694 4037 853 4089 restituisse
884 4035 1022 4106 probante
1049 4035 1214 4102 Eriurdtio‚

53 4103 104 4170 qni
129 4103 225 4156 laudat
254 4104 299 4168 (ad
324 4116 455 4159 nostrum
482 4106 632 4176 Sophoclis
656 4106 763 4170 locum)
792 4107 910 4161 Wakef.
935 4106 970 4158 ad
995 4107 1099 4175 Eurip.
1126 4107 1213 4159 Herc.

52 4173 122 4224 Fur.
143 4177 184 4229 51.
206 4175 272 4227 coll.
293 4177 374 4252 virg.
394 4178 465 4230 Aen.
478 4179 539 4231 Vll.
551 4181 594 4234 52.
614 4178 664 4230 ubi
683 4187 739 4234 est:
758 4178 828 4232 Sota
846 4179 957 4232 domam
972 4184 999 4231 et
1018 4183 1114 4231 tantas
1133 4193 1215 4231 ser·

53 4243 157 4294 nabat
184 4247 245 4311 filia
272 4249 359 4301 sedes.
400 4252 459 4303 Mr.
942 4307 944 4310 ,

124 4313 225 4368 Obruta
244 4319 451 4387 observantem]
487 4323 574 4374 Multi
594 4323 710 4376 Codices
728 4322 933 4389 adservantem,
954 4322 1031 4394 quod
1049 4321 1215 4380 ex.Glosse·

49 4391 244 4525 scrpaptessatmlp
270 4391 395 4445 videtur.
434 4393 505 4448 Vide
531 4411 603 4464 quae
628 4395 754 4450 diximus
778 4394 812 4447 ad
831 4394 957 4450 Caesaris
984 4395 1035 4448 lib.
1056 4393 1109 4447 111.
1128 4391 1160 4444 Β.
1179 4390 1212 4444 0.
