2828 5070
181 281 250 349 264
393 277 623 346 CICERONIS
644 278 892 347 ToscttLAN.
914 281 1146 348 DISPUTA'I'.

188 454 300 510 nmen
322 465 391 508 nou
411 449 456 510 sit
476 448 512 510 iu
533 445 650 510 malisl
692 447 732 511 m
758 446 804 510 tJt
831 446 985 511 videtur:
1011 448 1076 511 sed·
1103 469 1156 512 nie
1180 449 1348 516 uomodo
1406 474 1413 503 ε

144 530 440 593 tdimmortalitato
474 529 626 612 depellet.
671 528 721 594 bt.
751 530 870 592 laudo
901 530 938 592 id
967 533 1121 614 quidem3
1164 536 1229 594 etsi
1248 534 1348 596 *nibil
1411 584 1413 588 .

186 614 288 674 nimis
310 621 444 695 oportet
465 613 643 676 confidere.
681 611 863 675 Movemur
884 617 974 675 enim
995 635 1094 696 saepe
1114 615 1224 696 aliqua
1245 626 1347 679 acute

185 798 326 852 sententia
344 797 429 867 plane
448 806 490 850 est
507 798 645 850 alienum.
666 800 762 850 Monet
780 799 881 864 Orell,
900 799 925 849 si
943 815 1006 850 mm
1024 800 1130 852 scribas
1148 807 1247 852 nostro
1266 800 1341 864 loeo,

187 869 347 937 exspectari
366 885 532 938 responsum
550 870 627 922 nalo:
655 869 680 920 si
698 886 797 922 mmae
814 870 859 922 aie
879 871 1051 943 interrogat,
1076 871 1175 940 paullo
1202 870 1345 923 intentius

186 940 312 1010 quaerit,
332 957 417 1009 quam
436 940 460 991 si
472 939 597 1010 ⁸dixisset
615 939 705 1004 aisne,
725 949 928 1010 exspectatque
945 942 1016 993 volo.
1038 941 1172 993 Ceterum
1191 957 1251 993 non
1269 941 1345 993 male

185 1010 364 1063 scribebatur
381 1011 453 1062 olim
471 1010 900 1081 numaeinSomn.Seip.1V.
928 1010 978 1073 (de
997 1014 1066 1082 Rep.
1086 1013 1134 1064 Vl.
1157 1016 1198 1067 17.
1232 1013 1345 1075 (numae

186 1081 305 1150 aspicis,
330 1097 399 1150 qaae
423 1081 454 1133 ia
473 1082 576 1149 templa
596 1082 732 1133 teneris?
756 1099 809 1150 pro
829 1098 934 1134 aomte:
972 1085 1030 1135 vid.
1060 1083 1102 1137 ed.
1122 1091 1211 1135 nostr.
1230 1100 1259 1151 p.
1279 1085 1342 1137 485.

186 1152 231 1205 Gt.
257 1152 361 1204 Handii
388 1152 546 1203 Tursellin.
566 1154 589 1205 l.
615 1170 644 1222 p.
664 1155 726 1207 334.
762 1153 807 1204 Ad
830 1171 858 1204 v.
885 1154 986 1206 audire
1012 1153 1130 1205 subaudi
1163 1160 1344 1219 argumenta,

184 1222 320 1276 misses.
359 1222 504 1276 Similiter
527 1223 561 1275 ad
588 1223 691 1275 audire
713 1222 861 1275 subaudies
885 1223 1102 1292 disputationem
1125 1224 1199 1293 apud
1218 1225 1278 1276 Cic.
1308 1224 1342 1277 tle

185 1294 257 1348 Fato
275 1296 301 1357 2,
321 1295 346 1348 l.
367 1312 395 1363 p.
415 1295 467 1348 568
485 1312 526 1362 sq.
552 1294 587 1347 ed
610 1302 698 1346 nostr.
724 1303 753 1346 et
778 1293 813 1345 ad
837 1299 897 1346 Att.
918 1296 966 1347 tx.
989 1300 1030 1350 to.
1056 1295 1091 1347 ad
1119 1294 1187 1346 audi
1205 1295 1342 1369 intellige

186 1380 356 1433 remeatum
393 1365 540 1416 Nissenius
568 1381 633 1417 num
654 1383 670 1415 a
695 1380 792 1417 numae
818 1364 915 1418 literis
937 1374 1050 1416 tantum
1078 1364 1199 1417 differre
1223 1366 1281 1430 ait,
1314 1375 1343 1417 et

184 1437 294 1490 servari
313 1436 377 1486 vult
395 1452 467 1487 num
505 1435 561 1488 Sed
586 1435 643 1487 hoe
669 1435 763 1504 ipsum
789 1452 854 1487 nam
882 1453 940 1488 non
965 1436 1140 1506 simpliciter
1166 1436 1280 1510 legitur
1308 1437 1340 1487 in

185 1506 303 1578 optimis
322 1505 413 1570 libris,
433 1505 482 1557 sed
499 1522 563 1559 aem
581 1522 649 1569 nom
666 1507 759 1557 veluti
779 1507 810 1557 in
829 1507 916 1560 Codd.
936 1506 1005 1581 lleg.
1027 1507 1100 1559 Gud.
1113 1510 1136 1559 l.
1156 1507 1200 1557 Au
1224 1505 1339 1558 .Duisb.

184 1576 274 1630 llarb.
295 1575 355 1639 (hic
374 1575 484 1628 omittit
502 1578 575 1642 aum)
600 1592 657 1629 uno
677 1577 727 1628 (lx.
753 1577 838 1628 Vind.
857 1579 884 1633 2.
914 1578 994 1630 Unus
1013 1579 1063 1630 Ox.
1091 1576 1177 1628 habet
1228 1576 1343 1647 enquid,

186 1647 261 1702 Gud.
282 1663 346 1699 aum
363 1663 438 1708 aero,
457 1645 509 1698 Ed.
530 1650 562 1698 A.
584 1664 650 1700 nunt
668 1647 728 1699 ais
746 1647 849 1715 igitur.
881 1649 936 1701 Ed.
954 1649 985 1700 B.
1005 1666 1069 1700 aum
1087 1647 1191 1715 igitur,
1210 1665 1266 1700 om.
1287 1649 1343 1712 vie,

184 1719 284 1794 pergit
303 1720 375 1792 Aug.
396 1718 490 1784 igitur
507 1718 561 1770 oie.
598 1720 717 1772 Praeter
733 1718 921 1770 Dammae
948 1720 1060 1789 recepit
1087 1719 1174 1770 etiam
1193 1720 1240 1771 0r.
1279 1719 1340 1771 Mr.

257 1788 374 1842 etiamsi
391 1791 432 1841 ita
450 1787 501 1854 sit]
536 1789 589 1842 Ed.
609 1791 644 1841 ll.
665 1789 728 1842 etsi.
767 1790 858 1841 Verba
875 1806 926 1841 cur
946 1816 977 1825 -
995 1791 1108 1842 sidetes·
1131 1789 1242 1842 omittit
1269 1807 1343 1840 uuus
1373 1816 1389 1828 ·

186 1860 230 1916 ox
248 1861 303 1914 duo
321 1877 388 1911 cum
407 1860 579 1913 ciltena.
593 1866 617 1914 l.
633 1860 730 1912 lluisb.
750 1859 858 1913 babent
883 1860 951 1915 istu
962 1877 1015 1930 pro
1033 1862 1087 1922 ita,
1114 1861 1259 1929 posterior
1276 1877 1343 1911 cum

187 1932 261 1986 Gud.
281 1935 307 1987 2.
327 1931 437 1984 amittit
456 1932 503 1987 sit.
533 1932 616 1983 Vind.
638 1936 662 1985 l.
687 1940 716 1984 et
741 1929 814 2004 Aug.
842 1931 979 1985 exhibent
1007 1931 1121 1984 etiamsi
1145 1930 1197 1983 itt
1205 1946 1223 1982 a
1247 1946 1342 1983 niort

186 2003 236 2057 eit.
274 2005 327 2055 Pio
345 2008 439 2054 tamen
457 2018 511 2054 aaa
530 2002 561 2053 in
579 2018 636 2054 uno
655 2003 705 2054 01.
727 2011 769 2053 est
787 2009 854 2066 tum,
874 2021 910 2052 ex
950 2016 1081 2071 erperam
1098 2002 1183 2054 lectis
1202 2019 1339 2072 compen·

186 2074 251 2127 diis.
289 2074 424 2126 Ceterum
446 2072 529 2125 valde
556 2073 690 2125 turbatur
714 2073 745 2122 in
770 2072 853 2124 libris
872 2020 949 2125 atsi.
975 2074 1007 2123 in
1032 2073 1161 2142 personis
1186 2073 1237 2124 vel
1255 2089 1343 2144 appo·

184 2144 288 2209 'nendis
311 2143 360 2195 vel
384 2143 551 2196 omittendis
574 2144 623 2196 vel
645 2144 843 2213 permutandis
865 2160 920 2213 per
946 2151 1041 2195 totum
1068 2143 1124 2196 hoo
1142 2152 1241 2213 caput:
1272 2160 1341 2213 quos

186 2232 300 2271 errores
318 2214 446 2289 singulos
464 2231 614 2267 recensere
640 2222 671 2266 et
697 2214 817 2288 longum
837 2223 866 2266 et
889 2231 1133 2284 supervacaneum
1160 2223 1210 2266 est.
1248 2213 1341 2268 sice.

210 2287 333 2343 ‚statim
351 2286 437 2338 verba
454 2292 484 2339 ttt
503 2285 626 2347 videtur,
645 2303 711 2337 cum
729 2302 786 2337 non
804 2293 883 2337 recte
902 2285 1142 2368 intelligerentur
1167 2303 1182 2336 a
1201 2284 1340 2351 librariis,

186 2377 220 2412 ιιι
244 2357 345 2411 multis
367 2356 460 2420 libris,
487 2357 519 2408 in
542 2357 784 2426 praestantissimo
809 2372 923 2425 quoque
949 2359 1049 2438 Regio,
1075 2373 1141 2407 cum
1169 2357 1343 2426 praeceden-

186 2430 264 2484 tibus
283 2430 502 2501 coniunguntur
528 2436 556 2480 et
575 2431 669 2480 Marco
688 2427 867 2479 tribuuntur.
908 2426 945 2480 Ut
968 2428 1082 2479 vedetur
1110 2437 1152 2480 est
1177 2427 1196 2477 i.
1217 2445 1246 2496 q·
1273 2427 1340 2492 Fac,

185 2507 219 2554 tit
237 2502 357 2565 videtur,
375 2500 422 2562 saa
440 2505 488 2553 tao
503 2514 621 2566 prorem
639 2499 797 2551 arbitratu:
824 2498 898 2567 qaod
924 2498 953 2549 ei
970 2498 1057 2550 etiam
1084 2515 1137 2551 nor
1155 2497 1271 2562 feceris,
1299 2504 1341 2549 ta·

186 2588 248 2624 men
268 2589 311 2624 me
328 2587 406 2623 nemo
426 2578 480 2622 etc.
502 2597 535 2607 -
570 2570 614 2622 De
631 2570 848 2623 immortalitate
867 2569 986 2636 depellet
1006 2586 1060 2637 per
1077 2568 1341 2639 breviloquentiam

131 2642 133 2647 '
187 2642 369 2703 dictumest,
389 2657 443 2692 nec
461 2656 539 2704 vero,
558 2650 590 2691 ut
608 2641 726 2694 Billerb.
747 2642 903 2704 existimat,
930 2655 983 2710 pro
1007 2639 1041 2692 de
1059 2639 1134 2706 tide
1152 2641 1343 2692 immortu-

186 2712 309 2764 litatis
328 2711 400 2777 dep.,
419 2709 474 2762 boe
493 2711 572 2762 enim
591 2712 674 2764 modo
692 2729 785 2781 neque
804 2712 916 2773 Cicero,
942 2727 1036 2779 neque
1062 2712 1211 2780 quisquam
1236 2711 1341 2780 probae

186 2782 354 2834 Latinitatis
373 2781 499 2851 scriptor
517 2782 630 2833 locutus
649 2793 737 2836 esset:
757 2783 818 2835 sed:
840 2782 874 2834 de
892 2781 1119 2834 immortalitatis
1134 2781 1269 2848 aptatam.
1297 2783 1342 2834 Si-

185 2853 299 2904 militer
317 2852 352 2903 ad
371 2853 429 2902 Att.
449 2853 511 2903 Vll.
532 2854 558 2906 2
579 2853 652 2905 med.
673 2853 747 2906 dixit
766 2853 861 2921 opinio
879 2852 1058 2918 integritatis
1076 2868 1161 2905 meae.
1180 2852 1215 2905 de
1234 2851 1288 2905 off.
1301 2855 1339 2906 11.

188 2927 230 2979 11.
250 2927 293 2978 39.
315 2923 408 2991 opinio
426 2922 563 2975 iustitiae.
600 2924 642 2977 De
661 2925 874 2978 constructione
901 2924 1019 2990 depellet
1037 2924 1073 2976 de
1091 2954 1122 2964 -
1148 2923 1206 2974 vid.
1225 2923 1343 2976 Db'le-

187 2997 252 3048 eke
271 2994 421 3047 Deuteh.
441 2996 514 3046 Lat.
536 2995 685 3047 Graium.
705 3015 734 3066 p.
755 2999 787 3051 81
808 3014 849 3064 sq.
887 2995 1035 3059 Depellere
1057 2995 1092 3047 de
1108 2992 1244 3049 sentenia
1263 2994 1341 3045 dixit

186 3067 247 3119 Cic.
267 3067 341 3137 Epp.
361 3066 396 3117 ad
413 3065 492 3116 Fam.
512 3064 532 3116 l.
554 3069 577 3118 7.
598 3077 661 3136 post
679 3069 752 3120 med.
773 3068 820 3119 Or.
840 3082 893 3135 pro
918 3066 1014 3140 Liger.
1035 3067 1062 3130 9,
1082 3066 1125 3118 26.
1164 3064 1218 3115 Pro
1243 3063 1342 3131 depel-

187 3137 228 3192 let
249 3138 314 3192 Cod.
335 3137 418 3188 Vind.
439 3139 464 3191 2.
487 3137 607 3204 depellit.
637 3141 702 3190 ltlox
722 3138 794 3192 Gud.
815 3136 947 3204 equidem.
986 3137 1044 3190 Mr.

257 3209 323 3262 Etsi
341 3208 414 3261 nibil
432 3208 470 3260 ri
476 3208 520 3258 mi
526 3225 540 3259 s
559 3216 666 3276 oportet
685 3207 833 3276 confidere]
872 3208 1012 3272 ‚,Antmi·i
1030 3206 1140 3281 legitur
1157 3205 1189 3257 in
1208 3205 1339 3276 Gryphii

184 3280 260 3334 libro
279 3298 331 3351 pro
351 3279 444 3332 airais.
483 3280 612 3332 Fortasse
636 3297 693 3331 non
719 3281 811 3344 male;
836 3287 869 3331 ut
896 3279 1004 3342 doceat,
1033 3294 1091 3330 non
1116 3295 1175 3330 esse
1202 3277 1339 3346 cuiquam

185 3355 294 3405 animos
312 3352 418 3403 fiducia
435 3350 587 3416 tollendos,
607 3368 753 3419 quousque
773 3351 884 3402 ratione
909 3350 948 3401 ita
968 3366 1026 3402 esse
1053 3348 1232 3401 credendum
1252 3350 1339 3402 addu-

185 3423 300 3477 catur.“
319 3423 434 3474 Brutus.
472 3422 635 3473 Gulielmus
660 3422 784 3474 coniecit
808 3421 911 3473 animi:
940 3420 1093 3495 cogitabat,
1119 3421 1213 3483 credo,
1242 3420 1276 3472 de
1296 3420 1339 3472 lo·

185 3493 357 3555 cutionibus,
384 3492 476 3559 qualis
501 3501 542 3543 est
561 3494 635 3562 Epp.
660 3493 695 3543 ad
713 3495 792 3544 tam.
813 3494 891 3543 Vlll.
911 3496 943 3546 5:
972 3490 1061 3542 animi
1078 3492 1194 3559 peredeo,
1220 3501 1249 3542 et
1268 3492 1338 3544 inlr.

185 3564 232 3616 lv.
255 3566 296 3617 16.
316 3580 378 3632 prc.
399 3562 432 3613 de
451 3563 539 3636 laegg·
560 3566 581 3616 1.
602 3566 627 3617 3.
647 3565 684 3615 cf.
705 3564 837 3615 lllenken.
858 3563 933 3614 obss.
953 3564 984 3613 L.
1005 3564 1035 3614 L.
1056 3580 1084 3632 p·
1106 3565 1166 3617 72³.
1194 3563 1340 3633 wytten-

185 3633 264 3686 baeh.
285 3634 319 3683 ad
338 3633 397 3684 Cic.
419 3632 452 3683 de
472 3634 510 3684 Le
533 3652 559 3707 g.
580 3634 600 3684 l.
620 3635 640 3684 l.
661 3653 689 3703 p.
709 3638 753 3689 25.
774 3635 815 3687 ed.
836 3643 924 3685 nostr.
945 3642 973 3684 et
992 3633 1039 3685 Cr.
1077 3634 1138 3686 Mr.

256 3703 322 3756 Etsi
341 3701 416 3754 nibil
433 3653 532 3769 nimisl
568 3706 624 3755 Vul
681 3705 799 3758 anienis:
829 3705 905 3774 quod
931 3721 1083 3774 perperam
1103 3704 1270 3756 Gebhardus
1292 3722 1339 3757 re·

182 3777 306 3830 vocavit.
344 3775 478 3826 Erasmus
498 3776 586 3840 enirn,
614 3776 770 3842 ltauucius,
799 3786 828 3829 et
850 3776 1004 3828 Lambinus
1030 3775 1062 3826 in
1086 3775 1145 3826 suis
1164 3776 1339 3828 editionibus

183 3865 282 3901 veram
301 3846 403 3899 dedere
422 3846 584 3899 lectionem.
622 3847 658 3899 D.

254 3919 310 3972 etsi
333 3917 408 3970 nibil
431 3918 537 3970 nimis
564 3923 671 3986 oportet
698 3918 846 3985 confidere]
885 3918 1039 3993 vulgatam
1067 3935 1182 3988 quoque
1210 3918 1337 3984 (animis)

183 3991 363 4042 cornuiodum
382 3989 518 4058 praebere
537 4007 649 4041 sensum
669 3990 846 4042 existimabat
864 3990 935 4040 Bru.
974 3990 1080 4042 Contra
1098 3991 1224 4042 Nissen.:
1250 3992 1338 4055 „Vox

183 4061 287 4114 uniatis
311 4077 405 4129 neque
429 4060 479 4124 sic,
509 4078 562 4112 nec
589 4060 693 4123 addito,
719 4063 763 4113 uti
788 4061 956 4114 Schellerus
981 4060 1104 4126 volebat,
1134 4061 1229 4125 nimis,
1263 4061 1338 4112 ferri

181 4141 286 4204 potest.
325 4131 425 4183 intelli
450 4132 553 4183 endum
572 4141 613 4184 est
633 4132 720 4197 nabis,
744 4132 955 4206 legendumque
982 4131 1069 4183 nimia
1094 4150 1160 4184 cum
1179 4133 1252 4184 Aldo
1280 4135 1338 4184 Ma·

182 4204 297 4256 nutio.“
334 4149 477 4266 „Eruliti
496 4203 555 4253 viri
574 4214 764 4256 correxerunt
783 4203 856 4256 ailil
872 4203 966 4256 nimis.
1005 4204 1119 4255 Vellem
1144 4204 1208 4256 loca
1235 4211 1336 4274 protu-

182 4277 294 4339 lissent,
314 4273 360 4325 ubi
382 4275 422 4324 ita
440 4275 598 4348 legeretur,
617 4275 723 4343 ubique
743 4277 819 4327 enim
839 4293 890 4327 aaa
910 4274 1004 4341 nimis,
1024 4273 1099 4327 laud
1118 4275 1213 4339 sitinii,
1240 4291 1274 4326 ne
1291 4272 1338 4325 ai·

182 4348 247 4412 mit,
266 4363 316 4400 nee
335 4344 429 4411 nimis,
456 4347 610 4397 coniuncta
628 4345 776 4420 leguntur,
804 4343 879 4397 nibil
905 4347 993 4400 nimis
1010 4365 1164 4414 nusquam.
1193 4346 1264 4398 hinc
1282 4361 1338 4414 pra

182 4418 232 4474 ailt
249 4419 276 4474 il
293 4434 312 4471 α
329 4415 417 4472 nimis
435 4417 560 4494 legerim
577 4433 648 4472 aaa
665 4416 679 4470 i
683 4424 718 4470 ta
735 4416 851 4471 aimit.“
869 4416 1002 4471 Ratlitte.
1039 4418 1126 4471 Recte
1145 4418 1336 4472 monetGeus.
