2828 5070
526 311 864 393 LIBERLw.··'
1156 304 1220 377 237

57 485 200 570 ignore·
220 487 256 543 et
275 480 386 543 locum
406 488 441 543 et
461 480 598 557 iuciem3
627 480 677 543 cic
705 480 854 543 animum
881 475 945 541 tibi
973 489 1070 544 tuum
1100 485 1218 547 notum

58 586 134 630 cecc
163 571 336 646 oportere,
373 566 474 625 etiem
504 565 702 650 eiignoree
730 571 765 625 ct
784 564 897 625 locum
928 572 963 625 et
982 565 1136 637 formem.
1178 563 1258 627 lntl

57 647 166 713 animi
185 655 298 709 eutem
323 646 528 732 cognitione,
550 644 706 709 dubitare
727 664 794 707 non
816 664 1003 728 poscumus,
1034 647 1102 709 uici
1121 645 1219 729 plene

57 732 97 793 in
118 729 268 812 physicis
290 729 440 810 plumbei
460 749 586 806 eumue,
607 730 689 811 quin
710 727 797 791 nihil
817 732 862 791 eit
882 728 1002 790 euimie
1022 727 1217 808 admixtum,

55 813 144 875 nihii
166 820 371 884 concretum,
393 811 479 873 nihil
500 811 706 893 copulatum,
727 810 812 874 nibil
831 817 1111 897 coagmentatum,
1133 811 1218 873 nihil

57 895 190 977 duplex.
212 893 330 959 -Quod
357 914 459 977 quum
487 895 536 956 ite
563 895 620 971 eit,
648 902 740 956 certe
761 912 823 956 nec
844 895 986 972 eeccrni,
1018 912 1079 956 nec
1100 892 1218 971 dividi,

508 1037 1210 1067 .........-..,...............-...„..

133 1096 190 1153 etei
215 1097 277 1152 eiue
302 1098 420 1168 ignoree
440 1130 471 1142 -
491 1098 608 1154 etiarnei
626 1097 753 1170 ignceee]
789 1101 834 1155 ltu
853 1097 941 1155 cetu.
970 1106 1036 1154 octo
1054 1096 1123 1152 on.
1144 1099 1216 1155 Re.

57 1168 138 1226 oud
160 1174 183 1226 l.
212 1168 303 1226 Rebd.
331 1171 430 1224 Duieb.
457 1170 532 1227 Mon.
552 1178 578 1228 1.
596 1175 622 1228 2
648 1171 733 1227 Viud.
753 1175 778 1228 2.
807 1172 890 1224 Bern.
913 1168 986 1224 udo.
1014 1170 1084 1226 Rob.
1114 1119 1218 1244 Stepb.

55 1243 139 1296 vtet.
162 1238 307 1296 ruwur.
331 1242 419 1297 -Koel
445 1239 530 1296 Schz.
560 1242 607 1296 0r.
634 1242 725 1296 Nobb.
757 1242 811 1297 Sed
836 1241 909 1296 Edd.
938 1249 1009 1296 vett.
1037 1243 1129 1298 etiam·
1151 1253 1218 1318 poet

58 1312 177 1368 etiamee'
191 1311 384 1379 addunt-ciue,
403 1322 524 1384 exceptu
540 1313 577 1366 H.
593 1312 764 1369 Gebhardus
776 1329 846 1368 vero
864 1312 948 1368 Verb.
967 1313 1039 1367 Em.
1051 1314 1143 1374 Grcn.
1156 1319 1219 1374 eiue
1296 1354 1301 1359 -

56 1384 204 1439 omittunt
242 1392 287 1437 ost
304 1386 371 1447 etei,
390 1392 456 1455 poet
475 1383 590 1438 etiamei
606 1385 723 1439 addunt„
743 1383 816 1439 Edd.
836 1386 906 1440 Veu.
928 1383 987 1437 Au.
1007 1384 1041 1440 A.
1069 1396 1098 1440 et
1116 1406 1218 1447 omnee

57 1472 133 1542 quea
150 1401 248 1510 Reice.
266 1455 403 1520 contulit,
422 1454 516 1509 altero
535 1472 650 1528 quoque
668 1455 733 1510 loco
750 1454 858 1511 habent
877 1455 934 1510 etei
955 1457 1024 1511 eiue.
1053 1457 1121 1516 cod.
1141 1461 1215 1539 Aug.

58 1542 179 1581 ruvereo
198 1525 302 1580 ordine
320 1526 436 1580 etiamei
453 1525 569 1593 ignom
589 1559 620 1570 -
640 1527 697 1581 etei
713 1528 842 1595 e'gnoree:
872 1536 998 1598 utroque
1024 1528 1217 1588 lccoomieeo

57 1597 133 1651 ee'ue.
153 1596 228 1653 θοὰ.
247 1595 336 1651 habet
353 1597 409 1651 etei
434 1597 528 1650 enim
556 1597 673 1666 igncree
692 1598 788 1666 locum,
811 1614 869 1657 om.
890 1605 932 1653 et:
956 1602 1056 1682 pergit
1077 1603 1167 1658 Rehd.
1188 1610 1216 1659 et

57 1670 211 1737 {ormam
228 1667 276 1722 sed
296 1686 383 1738 cupra
400 1667 453 1722 lin.
472 1668 585 1735 faciente,
604 1669 719 1725 omissis
740 1669 835 1725 verbis
854 1672 897 1724 eie
914 1685 1040 1724 animum
1058 1704 1091 1716 -
1111 1681 1137 1728 et
1154 1676 1217 1740 soe·

55 1755 142 1795 mum.
161 1738 251 1791 Μαι-δ.
276 1756 392 1810 quoquc
416 1749 445 1793 et
472 1757 547 1793 unue
567 1739 618 1794 01.
642 1742 740 1795 omniu
758 1741 880 1807 omittit,
908 1756 981 1811 quue
1005 1751 1073 1795 eunt
1091 1743 1170 1799 inter
1188 1752 1216 1800 et

58 1810 152 1865 locum
170 1810 269 1882 priore
288 1818 318 1863 et
375 1810 499 1864 steriore
517 1810 582 1866 loco
599 1811 703 1880 positu.
731 1811 813 1867 linae
831 1810 881 1864 Ox.
901 1819 1027 1879 utroque
1046 1813 1111 1867 loco
1128 1813 1217 1870 habet

57 1883 191 1947 formam.
223 1881 259 1934 ln
283 1878 323 1935 Co
345 1920 351 1935 .
376 1880 476 1934 Duieb.
504 1882 648 1951 scriptum
673 1888 717 1937 eet
741 1889 818 1935 tuum
841 1886 934 1945 notum
960 1881 1021 1933 tibi.
1057 1882 1123 1937 Duo
1142 1884 1213 1937 011.
1309 1921 1313 1929 -

58 1952 202 2077 omittqqt
227 1955 314 2017 tuum,
342 1950 398 2005 duo
423 1950 476 2005 alii
504 1955 610 2017 notum,
636 1968 704 2005 cum
726 1954 801 2009 bion.
828 1957 853 2012 1.
890 1950 967 2006 Tum
990 1951 1044 2007 Ed
1069 1955 1104 2012 ll.
1133 1972 1216 2026 opor·

50 2029 109 2077 tet.
182 2038 205 2076 r.

131 2094 165 2148 ln
191 2092 402 2171 animisautem
425 2096 596 2164 cognitione]
633 2133 653 2163 „
662 2097 683 2154 i.
703 2114 728 2154 e.
753 2115 819 2152 cum
846 2105 943 2154 eutem
970 2100 1099 2155 animum
1119 2099 1215 2172 quelle

59 2165 101 2219 eit
118 2181 294 2242 cognoscere
312 2175 399 2236 etque
417 2170 612 2237 pronunciare
629 2167 799 2223 volomue.“
816 2168 885 2223 Ern.
923 2171 958 2224 lu
985 2168 1044 2236 hie,
1072 2189 1144 2242 quae
1172 2189 1215 2227 se·

57 2245 201 2307 quuutur,
220 2236 380 2307 Epicureos
403 2240 508 2316 tergit,
532 2239 584 2311 qui
610 2241 777 2292 animorum
803 2257 865 2294 esee
891 2239 1004 2294 vellent
1028 2241 1064 2294 dc
1089 2251 1216 2312 quetuor

56 2308 172 2361 ueturie
190 2307 333 2377 quoddam
352 2324 455 2378 corpus
473 2310 676 2379 compositum.
687 2341 720 2353 ·-
736 2308 809 2363 Coei.
827 2311 916 2366 Merb.
936 2308 1022 2364 babet
1040 2313 1215 2380 cogitatione

55 2394 115 2449 pro
138 2379 308 2446 cognitione.
346 2380 413 2433 Mox
436 2383 510 2434 Mon.
532 2387 556 2435 l.
581 2380 739 2447 poeeimue=
771 2380 854 2433 Unus
878 2380 928 2433 Ox.
955 2386 1004 2433 aut
1027 2397 1083 2451 pro
1110 2388 1214 2446 autem,

57 2456 122 2503 tree
139 2456 169 2502 et
187 2448 261 2503 Gud.
290 2465 357 2503 eane
380 2466 437 2520 pro
452 2451 544 2519 plane.
568 2448 660 2504 Rebd.
680 2451 792 2504 omittit
810 2449 887 2504 illud
903 2447 1081 2504 adverbium.
1113 2449 1165 2505 Ad.
1185 2469 1215 2507 r.

55 2519 180 2589 plumbei
206 2518 326 2574 laudent
349 2519 466 2576 Terent.
492 2520 594 2578 licent.
614 2521 647 2575 V.
667 2526 691 2578 l.
710 2524 738 2577 4.
757 2521 853 2590 rupee,
879 2522 987 2585 aeinue,
1012 2523 1214 2589 plumbeue.

57 2590 146 2662 Apud
164 2589 224 2643 cie.
245 2589 280 2644 de
298 2591 383 2644 Finn.
396 2591 443 2647 IV.
464 2595 506 2648 18.
525 2608 588 2661 prc.
609 2599 815 2668 argumentum
834 2591 985 2647 infirmum
1004 2592 1114 2646 dieitur
1124 2593 1215 2665 pugio

56 2663 210 2732 piumbeue,
236 2670 265 2715 et
290 2662 325 2715 ad
343 2662 402 2715 Att.
424 2662 446 2714 1.
468 2667 510 2720 16.
529 2666 555 2718 2.
574 2661 718 2716 iudicium
743 2661 896 2717 infirmum
921 2663 1038 2732 gladiae
1061 2664 1214 2732 plumbeue.

58 2731 204 2804 Epicurei
221 2748 293 2785 vero
313 2735 425 2802 quoties
445 2733 579 2786 inlibris
598 2733 632 2787 dc
650 2735 685 2787 N.
705 2732 740 2786 D.
760 2733 795 2787 ob
819 2733 958 2806 physicae
977 2736 1155 2805 imperitiam
1173 2737 1215 2790 ir-

58 2803 221 2868 rideantur,
241 2819 326 2856 nemo
345 2805 447 2857 nescit.
477 2802 531 2857 Pro
550 2819 645 2857 eumue
662 2821 737 2857 unus
757 2804 807 2861 Ox.
827 2813 857 2859 et
876 2805 958 2860 Vind.
980 2809 1005 2863 2.
1026 2806 1123 2862 eimue.
1152 2808 1214 2863 Mn

131 2873 198 2943 quin
215 2872 289 2927 nibil
305 2876 344 2927 eit
362 2873 469 2927 animia
488 2875 654 2940 admixtum]
690 2877 765 2929 Mon.
781 2880 803 2932 l.
824 2893 914 2953 marg.
927 2876 984 2932 tus.
1005 2879 1036 2930 in
1046 2877 1099 2931 Ed.
1110 2878 1174 2933 Aee.
1186 2882 1213 2936 2.

58 2952 169 3009 noetre,
194 2943 270 2998 Edd.
297 2946 368 2998 Ven.
394 2954 486 2999 nostr.
516 2945 593 3000 Canu.
622 2945 689 3000 Asc.
710 2950 734 3002 l.
763 2949 791 3001 P.
811 2948 843 3000 A.
862 2948 893 3003 B.
913 2948 941 3003 S.
970 2946 1005 3000 E.
1026 2949 1108 3007 dunt.
1135 2967 1215 3017 quo-

58 3016 158 3070 niam
180 3013 262 3069 nillil.
302 3018 358 3069 Pro
381 3017 485 3070 animie
511 3026 556 3072 ent
582 3016 694 3073 animue
719 3016 751 3070 in
775 3018 848 3071 Edd.
876 3016 959 3077 Verb.
984 3017 1215 3087 tau.011v.,in

58 3120 117 3158 uno
138 3104 188 3160 Ox.
208 3105 254 3157 aie
282 3103 408 3170 (volebat
428 3107 556 3176 scriptor
574 3086 628 3166 aii.
648 3105 724 3175 quod
744 3113 787 3158 est
812 3105 1018 3174 compendium
1040 3109 1122 3160 vocis
1149 3106 1215 3159 ani·

57 3175 134 3240 urie).
155 3173 254 3228 Duiab.
274 3175 378 3228 animie
397 3183 554 3229 concretum
572 3176 644 3231 nihil
661 3176 823 3229 adnuiutunn
855 3174 924 3229 Cod.
945 3175 988 3229 Au
1012 3216 1019 3229 .
1065 3177 1125 3230 uia
1143 3175 1216 3230 nitet

58 3245 168 3301 unimie
191 3246 229 3300 eit
254 3247 415 3299 admistum.
451 3247 546 3302 Verba
568 3247 642 3301 nillil
664 3246 820 3315 copulatum
851 3247 963 3300 omittit
990 3195 1065 3300 bui.
1086 3249 1111 3303 2.
1138 3247 1212 3300 Eru.

59 3317 206 3373 coniecit:
223 3315 298 3371 nitet
316 3317 356 3370 eit
374 3317 387 3369 i
393 3334 411 3370 n
430 3318 534 3371 animia
552 3320 710 3371 mictum.
747 3317 788 3369 Et
811 3317 908 3387 placet
933 3335 1000 3371 eane
1024 3315 1097 3370 bueo
1115 3335 1215 3373 emen·

60 3390 158 3442 detio:
179 3388 303 3442 sednon
323 3388 521 3465 suffragentur
537 3389 617 3446 libri.
646 3389 685 3440 Et
703 3396 804 3441 tuetur
821 3389 1115 3459 compositumcerte
1133 3390 1214 3444 locue

60 3460 95 3514 de
113 3457 180 3512 Seu.
199 3461 242 3515 21.
263 3468 336 3515 extr.
357 3476 438 3526 quum
456 3459 576 3528 eimplex
603 3459 693 3514 animi
716 3464 818 3511 nutura
843 3466 915 3511 ercet
939 3475 1025 3529 neque
1052 3456 1166 3514 luberet
1184 3463 1215 3515 in

60 3600 1216 3673 a...

163 3637 171 3652 ·
490 3639 497 3665 a
812 3641 818 3653 .
991 3638 1001 3667 e

60 3674 196 3744 quintum
216 3675 377 3743 repetitum
396 3670 469 3725 nituit
485 3674 517 3725 iu
536 3673 644 3727 duobus
663 3673 734 3727 Oxx.
763 3671 933 3727 scribuntur
958 3674 1009 3728 oei.
1048 3675 1102 3729 Pro
1129 3692 1216 3745 coug-

59 3749 211 3797 mentatum
230 3753 357 3815 quatuor
375 3742 445 3796 011.
465 3741 573 3797 babent
591 3750 843 3813 coaugmentatum,
862 3761 937 3798 uaue
949 3753 1215 3814 coaugumentatum,

60 3814 135 3868 alius
154 3822 406 3880 coagumentatum.
446 3813 558 3869 Similis
578 3823 678 3869 nostro
697 3815 778 3869 locus
804 3823 847 3870 eet
865 3815 901 3871 de
919 3814 1004 3870 Finn.
1026 3817 1079 3873 ΙΙΙ.
1098 3821 1142 3873 tt.
1164 3822 1214 3873 itt

61 3885 131 3957 quid
158 3886 233 3938 enim
252 3887 334 3939 -iu
361 3893 465 3939 natura
484 3913 517 3925 -
536 3894 596 3939 tam
621 3887 820 3956 comperitum,
849 3893 958 3954 tamque
990 3893 1161 3956 compactum
1186 3889 1234 3945 et'

61 3964 288 4027 coagmentatum
306 3957 428 4011 inueniri
444 3958 558 4026 poteeti
1039 4004 1046 4012 .

130 4036 205 4081 certe
226 4046 276 4083 nec
293 4031 409 4095 secerni,
429 4045 477 4082 nec
496 4027 588 4082 diuidi
605 4028 673 4095 ete]
705 4028 774 4084 Cod.
795 4028 870 4083 Gud.
890 4028 1004 4084 decerni
1020 4047 1075 4101 pro
1092 4032 1214 4087 eecerniz

60 4117 133 4154 unus
153 4101 203 4153 01.
223 4117 262 4153 ne
281 4101 403 4155 ueremi:
422 4100 497 4154 alius
516 4099 643 4155 diecerne'
659 4117 713 4170 pro
733 4099 867 4169 dieeetpi.
886 4101 964 4155 idem
982 4103 1014 4154 in
1029 4120 1108 4173 seqq.
1128 4105 1215 4158 omit·

60 4170 98 4224 tit
116 4171 218 4240 igitur.
256 4170 394 4226 Ceterum
412 4171 617 4226 attendendum
635 4171 745 4224 eecerni
763 4172 872 4241 opponi
896 4174 963 4226 voci
980 4173 1143 4241 admixtum,
1170 4174 1215 4228 di·

60 4243 122 4297 uidi
140 4249 283 4308 concreto,
303 4242 429 4314 diecerpi
446 4243 584 4312 copulato,
603 4240 727 4296 dietrulei
743 4250 944 4311 coagmentata.
982 4245 1128 4300 Similiter
1150 4247 1216 4299 iuu-

60 4323 173 4436 guntur
196 4313 232 4368 de
250 4314 337 4368 Finn.
357 4315 380 4368 1.
401 4318 443 4371 16.
464 4318 508 4371 50.
527 4311 627 4368 divelli
645 4322 674 4367 et
692 4311 818 4367 dietralli
835 4315 967 4385 oppoeite
990 4316 1133 4386 copulatio
1158 4315 1216 4369 oir-

71 4385 173 4442 utibue.
213 4384 304 4451 Quem
330 4386 428 4440 locum
452 4384 582 4442 laudavit
608 4384 774 4443 Kiibuerue.
810 4384 855 4441 Ad
879 4403 965 4444 uuum
989 4403 1020 4443 v.
1046 4386 1169 4456 diecerpi
1187 4404 1213 4441 r.

59 4453 204 4513 deun.
225 4457 309 4514 l.11.
347 4454 407 4514 Mr.
583 4518 588 4525 ⁴
922 4498 925 4505 .
1017 4486 1020 4493 ·
