2828 5070
587 298 839 373 stamme
1015 294 1017 299 ’
1231 300 1286 359 vtt

82 511 88 523 ·
122 470 221 533 ritate
252 468 512 558 distinguantur,
544 473 599 535 vel
627 468 847 537 librariorum
875 470 1020 555 denique
1053 472 1184 557 stupori
1216 471 1285 533 ori·

121 558 236 641 ginem
266 553 418 618 debeant
469 556 533 616 His
555 555 690 639 quidem
711 576 778 639 quo
805 559 915 618 minus
936 554 1138 644 respondere
1171 573 1211 618 co
1272 596 1284 632 ,

124 641 233 699 otium
254 637 340 699 mibi
361 641 442 701 fecit
473 636 660 702 Crenaerus
690 659 795 717 meus,
824 644 879 703 cui
906 640 988 702 haec
1016 658 1149 724 qnoque
1180 657 1198 701 e
1225 639 1285 700 'tio

123 722 312 804 plurimum
339 719 448 801 debet,
468 733 508 784 ut
528 742 590 810 ego
612 726 735 802 omnia,
758 726 792 785 in
821 722 1030 786 Praelatione
1061 724 1159 785 libris
1191 720 1286 784 Cico-

124 806 218 865 ronis
250 804 292 866 de
312 805 460 892 Legibus
512 809 669 869 memissa
696 828 728 892 p.
752 804 846 867 Vlll.
898 806 1050 890 Denique
1071 803 1171 889 quod,
1205 821 1286 887 quus

123 885 225 948 bodie
254 890 290 948 in
325 827 534 952 recensendis
566 890 663 951 libris
694 908 796 951 manu
827 893 961 974 scriptis
992 894 1064 952 iere
1094 893 1220 952 iactant
1252 894 1288 950 ct

124 973 287 1058 flagitant,
311 969 484 1051 Codicum,
563 990 599 1034 os
621 972 747 1052 dicunt,
776 974 919 1035 familias
940 993 1007 1035 non
1037 972 1192 1050 diatim,
1229 989 1286 1032 nc·

125 1073 191 1135 qne
218 1057 280 1114 nni
309 1073 362 1116 me
390 1056 488 1138 plana
542 1055 597 1117 edi
617 1067 716 1140 atque
742 1054 866 1133 addixi,
900 1074 1098 1139 quamquam
1130 1058 1200 1117 scio
1221 1052 1286 1115 hoc

125 1157 259 1219 quoqne
292 1140 426 1199 nomine
456 1157 510 1201 me
542 1139 780 1222 reprehensum
812 1142 868 1216 iri,
900 1141 996 1201 nolui
1027 1150 1139 1201 tamen
1170 1141 1286 1199 iocum

124 1224 238 1280 facere
260 1219 451 1282 hominibus
471 1225 655 1305 imperitis:
676 1225 781 1365 periti
801 1225 923 1298 sciunt,
946 1226 981 1285 ln
1003 1232 1096 1284 tanto
1118 1222 1286 1282 librorum

122 1322 268 1364 numero
288 1307 399 1405 operis
420 1315 489 1366 tam
510 1322 607 1389 saepe
629 1315 663 1366 et
697 1308 764 1369 ecti
785 1315 819 1367 et
840 1309 997 1382 correcti,
1020 1324 1166 1388 quorum
1188 1320 1285 1387 prae·

122 1397 217 1447 terea
232 1406 382 1448 omnium
396 1385 499 1449 iidem
513 1391 586 1449 tere
606 1398 684 1449 sunt
693 1390 872 1450 inveterati
891 1387 1045 1449 nonnulli
1067 1406 1210 1464 errores,
1233 1388 1285 1446 in·

121 1479 295 1531 veteratae
316 1469 464 1548 lacunae,
486 1489 591 1532 unum
612 1469 747 1553 quoidem
768 1472 894 1532 librum
915 1473 1015 1533 alteri
1027 1474 1098 1533 sive
1119 1479 1284 1532 vetustate

122 1556 195 1613 slva
216 1550 393 1638 diligentia
415 1554 548 1615 librarii
576 1565 756 1637 praestare,
784 1565 822 1615 ut
842 1565 920 1615 sunt
941 1558 975 1616 in
1005 1557 1128 1616 nostris
1150 1554 1283 1638 Regius,

120 1631 298 1696 Gudianus
317 1638 457 1719 primus,
478 1637 649 1713 Brutiuns,
672 1637 864 1698 Beruensisr
888 1636 945 1697 sed
956 1637 1087 1698 nullum
1100 1652 1285 1697 emennum

123 1721 303 1802 optimum,
325 1719 458 1780 nullum
479 1719 654 1796 eiusmodi,
686 1730 725 1783 ut
745 1737 821 1780 eum
842 1720 951 1780 solum
972 1722 1066 1801 sequi
1088 1720 1143 1782 vel
1165 1718 1284 1780 debeas

124 1802 180 1862 vel
193 1804 299 1883 possis
315 1804 427 1862 etlam.
471 1803 512 1863 Et
533 1820 732 1885 quamquam
754 1820 890 1887 operam
912 1799 989 1864 dedi
1009 1822 1190 1879 summam„
1205 1810 1246 1862 ut
1264 1819 1285 1862 a

125 1888 398 1946 coniecturarum
416 1904 469 1946 mc
484 1888 672 1947 temeritate
692 1895 789 1968 atque
811 1884 952 1947 libidine
973 1889 1191 1962 continerem,
1214 1892 1286 1946 erat

128 1978 247 2044 tamen,
263 1967 322 2027 ubi
334 1964 530 2028 emendandi
545 1967 735 2053 periculum
745 1967 944 2045 faciendum,
961 1978 1044 2045 erat,
1065 1968 1124 2029 ubi
1140 1966 1285 2029 deterio-

126 2052 174 2110 ris
195 2060 293 2111 notae
314 2051 420 2132 aliqui
437 2049 552 2127 codex,
583 2051 711 2113 relictis
729 2053 874 2135 optimis,
897 2049 1082 2134 sequendus
1098 2049 1282 2113 videretur.

125 2132 200 2213 Qua
220 2131 263 2193 de
284 2152 333 2210 re,
356 2132 446 2214 quod
465 2132 509 2194 ad
529 2131 683 2195 codicum
705 2134 781 2194 illas
802 2135 945 2195 familias
967 2137 1097 2212 attinet,
1116 2155 1195 2198 ,cum
1217 2134 1285 2195 uti·

124 2217 206 2277 liter
226 2218 438 2299 praeceperit
457 2214 779 2299 prudentissimoque
801 2215 1022 2299 disputaverit
1042 2217 1206 2295 Kritaius,
1235 2214 1281 2277 V.

123 2297 191 2376 Cl.,
214 2302 250 2358 in
278 2300 486 2381 praefatione
513 2298 555 2360 ad
575 2298 728 2360 Sallustii
751 2297 930 2361 Catilinam
955 2323 986 2383 p.
1011 2297 1122 2362 XXV.
1192 2344 1214 2377 .,
1243 2295 1285 2361 dc

122 2401 175 2459 ea,
204 2385 241 2441 in
263 2400 301 2441 re
322 2382 505 2458 simillima,
542 2381 734 2468 disputandi
755 2381 871 2443 labore
892 2382 1107 2466 supersedere
1128 2321 1212 2442 midai
1242 2382 1285 2442 li-

120 2466 223 2526 cebit.
258 2462 355 2544 Quod
376 2484 460 2526 vero
480 2463 647 2527 editorum
667 2466 794 2526 nullius
815 2484 869 2526 me
889 2468 1083 2527 auctoritati
1105 2467 1153 2527 ita
1173 2484 1286 2526 aman·

123 2549 250 2630 cipavi,
271 2557 311 2608 ut
330 2544 373 2607 ad
394 2567 471 2608 eum
491 2549 589 2631 plane
611 2567 664 2608 me
685 2548 900 2631 applicarem,
934 2547 970 2608 id
991 2547 1125 2631 quidem
1146 2550 1285 2610 minime

122 2629 354 2711 reprobabunt
374 2632 401 2689 ii
421 2633 501 2707 viri,
524 2634 582 2713 qui
604 2634 639 2692 in
655 2630 707 2691 his
724 2633 804 2713 ipsis
819 2631 917 2692 libris
932 2630 1143 2693 emendandis
1158 2632 1283 2693 felicis·

122 2716 208 2774 sime
223 2712 492 2788 elaboraverunt,
515 2734 591 2775 cum
611 2734 673 2775 nec
694 2717 758 2797 ipsi
780 2712 869 2774 idem
885 2714 949 2775 sibi
963 2717 998 2775 in
1013 2716 1184 2798 prioribus
1197 2716 1284 2776 veti·

122 2806 197 2858 tum
219 2798 495 2857 existimaverint.
541 2795 754 2858 Contrarium
776 2800 887 2881 potius
908 2800 1033 2859 factum
1054 2801 1100 2858 iri
1118 2801 1282 2882 suspicor,

121 2888 163 2939 ut
184 2897 260 2938 meo
282 2898 336 2938 ma
356 2881 485 2963 saepius
507 2878 634 2941 iudicio
656 2890 755 2958 stare,
778 2901 877 2960 quam
898 2901 974 2941 cum
995 2882 1070 2942 aliis
1082 2883 1284 2962 quibuscun-

171 2981 191 3021 e
212 2963 324 3021 facere
344 2963 453 3023 velint
472 2963 639 3039 nonnulli,
661 2973 700 3023 ut
721 2973 798 3024 sunt
818 2960 919 3024 hodie
939 2966 1112 3047 permulti,
1142 2967 1200 3045 qni
1221 2982 1287 3036 suu

163 3054 237 3104 arte
258 3063 385 3120 errare,
407 3043 486 3105 dum
507 3048 561 3105 sui
582 3048 708 3130 ingenii
719 3045 869 3106 homines
880 3046 1070 3125 videantur,
1094 3067 1194 3130 quam
1206 3067 1283 3109 cum

123 3127 202 3187 aliis
222 3146 341 3187 verum
362 3130 487 3188 sentire
509 3128 636 3189 volunt
956 3182 959 3191 ,

205 3208 376 3271 Paradoxa
387 3208 570 3285 Ciceronis,
592 3231 659 3272 non
680 3212 782 3272 semel
803 3214 976 3295 promissa,
998 3230 1060 3271 cur
1071 3229 1137 3271 non
1149 3208 1284 3272 addide-

124 3294 201 3370 rim,
225 3301 325 3354 erunt
346 3295 416 3373 qui,
438 3312 500 3353 nec
521 3296 703 3369 immerito,
726 3305 895 3376 quaerant.
939 3295 982 3355 Et
1002 3302 1051 3354 est
1072 3303 1162 3355 certe
1183 3294 1226 3356 ad
1247 3314 1286 3357 ca

123 3373 316 3436 exornanda
326 3375 424 3436 nobis
444 3374 486 3435 ad
500 3396 634 3436 manum
655 3387 832 3459 apparatus
853 3374 943 3437 haud
971 3379 1123 3462 exiguus,
1153 3377 1286 3465 qualem

122 3479 254 3535 eorum,
287 3462 443 3540 quiante
475 3478 528 3519 me
550 3478 627 3520 eum
659 3457 837 3520 ediderunt
868 3460 1032 3536 libellum,
1066 3479 1165 3522 nemo
1186 3461 1285 3522 facile

122 3542 289 3602 babuerit.
339 3539 406 3602 Sed
427 3560 502 3601 cnm
524 3542 684 3603 absolutis
706 3542 905 3603 Tusculanis
926 3542 1177 3605 incommodum
1198 3542 1286 3607 illud

122 3628 315 3701 ineruissat,
339 3627 434 3684 cuius
453 3623 663 3686 sirnificandi
685 3628 807 3709 potius,
830 3646 929 3707 quam
950 3626 1149 3708 exponendi,
1173 3647 1286 3691 causus

122 3678 230 3768 babeo
251 3710 457 3783 iustissimas,
480 3674 606 3769 factum
628 3718 687 3785 est,
710 3718 750 3769 ut
770 3711 841 3769 eius
863 3710 1027 3793 opusculi,
1055 3714 1286 3773 suavissimam

123 3791 193 3851 alio
205 3801 369 3873 tempore,
393 3795 624 3852 tractationem
645 3790 861 3877 aggrediendi
882 3802 916 3852 ct
936 3793 1132 3874 perficiendi
1153 3797 1285 3855 animus

124 3875 224 3958 plane
245 3894 299 3934 mc
319 3872 484 3935 deficeret.
530 3874 745 3957 Posteaquam
766 3895 847 3936 vero
869 3884 985 3936 nactus
1006 3896 1079 3937 sum
1100 3881 1214 3939 virum
1226 3878 1286 3938 ho·

122 3950 360 4033 nestissimum,
383 3959 440 4038 qui
456 3955 723 4019 Tusculanarum
744 3957 946 4019 edendarum
967 3970 1117 4043 sumptus
1145 3981 1204 4023 ero
1228 3982 1286 4022 an·

123 4039 184 4100 dos
205 4041 399 4122 susciperet,
422 4038 595 4101 additurus
608 4060 710 4119 eram,
725 4062 817 4185 {aaa
834 4040 1086 4124 spoponderam,
1109 4047 1175 4105 nisi
1197 3982 1286 4106 idem

123 4126 195 4206 ipse
217 4124 442 4209 significasset,
474 4126 578 4184 satius
598 4124 662 4184 sibi
687 4127 723 4186 vi
766 4129 808 4202 ri,
836 4145 877 4185 ne
899 4125 980 4186 libri
1002 4125 1101 4188 buius
1122 4129 1227 4190 moles
1249 4130 1286 4188 in

122 4208 266 4265 nimium
288 4216 426 4282 crescat,
459 4209 599 4266 seorsim
620 4207 799 4289 aliquando
821 4205 875 4268 edi
898 4208 1062 4284 libellum,
1090 4212 1185 4273 cuius
1208 4232 1285 4274 cum

123 4288 189 4348 hoc
218 4292 231 4348 i
318 4286 376 4348 ndi
404 4292 580 4350 necessitas
612 4310 734 4376 urgere
765 4289 920 4353 videatur
947 4292 1051 4353 nulla.
1098 4292 1209 4373 Quare
1235 4313 1285 4355 se·

123 4373 224 4456 posui
243 4393 264 4433 a
305 4382 436 4455 tempus
464 4372 614 4433 laborem
642 4376 754 4450 istum,
787 4376 845 4455 qui
867 4373 951 4435 mibi
972 4385 1064 4439 certe
1085 4376 1285 4439 iucundissi-

124 4474 202 4516 mos
220 4456 355 4523 iuturus
382 4464 444 4537 est,
476 4465 512 4519 et
539 4476 642 4538 quum
669 4460 819 4541 primum
847 4459 1028 4544 contigerit
1055 4457 1185 4540 aliquid
1209 4461 1284 4537 otii,
