2828 5070
575 316 702 379 menn
722 316 749 395 1,
769 314 800 380 s.
1228 316 1270 381 se

128 485 160 544 Δ.
180 482 248 543 lam
267 498 414 566 agnosco
442 479 625 542 Graecum
662 478 720 540 sed
749 479 912 561 quoniam·
932 481 1082 566 coigisti,
1119 487 1157 541 ut
1191 496 1269 540 con-

1017 602 1269 615 -ιαο-ι--ι-ο-

128 665 192 721 sled
212 682 260 718 ne
276 666 365 718 nors·
386 665 463 729 nolo,
485 664 555 741 lleg.
576 669 601 719 l.
632 663 728 716 Emori
754 663 845 716 uolo.
876 666 953 717 Mon.
978 668 1002 718 Ι.
1029 662 1085 717 Sed
1109 680 1173 717 non
1200 679 1269 728 esse,

127 738 194 863 ἐξ.
212 736 264 789 sed
280 743 309 789 et
326 752 367 790 ne
383 752 454 789 esse.
472 734 543 810 Reg.
561 739 588 790 8.
614 735 664 788 sed
690 750 729 787 me
754 733 870 787 etiam
908 734 989 788 Idem
1014 751 1080 786 cum
1096 736 1171 788 Mon.
1191 740 1215 789 1.
1241 741 1271 787 et

212 806 385 872 msam,
404 807 483 877 quod
500 814 546 861 est
564 806 652 859 etiam
677 822 714 859 ex
729 822 821 875 prava
843 806 1024 859 corrections
1048 806 1081 856 in
1099 802 1167 859 cod.
1186 806 1270 859 Bsrn.

128 878 176 932 Pro
199 875 275 930 srs'ls'l
296 886 340 931 est
368 877 413 930 nil
440 877 472 929 in
498 877 589 931 Marb.
627 875 708 928 ldem
735 893 801 929 oum
819 876 902 928 Vind.
924 881 949 931 1.
974 878 1001 939 (a
1019 891 1076 943 quo
1103 874 1180 928 abest
1198 876 1271 935 esse)

127 946 208 1003 ltehd
227 944 301 1001 Eud
321 947 359 999 ll.
380 946 411 1000 G.
431 949 464 1003 V.
484 948 549 1001 Asc.
568 946 593 1001 1.
613 945 682 998 noh.
703 945 804 1017 Steph.
823 947 905 999 Junt.
924 945 1010 1000 lubet
1028 944 1163 998 tristimo.
1183 942 1269 997 Oodd.

129 1018 148 1071 ll
184 1020 236 1073 .3.
257 1016 332 1071 Gud.
353 1016 463 1070 erts'ao.
492 1016 566 1070 Edd.
586 1015 650 1068 Ald.
672 1015 752 1087 sylb.
773 1014 885 1070 Gamer.
907 1014 1021 1087 Gryph.
1040 1013 1122 1069 Boul.
1150 1012 1270 1066 HWoli.

149 1090 154 1100 “
200 1086 207 1099 ’
245 1104 279 1143 ro
296 1086 489 1151 scilicetne
508 1088 595 1142 etiam
613 1095 735 1159 utraque
753 1088 851 1141 Herw.
890 1086 945 1140 Sed
974 1088 1005 1139 in
1023 1103 1100 1139 sarr.
1128 1084 1206 1139 lectt.
1231 1083 1273 1134 ηἰ-

129 1156 171 1211 lit
233 1166 342 1235 ergnnt
368 1157 447 1213 Crat
475 1166 504 1213 et
530 1156 632 1213 llerw.
657 1160 683 1215 2
707 1157 846 1223 existimo,
875 1166 997 1228 utraque
1024 1159 1055 1209 in
1083 1173 1159 1210 rnre.
1190 1154 1271 1207 lectt.

129 1228 208 1283 labet
227 1227 367 1283 aestino.
404 1228 466 1284 Mr.

191 1298 291 1353 Enors'
315 1298 379 1353 nolo
404 1298 475 1367 eto]
511 1298 684 1364 „Graecum
713 1300 893 1353 versiculum
919 1296 1107 1370 Epicharmi,
1136 1298 1187 1368 qui
1215 1311 1274 1349 non

132 1366 204 1425 valde
226 1369 403 1423 dissimilem
428 1368 603 1425 sententiam
628 1367 725 1435 habet,
751 1372 879 1441 repperi.
922 1373 968 1423 An
994 1377 1090 1422 autern
1110 1369 1159 1434 sit,
1187 1384 1274 1437 quem

132 1438 172 1495 tic
188 1438 294 1495 cicaro
312 1459 348 1497 ex
369 1440 467 1507 ressit,
492 1440 642 1493 affirmare
669 1455 729 1493 non
756 1440 863 1495 audeo:
888 1457 942 1496 nee
965 1448 1064 1494 tamen
1088 1438 1275 1493 vehementes

132 1528 303 1635 ppgarpmn.
346 1458 377 1564 fs
401 1518 445 1635 opt
462 1510 540 1635 aptpd
563 1508 885 1614 Sextum-Empirioum
904 1528 967 1585 cap.
995 1527 1051 1581 quo
1077 1506 1205 1632 disperit,
1232 1509 1276 1632 ὅόῐι

132 1599 522 1709 ricemerem
546 1597 583 1706 3:
631 1582 827 1722 pecus.
842 1600 887 1704 u
906 1584 1097 1707 secem
1118 1596 1277 1706 eccs

133 1726 191 1793 πρὸς
208 1720 280 1793 ἡμᾶς
296 1724 467 1794 Ἐπίχαρμος
484 1721 558 1789 αὐτῷ
576 1728 797 1795 προςμεμήνυκεν
814 1720 911 1784 eluda,
938 1722 1092 1777 ἀποθανεῖν
1108 1722 1127 1791 ᾖ
1147 1724 1275 1777 croviaci

133 1796 161 1851 ol
174 1813 226 1867 μοι
240 1794 381 1865 διαφέρει.
418 1792 566 1849 Posterior
583 1800 664 1848 certe
680 1810 748 1863 pars
767 1810 826 1846 non
843 1794 940 1864 potuit
959 1794 1119 1868 elegantius
1138 1801 1188 1845 aut
1205 1793 1276 1847 fide·

133 1862 182 1919 liu
198 1862 299 1919 reddi:
317 1864 452 1935 priorum
471 1862 627 1919 verborum
646 1862 815 1917 intellectus
842 1864 1022 1935 aliquantum
1041 1882 1057 1915 a
1077 1864 1186 1916 Graeca
1213 1881 1276 1918 sen·

133 1935 215 1989 uotis
232 1934 366 1988 diversus
384 1943 437 1989 est.
473 1933 572 1987 Potuit
592 1952 656 1990 eam
674 1934 848 1988 sententiam
866 1933 968 1988 cicero
993 1933 1086 2010 tnagis
1112 1950 1219 1999 amare,
1244 1940 1277 1985 ut

134 2005 181 2059 sili
196 2012 269 2058 tunc
287 2006 443 2089 aptiorem:
463 2023 517 2059 nec
535 2007 616 2059 enim
634 2012 716 2058 tanta
734 2004 879 2081 religione
897 2023 913 2061 e
933 2004 1044 2059 Graeco
1062 2004 1116 2059 ille
1133 2004 1276 2068 vertebat,

133 2082 231 2147 qanta
247 2078 363 2131 inerunt
378 2074 467 2129 huius
484 2077 587 2149 aetatis
605 2076 791 2147 interpretes,
821 2076 873 2145 qui
896 2077 937 2130 ita
955 2075 1107 2131 sententiis
1132 2083 1163 2129 et
1179 2074 1277 2129 verbis

133 2147 186 2201 eins
203 2147 344 2209 auctoris,
371 2162 458 2217 quem
485 2146 518 2199 in
544 2146 682 2201 latinum
710 2153 894 2219 convertunt,
929 2145 1036 2199 addicti
1063 2154 1092 2200 et
1116 2146 1277 2200 consecrati

133 2224 201 2284 sunt,
225 2224 260 2269 nt
286 2216 433 2269 tantulum
457 2215 491 2268 ab
519 2216 581 2271 illis
604 2216 753 2272 declinare
778 2220 858 2273 naias
883 2234 945 2271 esse
971 2223 1076 2286 putent
1104 2224 1133 2270 et
1150 2218 1276 2271 sortasse

132 2294 203 2342 ncta
221 2287 253 2339 in
271 2286 374 2341 multis
391 2287 570 2343 auctoribus:
590 2290 722 2357 quamvis
741 2288 849 2341 nonin
868 2286 1017 2340 omnibus:
1042 2302 1097 2338 nee
1116 2289 1195 2340 enim
1214 2304 1276 2340 om-

132 2357 173 2413 nia
190 2356 292 2413 eodem
309 2357 396 2412 modo
414 2358 537 2411 tractari
556 2358 693 2415 debent.“
722 2358 877 2413 Victoriae.
916 2357 951 2409 In
968 2356 1025 2408 Ed.
1047 2362 1070 2409 Ι.
1094 2355 1165 2409 Dav.
1189 2356 1277 2409 Sena·

132 2428 201 2481 rium
218 2426 297 2481 hunc
316 2426 484 2483 effinxerat:
509 2426 570 2500 ἀπῇ
593 2432 701 2482 θανεῖν·
771 2429 879 2483 terreis?
898 2427 931 2482 οὔ
953 2446 1004 2494 μοι
1026 2426 1158 2497 διαφέρει·
1193 2426 1278 2479 Abas't

132 2496 211 2553 noris
235 2515 297 2552 esse
322 2507 461 2553 mortuum
488 2498 578 2565 refert
605 2498 684 2553 nim.
756 2517 805 2553 um
838 2499 1057 2620 vitupprarerat
1087 2496 1277 2566 scriptionem

130 2574 264 2626 teissim,
302 2568 362 2635 Qua
388 2568 424 2624 de
450 2587 483 2624 re
511 2587 590 2623 nunc
618 2571 686 2624 ride
709 2568 880 2623 Buttmanni
933 2583 1036 2622 ramm.
1064 2568 1131 2620 runi.
1161 2566 1212 2620 Gr.
1238 2567 1274 2621 ll.

130 2658 153 2710 p.
173 2643 216 2697 14.
237 2658 281 2710 sq.
317 2639 360 2694 De
378 2638 466 2693 verbo
485 2640 575 2695 emors'
598 2658 627 2693 r.
653 2641 853 2711 disputantem
878 2637 1064 2693 Doederlein.
1090 2637 1153 2690 Lot.
1174 2638 1276 2708 Syron.

130 2728 152 2764 s.
169 2711 288 2794 Elymi.
308 2712 361 2765 111.
379 2729 409 2782 p.
430 2714 490 2769 18³.
512 2731 553 2783 sq.
573 2713 635 2781 qui,
663 2721 797 2765 nostrum
816 2711 857 2763 ibi
877 2728 993 2765 versum
1020 2709 1148 2773 laudans,
1175 2711 1277 2763 scribit

129 2779 218 2836 sils'ls.
253 2780 372 2838 Planck.
391 2781 427 2834 ad
445 2780 536 2837 Ennii
554 2781 683 2836 Medeam
701 2801 730 2852 p.
753 2787 810 2837 1³1.
830 2779 910 2834 hunc
928 2799 1045 2835 versum
1064 2781 1105 2835 ita
1123 2782 1239 2836 scribit:

229 2852 346 2907 Emores'
365 2852 439 2917 nolo,
458 2854 507 2906 sed
523 2870 568 2905 me
587 2869 646 2906 esse
666 2859 815 2918 mortuum,
834 2850 910 2906 ns'ls'l
926 2852 1064 2906 os‘stumos

127 2924 172 2979 uli
189 2924 251 2977 vid.
272 2924 310 2978 ei.
329 2925 556 2978 annotationem.
581 2922 652 2975 Add.
672 2924 763 2977 Kritz.
788 2923 824 2976 ad
841 2922 912 2977 sall.
939 2924 1002 3000 lug.
1023 2926 1065 2979 14.
1093 2940 1122 2993 p·
1142 2925 1187 2979 90.
1232 2922 1276 2975 Ad

127 2995 298 3050 sententiam
318 2996 456 3069 congruit
474 2994 555 3048 locus
573 2994 669 3047 Plauti
689 2993 769 3065 Gapt.
790 2994 887 3051 111.5.
908 2998 957 3051 83:

226 3064 295 3121 Post
314 3072 432 3119 mortem
450 3065 481 3119 a'o
499 3071 590 3118 morte
608 3062 681 3118 niti!
698 3071 749 3129 est,
769 3066 841 3134 quod
857 3073 986 3132 metuam,
1005 3063 1084 3123 mali,

125 3134 203 3204 Quod
221 3152 294 3192 vero
310 3153 354 3190 me
373 3136 435 3190 sine
454 3136 575 3189 elisione
593 3138 725 3205 ponitur,
744 3135 775 3188 id
793 3139 901 3190 factum
923 3145 967 3189 est
985 3152 1067 3188 more
1087 3136 1276 3200 Graecorum,

125 3208 152 3261 in
170 3224 298 3279 qnorum
318 3207 460 3271 versibus,
484 3204 512 3259 lo
556 3224 571 3258 a
590 3206 684 3259 vocali
703 3206 752 3260 vel
771 3204 954 3282 diphthongo
973 3213 1040 3259 ante
1064 3205 1194 3257 vocalem
1213 3222 1277 3257 cor-

123 3275 539 3404 ffixs’iff‘ffilistgr'ssvi
561 3277 760 3401 ’316111οὲ1ῃαῖ
784 3278 837 3399 ‘ii
853 3278 924 3400 ssid‘
936 3275 983 3401 ἔτι
994 3276 1132 3400 0111111
1153 3275 1277 3401 11111ἑῖ

122 3422 173 3479 tin
194 3418 219 3474 1.
240 3424 268 3475 r.
286 3422 312 3477 ³.
330 3437 361 3489 p.
381 3389 426 3475 or'.
454 3389 590 3475 essm.
609 3391 823 3489 wyttenb'sch.
848 3417 889 3479 ,su
914 3418 985 3471 rut.
1004 3386 1147 3473 mimi
1176 3436 1204 3488 p.
1225 3422 1277 3474 ue

120 3510 160 3563 sq.
199 3490 263 3544 Mr.

191 3581 258 3634 lane
275 3595 398 3646 amasco
416 3578 564 3645 Graecam]
600 3578 708 3632 Vocem
725 3577 785 3629 iam
802 3576 916 3629 omittit
934 3575 1003 3631 (lod.
1023 3576 1111 3633 Marb.
1131 3576 1277 3632 scribitur

121 3655 151 3707 in
170 3651 262 3706 Codd.
282 3651 353 3727 lleg.
371 3653 397 3706 3.
424 3648 514 3702 Rshd.
543 3650 620 3706 Gud.
638 3648 724 3701 vind.
746 3654 769 3702 l.
789 3663 934 3714 cognosco.
971 3646 1140 3701 Gebhardus
1167 3651 1199 3701 in
1227 3668 1276 3704 ex-

120 3725 234 3795 cerptis
251 3722 345 3775 Vatic.
373 3720 401 3774 le
424 3721 434 3773 i
459 3721 547 3773 dicit:
572 3721 633 3772 s'om
651 3735 774 3787 agnosco
797 3720 965 3786 gradem:
993 3720 1041 3771 cui
1065 3720 1144 3773 addit
1162 3722 1275 3774 Grono-

120 3797 206 3850 vius:
232 3793 295 3860 Quo
314 3738 482 3867 signiffioant
500 3791 627 3853 Graium,
650 3796 684 3841 ut
701 3806 785 3860 saepo
803 3788 874 3842 alibi
899 3792 1059 3842 confusum.
1095 3790 1216 3843 Neidius
1241 3793 1276 3844 ad

121 3866 150 3924 h.
171 3866 211 3919 L:
229 3861 357 3930 „audire
374 3861 448 3914 mihi
468 3863 570 3916 videor
587 3862 741 3924 Graecum,
761 3861 780 3912 i.
801 3877 826 3915 e.
845 3859 991 3913 hominem
1006 3860 1136 3925 mollem,
1155 3861 1277 3931 loquen-

121 3946 201 3991 tesnr
228 3934 412 3990 effeminatae
430 3935 509 3986 enim
527 3934 635 3987 indolis
652 3931 829 4001 petebantur
847 3931 961 3983 Graeci.
982 3962 1013 3972 -
1051 3932 1138 3984 Venit
1162 3948 1276 4003 quoque

121 4010 152 4060 in
178 4013 320 4071 mentem,
348 4022 421 4056 anne
446 4022 545 4058 sensus
574 4021 634 4057 esse
666 4003 773 4072 possit:
807 4001 865 4052 iam
889 4003 1013 4053 veniunt
1042 4001 1073 4054 in
1106 4006 1276 4057 memoriam

122 4078 212 4132 rerba
229 4077 353 4141 Graeca,
370 4076 437 4128 iam
455 4077 630 4129 reminiscor
653 4071 808 4125 verborum
827 4072 1033 4124 Graecorum.“
1059 4073 1179 4127 Billerb.
1205 4091 1276 4144 quo-

121 4165 179 4220 quo
198 4148 349 4219 duplicem
369 4146 541 4200 sententiam
562 4143 692 4199 extudit:
710 4144 851 4213 primam:
872 4141 988 4207 inmte,
1007 4143 1118 4210 Marce,
1139 4145 1276 4196 Graecam

120 4234 260 4287 quomo:
279 4218 416 4272 alteram:
435 4218 494 4269 s'om
512 4217 622 4270 Graeca
640 4229 770 4282 agnosco.
807 4211 892 4264 Nihil
909 4216 1028 4279 certius,
1048 4233 1134 4285 quam
1153 4216 1274 4268 alterum

122 4290 222 4344 Neidii
241 4290 514 4359 interpretationem
532 4289 574 4340 its
591 4304 691 4339 veram
710 4302 781 4349 esse,
809 4292 842 4335 ut
860 4283 895 4336 de
912 4286 1013 4353 priore
1033 4303 1070 4339 ne
1088 4284 1275 4360 cogitandum

122 4361 241 4433 quidem
256 4362 364 4414 fuerit:
395 4376 569 4429 quamquam
588 4356 805 4410 recentissimus
830 4372 942 4424 quoquo
968 4358 1114 4425 interpres
1139 4351 1274 4406 Prenzlo·

123 4433 233 4487 riensi·
249 4431 357 4486 vertit:
382 4429 422 4483 da
445 4428 544 4483 sieht
561 4445 639 4483 man
661 4427 732 4481 den
751 4425 946 4480 Griechen.
993 4425 1084 4491 Quam
1111 4425 1274 4479 versionem
