2828 5070
412 350 413 353 κ
498 325 625 388 menn
653 325 680 406 1,
707 326 759 392 ts.
1152 327 1214 395 sn

55 496 228 557 curiosus:
268 492 326 554 sed
355 494 402 555 ita
423 500 532 554 taetra
552 500 632 553 sunt
659 490 829 574 quaedam,
858 500 897 553 ut
917 510 956 555 ea
977 492 1085 581 fugiat
1105 500 1141 556 st
1160 512 1215 556 re-

56 574 216 641 formidet
245 578 365 637 oratio.
409 573 516 637 Totos
544 577 651 662 igitur
678 575 734 637 hic
763 576 857 636 locus
883 583 935 636 est
955 575 1216 640 contemnendus
1283 615 1286 621 ,

55 663 92 720 in
116 660 224 737 nobis,
248 678 315 719 non
337 657 555 742 negligendus
577 661 612 719 in
636 659 777 719 nostris:
800 660 991 737 tutamen,
1013 667 1216 722 utmortuo·

55 754 133 805 rum
154 760 299 823 corpora
327 740 408 800 nihil
430 743 557 802 sentire
586 742 657 803 rivi
679 741 870 803 sentiemus.
915 740 1082 805 Quantum
1104 751 1285 825 autenm

55 929 108 981 leii
135 929 346 980 correctionem
368 926 458 991 iulia,
487 945 572 998 quam
599 927 692 979 denuo
718 927 843 998 protulit
871 927 1012 980 Coerenn.
1039 927 1072 979 ad
1096 927 1156 982 Cic.
1180 928 1216 983 de

30 1014 32 1019 ’
55 1001 141 1052 Finn.
162 1000 200 1052 11.
224 1001 263 1054 li.
285 1001 320 1052 45
349 1016 376 1067 p.
400 1002 461 1054 190:
481 1000 587 1052 merito
606 1006 713 1061 autem,
732 1007 765 1049 ut
784 997 858 1050 mihi
878 998 996 1069 quidem
1013 998 1141 1064 videtur,
1161 999 1217 1052 im·

56 1070 188 1142 probavit
214 1069 396 1122 Bouhier-ius.
435 1071 502 1122 lure
527 1071 606 1123 enirn
634 1069 674 1120 im
696 1069 835 1121 rebantur
860 1070 999 1122 eiusmodi
1023 1071 1216 1137 coniecturae,

57 1159 139 1210 quae,
172 1158 346 1211 quamquam
371 1157 425 1210 per
449 1157 477 1192 se
496 1142 563 1192 satis
588 1088 759 1215 probabiles,
792 1141 922 1193 omnium
953 1150 1050 1194 tamen
1074 1141 1217 1196 librorum

56 1212 188 1274 lectioni,
216 1213 302 1281 eique
326 1212 401 1263 hnud
427 1212 570 1276 absurdae,
603 1212 799 1264 adversantur.
849 1213 904 1264 Pro
931 1211 1043 1281 colligit
1066 1212 1119 1264 Ed.
1143 1212 1214 1265 Ven.

56 1293 146 1335 nostr.
167 1283 275 1349 colligi.
313 1283 437 1335 Videtur
454 1283 522 1334 Dav.
543 1284 575 1334 in
592 1284 645 1335 Ed.
669 1287 692 1337 1.
713 1283 818 1354 legisse
837 1283 961 1351 collegit,
986 1284 1053 1354 quia
1072 1300 1136 1335 eum
1155 1282 1217 1335 lan·

57 1356 105 1406 dat
123 1354 212 1407 Bouh.
233 1353 310 1427 quod
337 1355 368 1405 in
387 1354 508 1406 secunda
532 1355 696 1407 restituerit
715 1353 838 1421 colligit.
877 1357 951 1407 bion.
974 1360 996 1410 l.
1025 1353 1110 1407 habet
1136 1353 1217 1408 colii·

57 1425 147 1493 gitur.
185 1425 227 1476 De
245 1425 409 1496 Chrysippo
429 1425 457 1477 in
477 1426 552 1478 omni
570 1424 694 1478 liriorta
713 1424 800 1488 (male
818 1425 887 1477 Dar.
908 1425 939 1476 in
958 1426 1009 1478 Ed.
1024 1429 1047 1480 l.
1067 1426 1215 1492 memoria)

57 1496 172 1548 curioso
190 1496 247 1548 vid.
269 1499 296 1548 P.
318 1497 441 1547 Victorii
461 1498 542 1548 Varr.
563 1499 655 1549 hectt.
676 1498 753 1551 Xlll.
776 1499 817 1551 13.
837 1514 865 1565 p.
880 1497 933 1551 ³25
944 1514 984 1566 sq.
1005 1495 1215 1567 Wyttenbach.

57 1568 92 1618 ad
111 1567 256 1618 Plutarch.
277 1568 314 1620 ll.
334 1585 363 1636 p.
384 1570 426 1620 tt.
448 1567 491 1620 ed.
512 1568 589 1637 Lips.
614 1569 665 1637 qui
684 1567 871 1619 Plutarchum
891 1584 1005 1638 quoque
1024 1584 1065 1632 es,
1091 1567 1217 1638 quaeda

56 1638 140 1690 luctu
159 1647 187 1690 et
206 1639 354 1708 sepultura
372 1639 477 1707 posuit,
503 1656 538 1690 ex
556 1638 714 1709 Chrysippi
742 1638 824 1690 libris
853 1639 1001 1708 sumpsisse
1027 1639 1215 1694 existimarit.

58 1741 91 1751 .-
111 1710 217 1761 Vocem
242 1709 319 1762 omni
344 1710 455 1761 omittit
475 1709 541 1761 Cod.
563 1710 646 1761 Vind.
669 1714 692 1764 1.
730 1709 891 1763 Historiam
916 1718 995 1762 recte
1022 1719 1120 1763 monet
1137 1710 1218 1764 nuh-

59 1796 146 1832 nerus
166 1797 223 1832 non
243 1798 302 1833 esse
319 1780 348 1831 h.
370 1781 389 1831 l.
410 1796 509 1831 rerum
534 1789 679 1855 gestarum
698 1781 914 1850 expositionem,
943 1780 991 1832 sed
1014 1797 1112 1834 rerum
1137 1782 1217 1835 inda·

57 1852 202 1926 gerionem
226 1861 254 1903 et
280 1851 521 1922 disquisitionem,
551 1860 583 1903 ut
610 1869 655 1904 res
677 1851 779 1903 ondeat
797 1852 907 1903 Graeco
925 1850 1063 1903 vocabulo
1089 1851 1215 1918 loeoplut

58 1931 91 1972 ut
110 1922 201 1972 simili
220 1923 363 1975 sententia
381 1923 498 1992 scripsit
517 1921 618 1974 Cicero
637 1869 675 1973 ai
685 1921 743 1973 Att.
761 1922 796 1973 ll.
812 1924 843 1975 8:
863 1921 891 1974 ai
910 1921 979 1991 quid
996 1921 1026 1976 in
1045 1937 1078 1975 eu
1097 1923 1217 1991 epitola

57 1992 115 2060 fuit
135 1989 259 2044 historio
278 1992 309 2057 (i.
331 2012 353 2044 e.
375 1992 553 2067 cognitione)
571 1993 695 2059 dignum.
734 1992 775 2044 De
799 2008 869 2044 vocs
894 1993 1000 2063 ἱστορία
1031 1993 1090 2046 rid.
1112 1994 1215 2048 Baehr.

57 2064 93 2115 ad
122 2063 256 2115 Herodot.
285 2065 308 2116 l.
331 2069 352 2120 Ι.
381 2081 443 2134 pre.
466 2081 500 2186 p
530 2067 555 2118 2.
577 2094 608 2105 -
658 2063 840 2116 Adiectivum
868 2063 996 2116 curiosus
1025 2064 1122 2118 eadem
1149 2081 1218 2117 con·

57 2136 218 2186 structione
237 2135 366 2187 adhibuit
387 2136 445 2187 Cic.
486 2133 681 2190 sortist.
704 2137 768 2191 125:
801 2134 971 2204 minimeque
988 2150 1048 2189 etse
1072 2136 1104 2189 in
1121 2136 1216 2192 alienu

57 2207 218 2274 republica
242 2207 391 2259 curiosum.
430 2206 490 2262 Me.

128 2278 179 2330 sed
196 2284 239 2329 stu
258 2285 352 2331 taetra
370 2285 435 2330 sunt
456 2277 604 2346 quaedum]
624 2276 676 2329 Ed.
693 2277 727 2327 H.
748 2277 798 2328 seri
815 2276 859 2327 ita
878 2277 1010 2342 quaedum
1030 2283 1124 2330 taetro
1143 2285 1215 2333 eunt.

57 2348 124 2402 Cod.
145 2351 218 2423 Aug.
239 2350 380 2417 quodum.
418 2349 497 2401 Unus
517 2348 566 2400 Ox.
586 2348 701 2415 sugitis
720 2347 793 2398 alius
812 2347 955 2408 formidet.
983 2347 1026 2399 Ad
1044 2350 1129 2401 verba
1149 2366 1217 2402 eon·

57 2420 163 2471 similis
176 2430 217 2472 est
235 2421 314 2472 locus
332 2421 366 2471 da
382 2418 435 2473 0ff.
453 2421 474 2471 l.
491 2421 542 2473 45:
564 2420 605 2472 Ea
617 2418 785 2471 Posidonius
803 2417 917 2484 collegit
934 2420 1084 2486 permulta,
1104 2421 1154 2474 sed
1172 2421 1217 2474 iia

57 2496 152 2543 taetra
171 2493 314 2558 quaedum,
333 2491 376 2542 itu
396 2492 520 2553 obscena,
541 2499 570 2543 ut
590 2491 667 2543 dictu
694 2506 800 2560 orisque
818 2489 966 2542 videantur
984 2490 1088 2557 turpia.
1112 2523 1141 2534 -
1181 2492 1216 2545 ln

57 2579 137 2631 seqq.
158 2581 230 2614 unus
250 2565 300 2616 Ox.
322 2565 395 2615 Mon.
419 2567 441 2617 1.
464 2565 488 2615 2.
509 2563 650 2615 omittunt
669 2558 723 2612 lic.
743 2560 839 2612 iluisb.
865 2559 950 2613 habet
974 2558 1020 2614 bic
1038 2561 1123 2615 locut.
1163 2559 1216 2617 lo·

58 2649 121 2686 cum
139 2634 293 2718 intelligit,
322 2634 402 2703 quasi
421 2634 497 2685 dicat
516 2642 613 2685 nostro
633 2648 726 2684 inore:
760 2640 853 2684 totum
871 2630 927 2684 hoc
946 2630 980 2684 de
1005 2633 1153 2703 sepultura
1170 2650 1217 2688 ca·

58 2714 119 2776 put.
158 2705 299 2775 Sequitur
319 2704 348 2754 in
369 2705 434 2759 Cod.
458 2704 543 2755 blsrb.
564 2702 775 2757 coiitemnendus
794 2710 848 2755 est:
869 2703 942 2755 Gud.
956 2707 979 2756 1.
999 2705 1213 2760 contemnendis.

57 2795 130 2827 unus
150 2778 199 2829 Ox.
221 2777 398 2845 negligendo.
420 2776 491 2828 Edd.
513 2794 581 2845 quas
600 2776 725 2828 contulit
744 2775 838 2827 Reish.
859 2775 929 2827 Ven.
954 2778 975 2829 Ι.
995 2776 1021 2829 2.
1044 2778 1114 2830 Med.
1136 2781 1160 2831 1.
1176 2779 1215 2845 2,

59 2848 188 2916 itemque
207 2851 276 2901 Ven.
298 2858 385 2900 nostr.
406 2848 623 2915 negligentibus.
662 2848 742 2900 Unus
760 2846 810 2898 Ox.
831 2845 943 2899 omittit
964 2852 1060 2900 tumen.
1101 2849 1160 2903 Mr.

129 2917 211 2972 Nihil
234 2920 339 2972 sentire
364 2920 425 2971 vivi
445 2918 615 2986 sentiemus]
651 2918 745 2994 Vulgo
764 2917 843 2970 deest
859 2932 916 2969 vox
934 2919 1105 2988 penultima.
1143 2919 1216 2973 Eam

58 2997 154 3043 tamen
174 2991 310 3044 exhibent
334 3007 431 3044 omnes
451 2991 537 3043 Mssti.
576 2991 611 3045 D.

127 3069 157 3115 ut
176 3069 348 3115 nrortuorum
367 3078 487 3132 corpora
511 3061 587 3115 niliil
604 3059 711 3115 sentire
735 3058 793 3112 riri
816 3056 984 3124 sentiemus]
1025 3059 1092 3114 Viri
1109 3060 1217 3115 hahent

57 3132 143 3185 Codd.
165 3151 261 3186 omnes
280 3134 370 3185 Cebb.
386 3137 455 3189 Oxx.
477 3135 577 3195 nostri,
597 3140 718 3203 excepto
736 3130 824 3184 Rehd.
846 3147 965 3200 eamque
983 3145 1085 3183 vocem
1105 3131 1216 3202 reperit

58 3205 145 3254 etiarn
172 3205 206 3253 A.
227 3203 361 3255 Schottus
386 3206 417 3256 in
436 3205 506 3256 suis:
535 3204 593 3256 vid.
623 3204 730 3256 Notior.
751 3202 882 3255 Ciceron.
909 3220 937 3272 p.
957 3203 1018 3256 387.
1039 3202 1111 3254 Eds.
1131 3204 1160 3254 P.
1181 3200 1214 3254 Α.

58 3273 86 3326 S.
107 3275 141 3325 E.
162 3275 233 3325 Ven.
254 3284 341 3326 nostr.
363 3276 397 3326 H.
419 3293 453 3327 ex
471 3275 632 3327 Reiskianis
650 3276 720 3327 Ven.
742 3279 765 3329 l.
786 3275 811 3327 2.
833 3273 902 3325 Met.
925 3276 949 3326 l.
975 3272 1104 3343 itemque
1124 3291 1167 3326 ma
1208 3311 1214 3324 .

57 3344 115 3397 MS.
136 3345 189 3397 Ed.
210 3355 299 3396 nostr.
320 3345 382 3397 Asc.
397 3347 422 3400 2.
445 3345 513 3397 Dav.
525 3345 670 3398 seweni.
690 3362 768 3416 seqq.
789 3351 960 3414 receperunt
973 3359 1073 3396 vocem
1093 3344 1183 3398 aGeh

58 3417 327 3551 biettinis
344 3415 1217 3563 lbtttslllzlbflsbfiziel,'titillat

59 3560 176 3613 addens:
197 3560 260 3612 uiui
279 3568 307 3612 et
326 3560 388 3612 inui
408 3587 439 3597 -
460 3560 490 3610 in
511 3559 587 3613 MSS.
615 3560 665 3610 rix
683 3568 803 3630 possunt
821 3558 976 3636 distingui:
1003 3559 1138 3613 ultimam
1155 3560 1218 3633 syl·

58 3631 149 3682 labam
170 3632 248 3696 (cem)
268 3650 303 3688 ne
325 3633 424 3690 lesere
442 3631 567 3697 librarii,
595 3632 738 3703 quianon
756 3630 906 3683 dissimilis
933 3640 996 3684 erat
1015 3648 1056 3697 ea,
1083 3649 1217 3705 quaese·
1300 3678 1303 3685 .

60 3701 207 3768 quebatur.
245 3651 416 3758 Bouhierius
435 3719 559 3772 quoque,
578 3720 645 3755 cum
663 3719 730 3756 mox
747 3720 846 3756 rursus
863 3702 981 3788 legatur
997 3703 1056 3756 rivi
1072 3704 1099 3771 (a
1117 3704 1217 3775 priore

59 3770 94 3822 ad
113 3775 255 3840 posterius
274 3775 418 3828 aberravit
437 3793 509 3826 unus
519 3775 569 3826 Ox.
590 3775 700 3828 omissis
718 3772 832 3838 mediis)
850 3772 984 3827 vitiosam
1003 3774 1135 3828 credebat
1155 3792 1219 3829 eam

58 3857 161 3892 rocem
186 3845 330 3915 scribique
353 3846 466 3898 volebat
488 3845 567 3914 prioi
595 3847 613 3898 i.
635 3864 658 3899 e.
680 3846 797 3922 sing-uli.
835 3844 1047 3898 infelicissime.
1084 3845 1219 3902 lleiskius

61 3913 200 3966 coniecit:
230 3916 289 3967 viri
316 3933 503 3981 censeamus,
528 3918 667 3971 videlieet
690 3933 726 3970 ne
752 3917 795 3968 bis
819 3917 917 3969 redeat
934 3915 1056 3968 rerlrum
1082 3916 1221 3972 sentiendi

59 3984 173 4036 diversa
192 3986 411 4060 significatione.
449 3989 551 4045 Addit:
572 3991 659 4055 „Non
677 3987 817 4042 redundat
834 3987 903 4053 cisi,
928 3986 976 4040 sed
995 3987 1158 4059 oppositum
1178 3997 1222 4044 est

59 4056 155 4107 verbis
175 4073 293 4126 corpora
312 4057 493 4114 mortuorunt.
532 4059 687 4130 Sequentia
705 4069 800 4112 autem
813 4059 915 4124 rerba,
933 4065 1064 4127 wantum
1082 4067 1171 4114 nutem
1187 4090 1219 4104 -

57 4127 211 4196 pertinere,
231 4131 369 4183 videntur
387 4133 464 4186 idem
483 4132 579 4186 dicere
604 4141 690 4203 atque
708 4129 918 4203 praecedentia,
945 4140 974 4183 et
997 4132 1088 4185 altera
1107 4131 1223 4187 Cicero·

59 4198 106 4249 nis
131 4201 287 4254 elaboratio
313 4202 440 4256 eiusdem
467 4204 626 4257 sententiae
652 4220 719 4257 esse.
758 4204 864 4255 Notam
890 4201 1047 4257 liturarum
1074 4202 1226 4256 Ciceronis

61 4269 93 4319 in
112 4269 173 4321 illis
192 4272 266 4324 mihi
285 4275 387 4327 videor
404 4275 537 4328 videre.“
568 4275 730 4329 Admodum
748 4273 871 4331 difficile
890 4282 931 4326 est
949 4274 993 4342 (ut
1012 4274 1047 4327 ad
1063 4270 1225 4345 posteriora

61 4342 259 4423 respondeam)
277 4346 352 4415 apud
371 4346 553 4414 Ciceronem,
578 4346 716 4401 ubertatis
736 4355 765 4398 et
784 4345 882 4416 copiae
901 4353 931 4399 et
947 4345 1100 4400 variandae
1119 4343 1226 4397 oratio·

61 4427 118 4493 ms,
143 4414 168 4465 si
187 4415 251 4485 quis
270 4416 352 4482 alius,
379 4419 630 4488 studiosissimum,
658 4418 818 4474 redundare
845 4416 944 4471 dicere
967 4417 1094 4491 eliquans
1112 4423 1227 4480 senten·

62 4487 150 4535 tumr
180 4500 247 4536 nam
264 4485 361 4550 facile,
380 4486 507 4544 eliorum
526 4507 641 4547 artures
656 4489 707 4546 rel
723 4488 918 4548 sautum
933 4486 1002 4542 dnm
1021 4500 1153 4543 ream
1170 4482 1226 4540 tihi

933 4593 1000 4658 η»
