2812 5064
511 259 686 372 emens,
713 299 764 366 ιι.
1155 296 1218 375 ses

62 477 190 532 statum
203 467 405 531 sacrificium
418 483 523 526 curru
535 464 614 526 vehi.
625 465 685 526 ius.
700 472 799 542 esset,
817 464 897 526 setis
910 464 1009 548 longe
1029 462 1071 525 ab
1093 461 1217 545 oppido

61 552 106 614 sd
127 554 255 628 fanum,
286 554 568 628 morarenturque
595 549 763 620 iumente3
792 554 873 609 tunc
901 549 1040 610 iuvenes
1061 547 1099 623 ii,
1134 565 1217 628 quos

62 633 164 696 modo
186 633 368 709 nominavi,
390 638 484 692 veste
506 630 623 711 posite,
645 649 790 711 corpora
811 630 886 691 oleo
907 638 1146 711 perunxerunt,
1176 625 1218 689 ed

60 719 180 804 iugum
208 722 428 776 accesserunt
472 712 521 773 Ita
549 710 704 775 sacerdos
734 710 872 773 advecta
904 716 939 773 in
962 715 1085 789 sanum,
1117 731 1218 794 quunr

61 819 184 863 currus
207 806 293 860 esset
314 795 433 857 ductus
455 796 584 872 e-filiis,
616 802 751 875 precata
778 814 798 855 a
820 793 881 855 dea
913 793 1050 872 dicitur,
1084 802 1122 855 ut
1154 795 1218 855 illis

132 986 196 1021 cum
213 969 295 1020 ittam
315 998 347 1009 -κ
365 981 452 1018 curru
471 963 532 1018 celsi
550 962 696 1029 incesset]
716 964 786 1018 Cod.
806 966 880 1041 Aug.
901 963 959 1018 itte.
988 965 1109 1020 Rathius
1128 968 1219 1023 corri-

62 1040 147 1119 gebat
164 1041 217 1092 tua
237 1065 269 1077 -
288 1038 367 1090 iusso
387 1042 467 1088 esset.
506 1036 591 1119 Quasi
615 1052 685 1088 vero
704 1037 835 1090 sacerdos
851 1036 887 1090 sd
905 1036 1039 1091 sollenne
1064 1047 1093 1091 et
1112 1048 1218 1096 statum

63 1111 252 1174 sacrificium,
272 1109 347 1178 quod
365 1114 446 1160 certo
466 1107 576 1158 redibat
595 1112 736 1176 ternpore,
761 1124 817 1160 non
838 1108 910 1179 ipsa,
934 1110 999 1162 sine
1024 1110 1113 1175 iussu,
1138 1131 1221 1168 scoe-

62 1183 190 1236 dsndum
213 1180 269 1234 sibi
297 1196 357 1233 esse
383 1178 531 1230 scivisset!
571 1175 650 1241 Quod
675 1195 745 1231 vere
763 1178 970 1232 animadvertit
989 1181 1108 1247 Censor,
1133 1202 1220 1252 quem
1295 1174 1303 1191 ’

62 1254 203 1315 diximus,
234 1251 381 1304 Jensnsis.
411 1246 622 1313 Offendebetnr,
651 1251 764 1318 opinor,
801 1250 924 1303 Rsthius
954 1249 1102 1306 locutione
1132 1270 1219 1309 curru

63 1324 128 1377 veti
146 1325 191 1375 ius
209 1328 292 1385 esset,
312 1321 381 1389 quis
398 1320 524 1371 nesciret
543 1318 626 1370 illum
645 1318 821 1374 locutionem
839 1330 868 1374 et
887 1321 1021 1375 Latinum
1047 1331 1076 1375 et
1102 1323 1220 1379 Cicero·

63 1397 179 1447 niauem
207 1409 281 1446 esse:
309 1398 354 1443 est
375 1405 447 1442 vero
475 1392 652 1442 constructio
677 1391 773 1442 eadem
791 1390 834 1451 ,sd
853 1391 911 1444 Ait.
931 1391 982 1444 lx,
1002 1396 1027 1448 9.
1056 1403 1122 1460 post
1140 1396 1218 1451 med.

64 1465 138 1518 Cum
165 1463 319 1516 infinitivo
350 1461 448 1512 Activi
479 1461 646 1530 saepissimo
678 1460 798 1536 legitur.
844 1461 982 1515 Ceterum
1015 1464 1154 1516 scribitur
1187 1471 1220 1520 in

63 1534 325 1661 ῗέἔῗινιίῗέᾒ.
341 1530 1221 1660 ttfit’ttstJJstttsttt‘tstztt·“stitit-„titt

63 1694 143 1747 seqq.
164 1692 231 1727 cum
249 1674 322 1748 Aug.
344 1671 452 1725 duobus
471 1674 540 1725 Oxx.
559 1671 631 1724 Edd.
651 1673 720 1727 Ven.
749 1674 843 1727 Alteri
863 1681 892 1728 et
910 1681 1021 1739 nostre,
1040 1690 1077 1727 ex
1095 1670 1221 1731 ridicule

62 1748 255 1808 correctione,
274 1749 526 1812 morerentnrqoe.
554 1742 588 1794 ln
608 1741 676 1796 Cod.
695 1742 789 1798 neue
805 1745 904 1798 sedule
922 1746 1101 1799 correctoris
1119 1751 1235 1801 nunus<

62 1825 129 1891 post
147 1822 221 1869 estet
239 1813 350 1866 eddidit
368 1821 502 1882 essetque.
530 1813 590 1866 Mr.

136 1895 203 1940 tunc
228 1885 341 1937 invem
368 1885 415 1950 s's‘‚]
455 1884 542 1937 Codd.
571 1884 645 1938 Gud.
664 1886 737 1962 Aug.
765 1884 839 1940 Gud.
862 1892 885 1941 1.
906 1889 931 1942 2
956 1886 1041 1939 Vind.
1061 1892 1086 1944 1.
1110 1889 1163 1942 Ed.
1184 1889 1221 1947 H,

64 1968 133 2013 m.
163 1956 236 2011 Gud.
258 1961 282 2011 Ι.
302 1959 327 2010 2.
354 1955 472 2008 iuvenis.
511 1958 565 2007 Pro
592 1956 618 2008 is'
644 1957 745 2026 plures
772 1955 803 2010 ti
819 1965 849 2010 et
867 1955 920 2021 tii,
946 1975 1020 2011 uuus
1038 1961 1112 2011 ltton.
1134 1966 1158 2015 1.
1179 1961 1220 2014 in.

62 2031 140 2083 Tum
165 2029 207 2081 Au
231 2068 237 2081 .
262 2026 405 2079 nominavi
427 2026 517 2077 modo.
547 2027 630 2078 vind.
651 2031 678 2082 2.
706 2029 764 2079 oleo
789 2043 915 2093 corporo.
953 2028 1035 2079 Unus
1055 2030 1105 2082 Ox.
1133 2030 1221 2084 habet

62 2114 186 2169 corporo
229 2114 265 2150 eo
281 2103 512 2165 peruenerunt:
546 2098 654 2148 mirum
673 2099 705 2150 ui
724 2098 865 2172 cogitavit
881 2099 931 2149 deo
947 2099 1136 2167 permiserunt
1156 2115 1222 2155 cor·

65 2180 200 2226 rectore
275 2169 330 2220 ius.
368 2167 503 2219 Ceterum
522 2183 557 2220 ex
582 2166 640 2219 hoo
658 2167 807 2221 Ciceronis
826 2169 891 2220 loco
915 2169 1090 2222 medicinam
1115 2168 1222 2225 efferre

64 2241 162 2296 voluit
180 2186 258 2293 feo
279 2247 327 2292 oto
345 2237 527 2301 Bouhier-ius,
550 2237 570 2291 l.
586 2253 610 2289 c.
632 2241 782 2314 corrigens
803 2239 878 2292 sive:
898 2235 1077 2307 ἰξαὶιζόμινοι
1096 2240 1220 2306 [ἁλίζειν

62 2314 238 2382 άὶιιφιοθιι.
259 2307 397 2377 Hesych]
426 2309 489 2360 sive
514 2306 726 2374 ἐξιλαιούμειυι,
753 2328 775 2363 s.
796 2306 1008 2381 itotptapntros.
1046 2310 1103 2365 Sed
1120 2326 1221 2365 earum

62 2382 301 2441 emendationum
324 2379 465 2431 Herodoti
490 2378 614 2433 editores
647 2381 792 2434 rationem
821 2379 981 2434 habendum
1013 2398 1072 2434 non
1102 2400 1221 2438 censue-

63 2463 143 2508 rut.
180 2454 240 2505 Mr.

133 2524 285 2590 adingem
304 2519 488 2586 accesserunt]
507 2519 588 2571 Unus
609 2520 677 2575 Cod.
697 2521 781 2573 Vind.
803 2525 828 2576 Ι.
847 2528 913 2575 ante
933 2523 971 2575 ad
987 2523 1068 2576 addit
1086 2530 1125 2590 et,
1143 2524 1221 2595 qued

62 2603 214 2667 receptum
231 2593 348 2647 volebat
365 2590 497 2654 Rethius,
516 2607 553 2642 ex
571 2591 653 2644 codd.
673 2599 706 2643 ut
723 2593 779 2647 sits
799 2609 971 2661 quemquem
991 2611 1028 2647 ue
1046 2608 1137 2646 unum
1156 2597 1221 2664 qui·

62 2666 131 2720 dem
149 2666 281 2718 codicem
300 2664 436 2732 inspexit.
474 2663 530 2713 Pro
548 2663 587 2745 od
606 2670 648 2715 est
665 2678 700 2714 oe
717 2663 751 2714 iu
768 2662 841 2714 Edd.
862 2663 895 2715 Α.
916 2662 945 2713 Β.
968 2663 997 2716 8.
1016 2663 1050 2717 Ε.
1078 2665 1151 2718 Eum
1170 2681 1222 2718 vo·

63 2732 529 2859 tuttttttttttttt
543 2733 1222 2871 tiz-'sgittistt¹2¹2¹ttt¹ttttttttt

65 2879 146 2932 tione
163 2878 195 2930 iu
213 2875 269 2927 hro
287 2893 319 2929 re
337 2874 455 2944 proprio
474 2882 584 2926 utetur.
610 2872 665 2927 Sed
684 2873 762 2927 nihil
779 2891 813 2927 es
832 2873 1066 2929 emendationeo
1089 2895 1128 2930 us.
1156 2879 1219 2931 Mr.

135 2948 183 3000 lto
200 2947 334 2999 sacerdos
351 2945 466 2997 adnecto
486 2945 517 2996 ιἰι
535 2946 657 3012 sonum]
677 2945 745 2998 cod.
765 2945 850 2997 vind.
870 2948 896 3000 2.
916 2945 986 2997 Ista.
1007 2894 1094 2999 Mart.
1114 2949 1220 3016 ltaque.

63 3017 128 3072 Duo
147 3018 217 3072 Oxx.
238 3018 377 3069 edduera:
408 3016 456 3069 sed
478 3024 559 3069 recte
584 3034 615 3069 se
640 3016 726 3069 habet
745 3016 878 3092 vulgata:
904 3017 1026 3088 respicit
1052 3018 1087 3070 sd
1105 3028 1222 3072 antece·

64 3089 151 3144 densi
172 3104 264 3140 curru
282 3086 353 3151 celsi,
373 3094 403 3139 et
421 3088 518 3138 statim
532 3088 670 3156 ¹sequitur
688 3087 796 3139 dectus.
824 3086 856 3140 Si
873 3085 959 3154 plene
977 3087 1133 3163 distinguis
1153 3104 1220 3142 cum

65 3158 198 3214 Bentlsic
217 3165 246 3212 et
256 3158 374 3211 Divisio
392 3165 459 3226 post
477 3159 581 3222 sonum,
600 3156 678 3211 haud
694 3157 818 3212 absurde
836 3157 895 3211 erit
906 3156 1017 3212 Reiskii
1036 3161 1220 3215 coniectura:

67 3232 141 3286 Quo
160 3245 240 3300 quum
259 3246 360 3282 merrus
380 3233 451 3280 esset
473 3228 663 3297 perductus
687 3244 705 3280 a
729 3228 815 3292 filiis:
843 3226 894 3280 sed
918 3230 1086 3284 coniectura
1113 3239 1219 3285 temen.

66 3301 161 3356 urbe
179 3299 245 3353 cot.
266 3300 338 3354 Gud.
360 3302 385 3354 2
414 3314 476 3350 cnm
493 3299 585 3352 enim
603 3315 720 3353 currus.-
743 3315 817 3351 unus
836 3296 886 3350 Ox.
916 3307 946 3352 et
964 3300 1048 3369 Viud.
1073 3307 1094 3354 Ι.
1122 3301 1222 3354 addu-

65 3378 136 3437 ems,
164 3372 234 3446 Aug.
254 3373 267 3424 ι’
274 3373 406 3424 eductus.
444 3371 504 3422 Mr.
1212 3387 1217 3395 ·

138 3442 207 3495 om
230 3457 334 3494 curres
356 3444 428 3493 esset
454 3440 568 3503 ductim
591 3456 624 3492 ec
648 3440 717 3506 filiis
740 3440 866 3507 precato]
902 3439 1007 3515 Vulgo,
1036 3457 1098 3495 cum
1120 3458 1222 3498 corrue

64 3518 140 3566 met
156 3514 256 3566 duom
273 3529 288 3565 s
306 3513 392 3578 filim
410 3517 526 3577 precata
546 3519 600 3564 etc.
637 3511 879 3564 Emendatiouem
898 3511 1029 3565 dedimus
1047 3524 1122 3583 quse
1139 3514 1222 3570 ⁸00·

64 3584 284 3654 dicibus‘qnam
302 3584 423 3635 minime
443 3583 558 3635 recedit.
597 3581 632 3634 D.

68 3683 74 3694 ·
136 3656 237 3708 ductus
262 3671 280 3707 u
302 3654 385 3718 filiis]
422 3653 488 3706 Non
512 3670 597 3722 quam
621 3652 743 3705 minime
772 3670 790 3705 a
817 3651 905 3704 codd.
936 3652 1129 3708 recedendum
1152 3655 1221 3719 fuit.

64 3722 145 3797 quod
163 3744 194 3779 se
212 3727 317 3778 fecisse
335 3726 376 3777 nit
394 3721 476 3787 Dav„
504 3723 554 3777 sed
577 3741 614 3776 ue
632 3724 788 3776 minimum
815 3721 942 3793 quidem,
968 3741 1058 3792 quum
1076 3726 1222 3779 librorum

65 3797 157 3850 lectio
175 3796 262 3866 pinne
287 3796 325 3848 sit
350 3813 424 3847 sana.
463 3796 563 3871 Pergit
581 3812 655 3846 unus
673 3796 724 3847 01.
742 3801 856 3860 precata
879 3795 919 3846 ab
946 3796 1001 3847 eie
1019 3811 1038 3846 o
1056 3796 1108 3849 dea
1134 3796 1223 3860 (ferri
1322 3852 1326 3860 ,

64 3875 175 3937 possete
201 3874 317 3934 precata
341 3866 394 3917 iis
421 3881 440 3916 a
463 3867 525 3930 dea)
551 3866 637 3920 Marb.
662 3873 780 3933 precato
807 3865 989 3918 sententio
1018 3882 1036 3916 a
1059 3868 1119 3920 dra.
1145 3867 1221 3923 Gud.

63 3945 185 4006 precata
210 3941 254 3992 ab
279 3939 329 3990 eis
354 3936 472 4000 dieitur,
500 3938 610 3989 omissis
635 3936 730 3988 verbis
753 3953 771 3987 a
798 3937 859 4007 dep.
898 3935 979 3987 Unus
998 3936 1048 3991 01.
1076 3946 1105 3990 et
1131 3936 1221 3995 nent.

63 4011 179 4062 omittit
202 4023 229 4060 o.
267 4009 411 4062 scribitur
434 4015 553 4073 precata
581 4008 679 4059 deam
703 4009 734 4059 iu
754 4007 821 4059 Cod.
841 4008 914 4081 Aug.
938 4005 1012 4058 Edd.
1041 4008 1106 4062 Asc.
1127 4014 1154 4064 2.
1183 4007 1221 4062 Η.

63 4079 148 4132 Juut.
168 4088 198 4133 et
215 4088 272 4133 vet.
292 4079 382 4130 Bouh.
403 4079 481 4131 Cam.
504 4078 534 4130 0.
555 4079 653 4131 Herw,
673 4079 760 4131 etita
779 4078 889 4152 corrigi
907 4077 1022 4130 volebat
1038 4077 1222 4145 Bouhierius,

62 4159 185 4222 praeter
203 4153 415 4207 necessitatem.
436 4150 517 4205 vind.
539 4153 564 4203 ².
584 4148 669 4202 habet
688 4165 707 4200 a
725 4150 784 4212 deo,
804 4166 882 4200 uuus
896 4148 946 4202 Ox.
968 4149 1007 4202 od
1028 4165 1070 4202 ea.
1097 4150 1174 4205 Gud.
1194 4153 1221 4206 2.

63 4221 185 4274 ducitur
202 4238 257 4292 pro
275 4222 397 4274 dicitur:
417 4222 499 4274 mele.
538 4222 598 4273 Mr.

139 4292 218 4345 une
234 4294 368 4361 moeniti]
388 4292 482 4368 Vulgo
501 4293 563 4344 iltis
580 4290 746 4359 proemium.
772 4287 828 4344 Sed
845 4306 912 4342 cum
931 4291 962 4343 in
981 4290 1053 4366 Reg.
1074 4289 1222 4345 Pithoeeu.

63 4363 126 4415 Pel.
155 4365 249 4433 quint.
277 4371 305 4417 et
324 4365 392 4416 Bak.
423 4366 461 4417 sit
485 4364 621 4430 proemii;
644 4379 678 4416 ec
694 4361 806 4418 Elisus.
831 4377 887 4416 sec.
913 4361 987 4415 cuae
1004 4367 1223 4433 repmesentsts

64 4432 142 4489 illud
156 4433 281 4504 praemis·
297 4432 437 4490 dedimus.
476 4435 513 4489 D.

931 4539 997 4602 25*
