2812 5064
194 261 237 329 72
348 334 350 338 ,
392 256 625 325 CICERONIS
645 256 894 324 Tuscum.
917 254 1148 322 DISPU'I'AT.

196 446 319 509 corpus
340 426 477 512 negavit
497 444 579 501 esse,
610 441 730 487 verum
751 443 928 488 numerum
943 415 1037 485 'dixit
1055 443 1140 500 asae,
1166 422 1264 486 euius
1283 423 1351 500 vis,

195 516 236 573 ut
254 511 322 572 iam
342 518 420 570 aute
436 507 646 592 Pythagorae
667 508 778 570 visum
798 514 883 585 erat,
904 509 940 568 in
960 515 1083 569 natura
1095 505 1238 567 maxima
1251 513 1349 568 esset·

195 777 247 824 aa
265 699 588 832 ttbtzttbt‘t
600 691 796 840 ”illiti
814 692 1157 835 altbltttbit’t:
1170 710 1351 819 sittim

195 855 340 895 namra
357 837 435 890 dixit
453 851 522 889 ease.
545 854 613 890 nam
630 836 718 889 uttam
736 836 917 911 negligentia
942 835 1169 891 describentium
1194 836 1301 907 opinor
1318 836 1352 888 in

194 927 289 964 oerum
307 925 366 962 ease
383 924 561 962 conversam.
598 908 758 973 Praeterea,
783 923 840 959 cnr
861 923 953 961 orrum
970 922 1111 960 anaema·
1128 907 1223 960 dicat?
1247 906 1353 961 hinne

195 998 259 1036 πνοι
275 979 394 1050 quidem
421 979 489 1031 satis
512 987 562 1033 est.
600 978 641 1030 Et
663 978 694 1029 in
719 978 856 1031 Lucullo:
885 976 983 1042 (Aead.
1003 978 1041 1032 ll
1059 981 1104 1034 ³9.
1126 978 1197 1043 lat.)
1232 979 1292 1043 Aa,
1317 984 1353 1031 eal

194 1052 380 1115 Xenocrates,
398 1050 562 1103 neu-nullo
576 1048 745 1119 amparem
762 1049 792 1100 Ρ.
811 1049 974 1102 Manutius.
1009 1051 1074 1102 Post
1092 1063 1155 1102 me
1170 1048 1288 1103 additur
1304 1049 1353 1102 ts!-

194 1123 253 1177 lam
272 1124 303 1174 in
322 1120 407 1175 Ccdd.
427 1121 511 1173 vind
532 1126 556 1177 1.
576 1120 649 1195 Aug.
669 1119 741 1172 Edd.
761 1119 796 1171 ll.
816 1120 850 1172 Α.
869 1120 900 1172 Β.
920 1119 949 1172 8.
968 1120 1002 1172 Ε.
1044 1120 1115 1171 Ven
1138 1120 1203 1172 Aac.
1224 1124 1249 1175 1.
1278 1122 1352 1173 Ven.

195 1193 293 1247 Alteri
311 1201 341 1246 et
359 1209 404 1244 ma
442 1190 533 1244 .Asc.
554 1199 667 1243 nostrae
684 1192 710 1245 2.
748 1191 782 1243 ln
800 1190 884 1243 Vind.
904 1192 930 1245 2.
958 1198 1001 1243 est
1018 1189 1120 1243 illum
1137 1206 1233 1243 oerum
1259 1190 1353 1245 etsie

196 1265 286 1318 etiam
304 1262 336 1315 in
353 1263 415 1316 lleb
435 1300 442 1313 .
463 1270 493 1315 et
511 1261 585 1315 Gud.
610 1261 646 1314 ln
663 1263 737 1315 lion.
750 1267 774 1317 1.
793 1261 936 1333 scriptum
954 1269 996 1315 est
1015 1261 1130 1326 negauit
1148 1261 1257 1314 ellan
1274 1276 1352 1315 atara

196 1336 230 1387 in
247 1333 402 1409 cod.1teg.
422 1333 628 1408 distinguimr:
657 1332 774 1401 negauit
797 1348 857 1384 erae
880 1347 987 1397 cmm,
1014 1348 1159 1386 nummos
1185 1331 1267 1387 duit,
1280 1347 1351 1385 eoae.

196 1407 232 1460 ln
249 1405 303 1459 lid.
323 1403 353 1458 S.
373 1413 415 1458 est
439 1402 514 1456 dizit
536 1402 643 1456 illum
666 1418 745 1460 ecee.¹
772 1401 819 1457 Ad
835 1420 900 1457 rem
918 1403 958 1456 cf.
979 1403 1120 1469 (becrens.
1148 1404 1183 1458 ad
1199 1403 1306 1457 Acadd.
1325 1404 1351 1457 1.

198 1479 353 1546 11,39.p.
372 1479 417 1533 bl·
453 1475 516 1530 Mr.
1156 1488 1162 1497 “

267 1565 305 1618 Et
323 1562 405 1634 qnasi
421 1576 523 1631 eorpus
539 1560 656 1630 negavit
673 1578 745 1629 ease,
762 1579 866 1616 verum
884 1578 1023 1618 munerun
1041 1561 1119 1618 dixit
1136 1561 1207 1630 ecee]
1236 1562 1351 1639 sigonii

196 1635 274 1690 liber
288 1634 528 1706 repraesentabat,
547 1649 650 1702 comta
666 1634 782 1701 negavit
799 1637 979 1700 oracullum,
996 1642 1100 1688 rernm
1118 1650 1257 1688 numm
1274 1633 1352 1687 dizit

110 1758 113 1762 .
198 1716 268 1773 etat.
307 1705 356 1761 sic
380 1705 468 1760 etiam
491 1704 563 1757 Med.
589 1714 618 1758 et
639 1704 750 1758 Eliens.
777 1723 833 1758 sec.
879 1724 913 1760 m
938 1704 1019 1758 varia
1047 1705 1182 1771 lectione,
1211 1720 1267 1759 nec
1290 1705 1350 1758 abit

196 1778 266 1831 Bak.
290 1776 348 1829 nisi
371 1775 449 1846 quod
471 1774 559 1840 illam,
586 1788 644 1829 non
665 1724 928 1841 tlm'exhiieat.
967 1777 1043 1828 Hinc
1064 1776 1178 1830 Paullus
1201 1776 1350 1829 blaniaciua

197 1848 324 1920 reponit,
342 1861 443 1915 corpas
460 1845 577 1914 negauit
596 1861 656 1899 erae
673 1845 779 1912 ullum,
796 1864 941 1901 mmm
958 1847 1033 1901 dizit
1057 1862 1127 1914 esee,
1152 1848 1256 1901 vocula
1272 1858 1350 1900 'con-

196 1924 244 1972 tra
270 1919 357 1971 fldem
383 1917 521 1971 Codicum
548 1916 651 1971 deleta.
692 1919 761 1993 lleg.
788 1919 939 1995 vulgatam
959 1918 1115 1972 lectionem
1138 1920 1246 1983 llnnat,
1275 1934 1349 1987 qnae

197 1990 273 2042 mibi
291 1988 409 2042 videtur
425 1987 585 2042 retinenda.
622 1988 696 2042 Cum
718 2004 786 2042 vero
810 1991 984 2043 Xenocrates
1007 1990 1136 2041 anisnum
1159 2004 1301 2042 metm
1318 2004 1351 2043 ee

197 2067 359 2122 movenlem,
377 2057 499 2129 ἀριθμὸν
516 2057 615 2113 tamor
631 2059 760 2112 κινοῦντα
777 2059 897 2126 dixerit,
916 2060 961 2113 uti
979 2067 1122 2113 testantur
1139 2059 1300 2114 Macrobius
1318 2061 1352 2112 in

199 2131 295 2186 Somn.
316 2130 392 2200 scip.
411 2131 462 2182 lib.
481 2130 505 2181 1.
533 2145 594 2199 cap.
617 2134 658 2185 14.
695 2130 892 2185 Theodoretus
918 2130 1007 2184 Ther.
1026 2133 1059 2182 V.
1078 2148 1143 2206 pag.
1164 2134 1206 2186 tt.
1243 2132 1354 2185 Neme-

198 2202 256 2256 aiua
273 2202 311 2254 Ν.
321 2202 357 2253 Η.
435 2201 495 2254 ,78
516 2197 566 2264 [cf.
585 2200 690 2253 Plotin-
709 2219 737 2272 p.
748 2204 810 2256 304.
829 2201 864 2254 A.
884 2202 924 2255 ibi
948 2241 955 2252 .
975 2210 1070 2255 annot.
1090 2211 1179 2255 nostr.
1200 2210 1231 2256 et
1246 2219 1276 2274 p.
1287 2205 1351 2258 486.

197 2273 229 2326 Β.
250 2273 378 2327 cmm.
412 2279 441 2326 et
458 2277 559 2323 auettu
575 2271 736 2324 celebrium
753 2272 788 2325 de
806 2272 904 2325 Anim.
924 2221 1008 2343 goin.
1029 2289 1045 2325 a
1063 2273 1139 2326 loan.
1158 2272 1269 2326 Tariuo
1292 2273 1355 2326 adi-

196 2352 243 2397 tus
261 2361 326 2421 pag.
345 2344 407 2399 682.
427 2341 503 2412 qnod
520 2341 608 2394 etiam
624 2349 722 2395 noster
739 2342 796 2395 boc
815 2344 847 2395 in
862 2345 927 2396 loco
945 2344 1110 2408 conlinnat3
1128 2344 1239 2396 ruinam
1255 2342 1355 2399 videri

197 2424 301 2486 posset,
320 2429 374 2466 cur
389 2412 476 2466 Acad,
496 2412 533 2466 11.
552 2415 596 2468 ³9.
616 2429 670 2496 pro
687 2414 856 2467 Xenocratis
874 2415 1016 2467 sententie
1033 2415 1164 2466 animum
1180 2431 1243 2468 ease
1261 2429 1356 2469 nett-

198 2490 262 2539 ten
278 2484 356 2539 nullo
374 2499 493 2552 comere
509 2491 652 2536 statuent.
690 2482 746 2536 Sed
763 2483 835 2538 baec
854 2502 887 2541 re
911 2486 1096 2550 conveniunt,
1118 2485 1215 2538 verbis
1237 2494 1356 2539 tantm

198 2556 371 2627 discrepant.
409 2554 579 2608 Plutarchus
597 2554 672 2607 Plac.
692 2554 766 2607 Phil
787 2555 842 2607 lib.
862 2557 911 2608 lv.
936 2573 997 2627 cap.
1019 2559 1044 2612 2.
1081 2558 1246 2625 Πυθαγόρας
1268 2554 1356 2623 (ὄπι-

199 2632 363 2698 φήναιοτήν
379 2630 512 2698 ψυχὴν),
532 2623 656 2693 ἀριθμὸν
685 2622 784 2679 ἑαυτὸν
814 2633 952 2680 κινοῦντα·
984 2625 1067 2678 wll
1090 2628 1145 2677 Aa*
1168 2628 1359 2682 ’amaron

195 2696 300 2751 ’Am
320 2699 396 2750 ΊὉΥ
430 2699 506 2751 Nor
538 2699 754 2766 παραλαμβάνει.
800 2697 972 2769 Exscriptor
1000 2698 1060 2751 eius
1092 2698 1226 2752 Stobaeus
1248 2700 1354 2774 Eulog.

199 2770 284 2839 Phys.
303 2768 355 2820 lib.
375 2769 398 2821 1.
417 2784 481 2843 pag.
501 2770 544 2822 9³.
582 2768 751 2834 Πυθαγόρας
768 2769 892 2820 animam
911 2768 987 2820 dixit
1009 2766 1131 2838 ἀριθμὸν
1159 2766 1246 2838 αὐτὴν
1267 2768 1354 2845 (larg.

199 2839 295 2903 αὑτὸν)
316 2844 449 2901 κινοῦντα,
478 2839 563 2890 ΤΟἬ
579 2839 636 2889 ΔΕ
652 2835 838 2893 ’artemon
857 2838 956 2889 ‘Attrr
979 2842 1068 2893 mr·
1093 2843 1183 2892 Nor·
1205 2844 1355 2908 καρολαμ·

198 2914 290 2978 βάνει·
317 2913 420 2976 ὁμοίως
443 2908 474 2962 δὲ
502 2913 546 2961 καὶ
568 2906 737 2978 Ξεναγόρας.
774 2912 843 2994 Leg.
872 2909 1047 2978 Ξενοκράτης.
1091 2911 1163 2965 Vide
1192 2921 1222 2965 et
1249 2911 1301 2964 lib.
1329 2913 1353 2966 1.

200 2980 284 3034 Acad.
305 2998 366 3051 cap.
388 2985 429 3035 11.
466 2980 577 3032 Eorum
594 2980 764 3045 doctrinam,
784 2999 835 3050 qut
854 2983 983 3033 animum
1001 2999 1060 3035 esse
1079 2983 1257 3036 contendunt
1274 2980 1355 3053 ἀριθ-

199 3053 256 3120 μὸν
274 3048 372 3105 ἑαυτὸν
389 3054 528 3116 κινοῦντα,
554 3051 668 3103 refellit
686 3051 858 3105 Aristoteles
876 3053 927 3105 lib.
947 3054 970 3104 l.
997 3052 1031 3105 de
1048 3052 1145 3105 Anim.
1168 3070 1230 3125 cap.
1250 3056 1277 3110 4.
1315 3055 1352 3107 D.

271 3156 367 3193 oerum
392 3154 534 3192 nnmerum
557 3138 634 3192 dizit
660 3139 731 3205 este]
768 3140 860 3193 Locus
886 3142 1017 3194 Nemesii
1049 3141 1084 3194 de
1115 3142 1226 3195 Natura
1243 3142 1353 3209 Rom,

202 3229 288 3281 quem
313 3211 410 3263 laudat
433 3210 573 3275 Davisius,
599 3219 640 3263 est
667 3209 699 3261 in
723 3210 776 3263 Ed.
804 3212 941 3265 Matthaei
966 3230 994 3283 p.
1017 3215 1082 3277 1⁰2,
1115 3213 1146 3264 in
1173 3212 1226 3265 Ed.
1257 3214 1354 3284 princ.

202 3283 309 3346 (Antw.
332 3284 408 3337 1565.
429 3280 468 3346 8.)
492 3299 519 3351 p.
538 3282 583 3336 44.
608 3279 810 3333 Lalletnannus
832 3283 867 3334 ad
889 3282 919 3334 h.
939 3283 976 3335 lt
1013 3283 1180 3348 „Bentleins
1206 3285 1316 3355 partim
1338 3301 1354 3339 e

200 3352 279 3406 MSS.
298 3354 406 3423 partim
425 3367 460 3404 ex
478 3350 645 3404 coniectura
662 3351 790 3426 legebat:
811 3352 893 3420 quati
906 3369 1007 3424 corpus
1025 3355 1137 3423 aegoar't
1150 3369 1210 3407 esec
1226 3355 1354 3408 ullam:

201 3439 326 3476 merum
344 3438 481 3476 numerum
500 3449 543 3488 -,
570 3431 599 3474 et
625 3424 704 3475 lavet
727 3441 799 3474 unus
825 3440 891 3476 ere
915 3424 949 3475 'is
968 3424 1045 3478 MSS.
1077 3426 1107 3478 in
1127 3442 1183 3496 quo
1200 3424 1354 3479 scribitur:

201 3494 315 3561 negauit
335 3510 396 3546 erae
414 3492 521 3556 illud,
539 3507 620 3546 vero
638 3492 805 3545 numerum.“
832 3494 887 3548 Ore
915 3496 957 3547 'us
976 3505 1074 3548 contra
1092 3496 1255 3563 Bentleium
1273 3505 1356 3551 recte

201 3574 309 3629 monet,
337 3582 395 3618 non
418 3563 505 3616 facile
530 3580 629 3616 carere
655 3579 735 3634 posse
763 3563 840 3617 hunc
873 3566 970 3619 locum
1019 3569 1141 3619 articula
1167 3567 1356 3622 adversativa.

201 3636 347 3689 Scribitur
371 3635 484 3686 inverso
504 3633 603 3686 ordine
631 3650 691 3686 me
718 3634 793 3687 dixit
812 3636 844 3687 in
866 3636 950 3689 Codd.
979 3638 1063 3689 vind.
1085 3644 1108 3693 l.
1133 3640 1208 3691 Mon.
1228 3639 1254 3692 2.
1292 3640 1359 3692 Post

202 3707 281 3758 cuiue
299 3706 343 3758 uit
360 3705 413 3757 Ed.
434 3704 517 3756 Fabi.
537 3704 636 3778 pergit
654 3703 755 3758 etium
772 3712 876 3758 anteo.
914 3708 968 3760 Pro
987 3707 1068 3761 cuiue
1085 3709 1131 3762 ot't
1149 3709 1215 3762 cod.
1233 3708 1308 3762 Gud.
1327 3711 1357 3765 2

201 3777 288 3829 habet
312 3792 373 3828 cum
398 3775 469 3840 auia,
500 3791 571 3844 qnae
594 3774 714 3846 scriptio
742 3793 775 3829 eo
799 3785 930 3848 tempora
958 3789 1022 3832 orta
1045 3789 1097 3846 est,
1115 3779 1187 3851 {quo
1212 3780 1316 3835 literae
1345 3779 1360 3835 ὅ

203 3856 344 3918 punctum
363 3862 420 3898 non
440 3845 655 3897 inscriberetur.
692 3845 752 3898 Mr.

275 3935 337 3987 lam
355 3933 432 3999 uate]
469 3932 517 3986 Sic
535 3933 605 4006 Reg.
643 3934 737 4010 Vulgo
756 3940 847 3988 aulea.
885 3938 923 3992 D.

273 4028 305 4075 ot
323 4023 377 4075 iam
395 4020 469 4086 onte]
507 4021 573 4074 Cod.
592 4020 688 4074 Duisb.
708 4029 739 4075 ut
757 4030 836 4077 unte
853 4025 927 4079 iam.
965 4026 1110 4081 scribitur
1127 4035 1193 4082 unte
1219 4029 1252 4082 in
1270 4029 1359 4087 Codd.

204 4094 273 4167 ling.
302 4092 387 4144 llas-b.
417 4095 490 4145 lilon.
513 4095 537 4146 1.
565 4090 649 4144 Vind.
671 4098 695 4148 1.
724 4095 797 4146 Gud.
824 4097 913 4150 Rehd.
940 4097 1024 4152 Bern.
1053 4099 1125 4154 Edd.
1154 4103 1182 4153 P.
1211 4101 1243 4155 C.
1268 4102 1304 4153 tt.
1324 4104 1359 4155 V.

204 4164 267 4215 Asc.
288 4165 312 4218 2.
334 4164 444 4217 Gesner.
473 4161 540 4215 Ilob.
570 4161 669 4232 steph.
688 4165 773 4218 Leod.
793 4165 862 4218 Dav.
890 4169 972 4222 lloel.
992 4169 1088 4224 Wolf.
1117 4168 1235 4225 Scliiitz.
1266 4172 1358 4227 omlt

204 4233 271 4288 Sola
288 4234 332 4286 ed.
352 4231 385 4285 Α.
406 4240 468 4286 onte
486 4248 529 4286 eo.
565 4233 681 4302 Reliqui
707 4235 777 4287 libri
805 4244 894 4290 antea
931 4239 975 4293 ad
1001 4259 1028 4291 v.
1048 4239 1228 4310 Pythagorae
1253 4260 1281 4295 v.
1301 4244 1362 4298 Ne-

203 4323 272 4359 anes.
291 4304 326 4358 de
345 4306 409 4356 Nat.
430 4305 511 4357 Hom.
539 4320 571 4357 ca
594 4341 599 4354 .
620 4306 646 4357 2.
675 4323 703 4374 p.
724 4308 767 4360 28.
794 4306 837 4360 ed.
862 4326 925 4380 prc.
962 4313 1016 4364 Pro
1043 4330 1121 4383 sequ.
1141 4314 1173 4368 r'tt
1191 4321 1298 4369 natura
1317 4324 1360 4371 ent

204 4383 316 4443 notura,
335 4375 438 4429 omisso
455 4373 496 4440 in,
514 4375 547 4427 in
591 4374 636 4428 dd
656 4375 690 4427 A.
710 4376 741 4429 B.
761 4377 792 4431 c.
812 4378 848 4431 Η.
872 4381 954 4434 Junt.
974 4383 1044 4436 Ven.
1065 4383 1177 4440 Camcr.
1197 4386 1264 4441 Aac.
1285 4391 1311 4443 1.
1331 4389 1357 4443 2
