2828 5070
136 285 175 351 18
335 280 563 347 CICERONIS
585 276 833 346 Tuscum.
854 281 1086 350 DISPU'I'A'I'.

133 447 255 512 Gracci
286 450 384 511 sitnm
416 448 594 510 censebant
624 451 660 509 in
694 466 877 511 nervorum
907 464 1091 531 vocumque
1124 450 1288 513 cantibus.

132 531 244 619 Igitur
263 540 305 593 ,et
332 530 587 612 Epaminondas,
626 533 792 612 princeps,
832 550 906 593 meo
937 531 1076 610 indicio,
1113 531 1289 612 Graeciae,

131 719 221 772 Usum
240 734 313 772 vero
330 718 413 772 verbi
431 716 520 770 haias
538 718 575 770 de
593 716 679 769 rebus
701 718 732 768 vi
752 724 781 770 et
799 717 828 769 vi
870 734 902 770 ra
919 718 1068 771 destitutis
1095 736 1131 772 ex
1155 720 1218 788 ipso
1239 719 1290 772 Gi·

132 805 240 843 cerone
258 790 325 842 satis
344 789 524 842 demonstrat
546 788 617 842 Era.
645 786 688 843 01.
709 786 769 842 Cic.
836 806 900 840 suin
939 789 1077 842 aniculas
1133 805 1149 841 e
1174 790 1290 844 disiun-

131 860 244 913 ctiam
263 875 323 914 esse
341 859 370 910 h.
390 859 411 910 1.
431 859 531 911 docuit
549 856 667 912 Becher.
688 858 720 909 in
739 859 841 934 Progr.
861 859 896 911 de
914 804 1016 916 Js'um·
1042 874 1097 930 pra
1111 873 1167 936 ogo
1186 859 1287 938 (Lign-

94 1000 96 1005 Ι
129 931 224 995 1817.)
250 931 318 985 coll.
339 929 391 983 111.
406 933 437 1003 ,3.
457 932 482 983 6.
504 929 572 982 coll.
591 928 734 982 Goerenz.
753 929 789 980 ad
807 930 842 981 de
859 931 951 1050 Legp).
974 947 1005 1000 p.
1025 933 1085 987 288.
1106 928 1224 983 Ernest.
1250 931 1289 999 ad

130 1000 199 1054 Tac.
219 1001 293 1054 Ann.
315 1000 352 1052 11.
371 998 506 1056 88117,
527 1004 553 1055 9.
573 998 645 1052 Add.
665 1014 717 1052 nos
737 998 773 1051 ad
791 1000 852 1053 Cic.
872 999 907 1053 de
951 1001 992 1052 iv.
1013 1001 1034 1052 1.
1054 1005 1097 1057 29.
1117 1004 1162 1057 tl.
1181 998 1286 1071 11448.

129 1073 174 1127 ed.
193 1071 273 1128 l'rcf.
299 1070 359 1127 cio.
385 1071 421 1123 de
444 1071 533 1146 [segg.
560 1071 613 1123 111.
640 1074 682 1124 17.
711 1085 773 1138 pre.
794 1085 916 1139 eamque.
959 1072 1026 1124 Post
1054 1087 1088 1123 ea
1115 1087 1227 1139 semper
1254 1074 1288 1125 in

129 1144 201 1221 neg,
221 1148 245 1198 4,
276 1141 373 1193 addita
398 1148 442 1193 est
459 1143 554 1217 glossa
582 1141 614 1193 in
641 1143 786 1194 contextis
811 1147 957 1208 prostrata
983 1141 1088 1194 stadia.
1114 1141 1183 1195 Cod.
1208 1142 1285 1218 Aug.

129 1227 343 1337 Μὲἴιπιῖιΐοι
355 1212 559 1335 &diditionem
580 1314 612 1323 -
631 1296 778 1350 vocumque
796 1282 935 1347 cantibus]
974 1283 1139 1337 Secundum
1157 1282 1287 1338 nonnul·

129 1356 186 1421 los,
204 1354 311 1409 horam
330 1369 452 1406 numero
471 1351 618 1406 eximendi
645 1360 712 1404 sunt
730 1351 960 1418 Lacedaeinonii
989 1356 1041 1426 qni
1067 1372 1132 1417 cam
1156 1354 1285 1424 reliquas

58 1454 63 1462 ·
128 1426 299 1494 disciplinas
319 1425 500 1494 spernebant,
524 1431 588 1475 tum
611 1424 745 1493 μουσικῆς
768 1421 887 1492 ἄπειρος
911 1417 998 1491 εἰχον,
1023 1432 1057 1478 nt
1081 1433 1204 1480 testatur
1227 1426 1285 1480 Aa·

128 1495 224 1548 lianus
247 1497 279 1550 V.
303 1493 411 1563 tilii.
430 1495 492 1549 xli.
514 1511 574 1564 cap.
593 1497 637 1549 to.
675 1492 751 1546 Hinc
771 1496 897 1565 scriptor
915 1489 1060 1567 ἀνώνυμος
1078 1497 1159 1549 inter
1177 1496 1283 1566 Opnsc.

129 1565 248 1620 Galeam
273 1564 348 1618 Diss.
368 1565 407 1619 11.
433 1582 462 1635 p·
490 1568 550 1620 712.
586 1563 818 1632 Λακεδαιμονίοις
851 1560 902 1626 ιὼς
926 1565 1029 1626 παῖδας
1058 1563 1097 1636 μὴ
1124 1565 1286 1637 μανθάνειν

126 1632 236 1708 pacari
255 1639 302 1688 καὶ
327 1628 489 1706 γράμματα,
508 1630 601 1690 καλόν.
640 1634 748 1687 Contra
772 1643 869 1688 tamen
887 1635 1050 1691 Athenaeus
1075 1636 1127 1692 lib.
1147 1637 1195 1690 IV.
1214 1655 1282 1714 pag.

127 1710 192 1763 184.
224 1700 322 1777 Ἐμιλε
338 1710 398 1793 wip
420 1702 505 1758 πάλαι
523 1709 611 1759 πᾶσιν
621 1700 732 1771 Ἕλλησι
749 1708 893 1777 μουσικῆς·
921 1703 1018 1778 διόπερ
1045 1709 1092 1758 καὶ
1115 1703 1133 1772 ἦ
1157 1704 1282 1776 ablatem)

126 1774 365 1849 περισπούδαστος
382 1792 424 1840 ην.
444 1780 621 1847 Χαμαιλέων,
637 1777 709 1844 γοῦν
726 1768 741 1829 ὅ
758 1773 944 1848 Ἡρακλεώτης
962 1777 993 1830 ἔν
1009 1778 1047 1845 τῷ
1066 1775 1284 1850 ἐπιγραφομένῳ

126 1855 319 1920 nptttpertaaaai
343 1849 695 1901 ΛΑΚΕΛΛΙΜΟΝΙΟΥΣ
716 1849 785 1917 φησὶ
811 1851 858 1900 καὶ
888 1851 1023 1914 Θηβαίους
1048 1843 1153 1907 πάντας
1168 1846 1285 1904 ἀὐλεῖν

125 1915 292 1992 psamistae.
331 1917 545 1985 Quinctilianus
575 1919 624 1972 tib.
650 1918 673 1969 1.
705 1934 768 1989 cap.
796 1922 837 1972 1⁰.
882 1919 1030 1988 Lycurgus
1064 1920 1283 1973 durissimarum

125 1989 357 2044 Lacedaemoniis
375 1990 469 2057 legem
494 1995 594 2042 auctor
611 1987 738 2042 Musicen
764 1989 945 2057 disciplinam
970 1992 1109 2058 probavit.
1148 1992 1222 2044 Vide
1242 1992 1284 2045 sis

127 2063 213 2114 ctiam
237 2060 425 2114 Plutarchum
449 2059 531 2113 Tam.
552 2060 589 2115 11.
617 2077 683 2135 pag.
706 2063 767 2115 238.
803 2067 832 2112 et
854 2061 986 2113 Bne'tium
1017 2063 1051 2115 de
1075 2064 1146 2117 Mus.
1173 2076 1234 2132 cap.
1256 2065 1280 2117 1.

124 2131 262 2186 Attamen
280 2125 503 2201 Λακεδαιμόνιοι
520 2133 546 2185 εἰ
562 2129 615 2201 μὲν
633 2131 796 2202 ἐμάνθανον
813 2126 863 2198 τὴν
886 2128 1031 2198 μουσικὴν,
1050 2131 1137 2186 οὐδὲν
1160 2132 1290 2200 λέγουσι·

125 2198 220 2256 Verba
238 2211 306 2256 sunt
324 2202 415 2272 ipsius
433 2200 575 2255 Athenaei
594 2201 642 2255 lib.
663 2201 736 2255 xlv,
756 2218 822 2285 pag.
842 2204 903 2259 618.
943 2203 978 2258 1).

198 2273 343 2327 Summam
368 2273 552 2325 auditionem
572 2272 653 2324 -in
676 2304 704 2313 -
725 2271 863 2337 cantatas]
899 2274 966 2338 „lta
984 2282 1017 2326 nt
1035 2268 1176 2342 ἀμούσους
1197 2289 1282 2328 roca·

126 2349 193 2400 rant
209 2346 350 2409 indoctos,
369 2350 399 2398 et
417 2343 538 2396 musices
556 2344 675 2395 nomine
694 2358 809 2396 omnem
837 2345 1000 2397 doctrinam
1024 2345 1176 2399 liberalem
1202 2361 1280 2400 ccm-

125 2417 334 2489 plecterentur.
353 2414 578 2484 Aristophanes:
595 2411 673 2478 Ἀλλ’,
693 2403 815 2482 d’yao’‚
835 2412 901 2468 οὐδὲ
918 2414 1054 2482 μουσικὴν
1074 2416 1232 2483 ἐπίσταμαι,

332 2481 413 2551 Πλὴν
429 2483 611 2554 γραμμάτων,
631 2485 679 2535 aab
696 2490 781 2536 τοῦτο
798 2489 893 2556 μέντοι
913 2483 983 2538 κακὰ
1001 2487 1117 2546 saiw
1135 2487 1280 2542 Muretus.

124 2560 219 2612 Mens
237 2555 441 2626 Aristophanis
466 2564 510 2609 est
535 2555 566 2606 in
584 2554 739 2624 Equitibus
758 2575 785 2607 v.
808 2559 857 2613 188
877 2574 918 2627 sq.
956 2557 1000 2609 Ad
1025 2559 1197 2612 sententiam
1216 2558 1280 2612 lau·

124 2622 195 2682 dant
213 2628 273 2681 Cic.
299 2629 336 2680 da
360 2628 406 2679 0r.
426 2624 542 2681 11161.
566 2628 768 2692 13733132.
788 2626 825 2680 11.
845 2629 888 2682 37.
913 2631 973 2684 155.
998 2626 1019 2679 1.
1040 2631 1082 2683 tt.
1103 2631 1163 2684 187.
1191 2629 1281 2695 Quin·

124 2700 189 2756 ctil.
210 2699 234 2751 1.
255 2701 297 2754 18.
334 2697 391 2751 Sed
408 2696 537 2750 conferri
554 2704 685 2749 meretur
702 2712 771 2765 prae
790 2699 896 2751 ceteris
921 2699 1079 2767 disputatio
1099 2701 1280 2774 inauguralis

125 2769 257 2824 cornelii
275 2769 358 2822 Anne
376 2768 432 2821 den
450 2766 512 2819 Tcx
531 2766 567 2819 de
584 2767 620 2819 Vi
644 2768 767 2819 Musicen
790 2769 825 2820 ad
850 2768 1040 2822 excolendum
1065 2769 1214 2824 hominem
1242 2788 1279 2825 ex

125 2840 269 2894 contentia
287 2838 422 2892 Platonis.
444 2836 520 2902 Trai.
541 2836 576 2890 ad
595 2836 687 2891 Rhen.
709 2840 786 2895 1818.
810 2840 866 2893 tto.
886 2856 935 2909 pp.
956 2841 987 2891 in
1007 2857 1062 2910 qun
1082 2842 1216 2915 agnoscis
1233 2843 1279 2895 vi·

124 2926 189 2964 rum
222 2912 360 2963 iuvenem
382 2926 417 2963 ex
443 2908 565 2961 Hensdii
588 2907 753 2976 disciplina·
796 2909 850 2963 Pro
877 2925 1013 2961 summam
1041 2919 1084 2965 est
1107 2926 1215 2963 suasmet
1246 2913 1278 2966 in

125 2982 195 3037 Ood.
219 2981 294 3036 bion.
314 2982 340 3036 l.
366 2994 557 3048 summamque
575 2979 608 3030 in
626 2978 694 3031 Cod.
715 2979 789 3032 Gud.
809 2982 834 3034 2.
871 2980 931 3032 Mr.

196 3051 294 3120 Igitur
320 3058 347 3104 el
372 3050 581 3118 Epaminondas
607 3048 672 3114 etc]
715 3049 736 3100 0
758 3057 909 3119 ponuntur
939 3050 993 3104 sibi
1016 3058 1043 3103 et
1066 3053 1280 3120 Epaminondas

126 3157 160 3170 ..
180 3120 438 3192 ibanielielesqae,
462 3120 511 3174 vel
534 3118 642 3190 potius,
673 3127 703 3172 et
753 3121 939 3191 parninondas
966 3129 995 3175 et
1012 3120 1224 3177 Themistocles
1243 3131 1278 3175 ut

125 3192 548 3320 ffthddhbffl‘t‘dit
571 3189 653 3312 im
669 3192 756 3314 iiii
775 3191 958 3315 3212·
985 3190 1092 3316 ..Ῥω
1114 3194 1278 3317 ”riui-iii

123 3278 251 3410 {idaim
272 3281 506 3395 οκίιείὶιξιῗιιᾱωο,
539 3280 681 3402 onodgdst
700 3304 800 3386 contra
824 3305 910 3385 usum
929 3278 1125 3388 diccmqnliicp
1146 3336 1175 3386 ni
1188 3280 1228 3387 ee:
1243 3362 1277 3374 -·

124 3420 176 3479 pne
192 3408 308 3475 saepius
326 3404 432 3457 iunxit.
474 3404 523 3456 Sic
541 3402 619 3454 inira
636 3400 689 3453 111.
709 3407 734 3459 3.
755 3405 789 3458 5:
827 3404 866 3456 At
889 3409 921 3455 el
943 3405 1035 3457 morbi
1055 3354 1278 3472 perniciosiora

122 3479 288 3547 pluresque
306 3466 475 3527 semianimi
493 3486 576 3542 quam
595 3472 733 3540 corporis.
752 3472 795 3525 De
813 3492 869 3543 qna
888 3476 1105 3528 constructione
1122 3475 1181 3528 vid.
1197 3492 1277 3530 nunc

123 3550 256 3600 accurate
274 3546 506 3615 praecipientem
525 3542 620 3598 Otton.
646 3541 768 3597 Excurs.
794 3545 829 3596 ad
847 3545 908 3599 cic.
932 3545 967 3598 de
985 3546 1071 3599 Finn.
1112 3549 1202 3602 .387.
1239 3548 1276 3604 Α.

122 3615 288 3674 Wellauer.
309 3617 341 3668 in
359 3613 471 3667 Prolus.
491 3630 564 3683 quae
582 3614 756 3668 inscribitur
773 3613 973 3669 Additamento
992 3616 1025 3668 ad
1040 3618 1098 3669 Vec
1121 3619 1186 3670 nari
1205 3616 1276 3672 Hel-

123 3687 301 3744 lenolexiam
326 3678 455 3752 (vratisl.
478 3685 573 3752 1828.)
601 3701 686 3754 quam
711 3685 830 3741 exhibet
854 3686 939 3741 Jahn.
973 3684 1004 3739 in
1031 3687 1134 3739 Annal.
1165 3687 1274 3746 Philol.

124 3769 154 3816 ct
178 3758 259 3813 Paed.
285 3755 387 3828 sappl.
413 3757 437 3808 1.
456 3758 483 3812 3.
507 3754 615 3820 (1832.)
638 3774 666 3826 p.
685 3759 747 3812 tol.
788 3754 831 3811 De
848 3757 1050 3827 Epaminonda
1067 3774 1105 3823 m,
1126 3774 1197 3828 quea
1216 3758 1276 3811 huc

144 3831 282 3895 minant,
306 3827 381 3897 apud
405 3827 490 3881 com.
511 3827 583 3897 Nep.
603 3831 627 3880 1.
650 3828 723 3884 912.
748 3828 818 3899 iniq.
839 3830 978 3897 interprr.
1016 3828 1161 3881 Scribitur
1178 3836 1276 3884 antem

121 3897 1275 4027 11333111.11231.21ὲί11213..1111111111311·

122 4041 265 4095 iudicium
284 4039 342 4092 vid.
362 4039 449 4092 etiam
468 4037 503 4092 de
515 4038 561 4092 Or.
575 4038 626 4095 111.
642 4043 685 4096 tt.
707 4042 765 4096 139.
793 3987 886 4092 -pln
906 4040 976 4093 eod.
994 4042 1064 4117 Reg.
1082 4044 1107 4096 3.
1129 4048 1172 4095 est
1190 4043 1275 4095 modo

121 4111 226 4166 iuditio
244 4127 299 4182 pro
316 4119 377 4162 mea
395 4109 511 4163 indicio.
540 4110 630 4176 ,Quod
658 4113 790 4180 sequitur
808 4110 937 4174 Graecia,
964 4113 998 4164 ab
1019 4111 1099 4164 haud
1116 4114 1216 4183 paucis
1233 4110 1273 4166 li·

121 4184 226 4237 crariis
252 4182 300 4235 ine
322 4190 351 4236 te
381 4191 545 4235 correctum
571 4190 615 4234 cst
638 4180 756 4235 Gmeeis
783 4181 928 4243 (fidibus):
958 4183 1099 4237 nimirum
1124 4184 1156 4236 in
1180 4183 1271 4237 Godd.

122 4252 198 4310 Gna.
219 4258 243 4311 1.
263 4255 289 4310 2.
333 4271 376 4330 eg·
396 4252 487 4307 Rehd.
514 4252 588 4308 Gud.
614 4252 713 4305 Duisb.
740 4253 816 4309 Mon.
837 4254 863 4309 2.
893 4253 980 4309 Marb.
1006 4255 1091 4307 Vind-
1117 4257 1144 4311 2.
1191 4253 1273 4321 Quod

120 4323 152 4379 h.
171 4323 193 4378 l.
213 4325 322 4379 dicitur
337 4325 497 4393 praeclara,
517 4325 548 4377 in
567 4325 664 4378 eadem
682 4324 745 4378 nis
763 4324 913 4380 locutione
931 4325 1043 4383 acum.
1054 4326 1129 4396 Nep.
1138 4324 1232 4382 Praei.
1243 4329 1271 4382 1.

119 4395 231 4451 dicitnr
248 4396 378 4452 scienter.
415 4396 476 4451 Me.
