2828 5070
203 324 268 393 832
416 323 644 392 CICERONIS
665 320 911 388 TUSCULAN.
934 322 1162 389 DISPUTAT.

204 490 376 554 terrimus.
420 488 540 554 Graeci
568 492 657 553 euim
689 491 726 551 in
757 490 920 552 conviviis
952 491 1057 550 solent
1077 489 1262 566 nominare,
1305 491 1362 552 cui

205 573 360 654 poculum
381 571 541 635 tradituri
562 575 639 637 sint.
676 572 775 634 Lusit
795 574 853 636 vir
873 572 1027 655 egregius
1050 580 1200 633 extremo
1221 572 1360 652 spiritu,

204 673 304 735 quum
319 656 385 716 iam
400 656 605 735 praecordiis
622 663 815 737 conceptum
833 663 976 715 mortem
989 656 1189 732 contineret,
1209 672 1361 735 vereque

205 736 248 813 ei,
286 738 340 797 cui
371 757 535 801 venenum
568 738 792 821 praebiberat,
828 744 969 797 mortem
991 756 1062 797 eam
1085 744 1134 798 est
1162 745 1360 818 auguratus,

204 902 317 958 tissima
341 907 518 960 confusione.
544 905 620 960 ¹Solu
645 905 700 961 Ed.
721 905 757 957 11.
783 903 870 959 babet
894 905 926 958 irs
945 921 995 958 eo:
1025 903 1101 974 quod
1120 922 1144 1026 p

203 975 295 1028 alicui
321 974 496 1042 recordanti,
530 977 606 1045 quod
630 985 674 1030 est
697 974 834 1031 Paradox.
863 976 916 1029 111.
943 980 974 1030 l:
1010 975 1039 1028 si
1055 982 1118 1044 pets
1132 990 1185 1027 ons
1203 975 1306 1038 fuisset
1327 975 1359 1028 is

203 1046 329 1116 aliqua
346 1063 521 1114 generosa
544 1064 577 1100 ac
595 1047 707 1100 nobili
728 1047 884 1114 uirgine.
922 1045 976 1100 Sed
994 1045 1072 1098 nibil
1090 1044 1270 1116 mutandum.
1296 1047 1357 1099 Mr.

205 1184 237 1251 (¹
276 1117 380 1253 (iffici
396 1117 471 1171 euim
488 1117 520 1170 s'a
536 1116 686 1183 conviviis]
704 1115 866 1172 Athenaeus
890 1116 941 1174 lib.
960 1116 1008 1168 XI.
1026 1135 1091 1193 pag.
1110 1118 1171 1173 498.
1197 1112 1246 1169 Ἐν
1258 1112 1359 1169 Ἰλιάδι

237 1221 247 1252 ,
273 1191 290 1244 2
328 1229 334 1243 .

369 1253 552 1332 Πλησᾶμενος
574 1257 600 1311 d’
619 1264 706 1314 οἴνοιο
724 1257 810 1319 δέπας
827 1256 943 1311 δείδεκτ’
960 1258 1084 1326 Ἀχιλῆα·

204 1329 372 1398 πληροῦντες
397 1326 452 1399 γὰρ
476 1331 628 1400 προέπινον
645 1325 766 1397 ἀλλήλοις
783 1324 852 1400 μετὰ
877 1323 1246 1382 ΠΡΟΣΛΓΟΡΕΥΣΕΩΣ.
1285 1328 1357 1382 Cum

204 1407 302 1452 tamen
319 1398 404 1453 hicce
423 1417 485 1454 mos
503 1401 583 1455 inter
601 1402 731 1471 reliquos
750 1400 879 1454 Graecos
903 1399 1060 1465 obtinebat,
1086 1414 1120 1452 eo
1138 1400 1359 1454 Lacedaemonii

204 1484 265 1522 uon
284 1478 352 1523 sunt
370 1471 432 1534 usi,·
449 1473 526 1540 qnod
544 1472 670 1525 ostendit
687 1472 765 1525 idem
784 1470 834 1524 lib.
854 1468 888 1521 X.
906 1486 970 1543 pag.
991 1473 1054 1525 ⁴32.
1092 1469 1128 1522 D.

278 1539 383 1592 Graeci
409 1541 537 1596 enimin
560 1543 747 1595 conviviis-
767 1539 908 1593 tradituri
935 1540 1011 1606 siut]
1048 1539 1126 1594 Haeo
1149 1540 1237 1594 rerba
1264 1541 1360 1593 inelu-

204 1609 297 1663 denda
323 1611 438 1664 censuit
461 1612 564 1665 llottin
588 1630 663 1678 erus,
693 1619 796 1680 utpote
826 1609 860 1663 ab
890 1611 1057 1681 antiquario
1082 1612 1213 1682 profecta
1233 1618 1268 1678 et
1295 1613 1359 1665 sine

205 1678 292 1733 dubio
318 1680 503 1738 exturbanda.
541 1630 654 1750 „gueni
678 1683 768 1746 enim,
798 1681 850 1742 ait,
879 1698 964 1734 usum
981 1690 1139 1751 praestare,
1163 1688 1213 1733 aut
1231 1681 1302 1750 quid
1321 1683 1359 1734 iis

204 1751 349 1820 explicari
367 1750 481 1805 dicem?
499 1753 577 1808 Num
596 1755 657 1807 rim
675 1752 759 1807 verbi
775 1751 902 1819 propino,
921 1767 978 1822 quo
991 1753 1080 1805 toties
1098 1759 1220 1804 utuntur
1232 1752 1360 1820 scripto·

205 1837 252 1876 res
270 1820 411 1876 Romani?
440 1823 516 1876 Num
536 1826 627 1877 ritum
646 1823 764 1894 ipsum?
802 1819 859 1876 Sed
875 1821 919 1875 nil
937 1824 1031 1898 magis
1050 1840 1142 1893 persu
1190 1828 1262 1874 tum.
1300 1821 1359 1886 An,

205 1909 260 1948 cur
286 1890 481 1947 Theramenes
509 1893 618 1948 Critiae
641 1894 813 1964 propinans,
844 1910 910 1947 eum
933 1893 1111 1946 nominarit!
1173 1909 1224 1945 um
1241 1899 1360 1961 poterat

204 1962 314 2016 aliter?
344 1961 434 2027 Adde,
453 1964 531 2032 quod
548 1965 641 2018 oratio
659 1967 776 2019 tenens
796 1983 808 2017 s
830 1964 967 2033 iransque
984 1965 1032 2016 ine
1053 1970 1084 2016 to
1102 1971 1132 2017 et
1148 1962 1190 2015 fri
1212 1961 1260 2016 ido
1279 1962 1359 2038 glos·

204 2039 313 2087 semate
339 2049 479 2102 perquam
504 2035 673 2104 importune
695 2035 811 2104 intes-pe
837 2035 936 2087 atur.“
972 2033 1017 2086 At
1065 2049 1115 2087 aec
1138 1981 1217 2086 nibgi
1240 2048 1359 2102 respon·

204 2101 331 2157 dendum
349 2102 477 2169 ridetur,
496 2121 582 2173 quam
600 2105 694 2159 solere
712 2104 895 2172 Ciceronem,
915 2104 1059 2159 lectorum
1077 2121 1160 2157 causa
1178 2103 1276 2156 minus
1294 2120 1359 2156 eru·

205 2172 347 2239 ditorum,
367 2173 509 2227 eiusmodi
526 2184 661 2230 veterum
680 2175 794 2229 rituum
812 2176 993 2246 aliarumque
1011 2191 1111 2229 rerum
1130 2191 1167 2228 ex
1184 2174 1358 2243 antiquitate

203 2243 397 2312 repetitarum
423 2243 634 2315 explicationes
658 2245 789 2301 inserere
810 2246 1120 2313 continuasorationi,
1148 2245 1174 2297 si
1200 2244 1250 2298 rel
1268 2261 1360 2315 popu·

200 2311 302 2368 lorum
328 2322 495 2369 exterorum
522 2323 627 2381 essent,
655 2315 705 2370 rel
725 2315 833 2370 Romae
862 2316 979 2386 quidem
1006 2317 1128 2369 usitatae
1155 2315 1281 2385 pridem,
1309 2313 1359 2368 sed

177 2384 329 2460 'originis
363 2385 462 2455 paullo
494 2386 669 2441 obscurioris
696 2385 747 2442 vel
773 2387 915 2456 temporis
945 2403 1034 2441 cursu
1067 2386 1259 2440 intermissae.
1294 2384 1358 2439 Vid.

202 2455 365 2525 Kayserum
393 2464 422 2509 et
439 2455 593 2522 Davisium
615 2456 651 2510 ad
669 2456 730 2511 Cic.
748 2456 783 2511 de
801 2455 867 2510 Div.
887 2457 911 2513 l.
930 2460 975 2515 1⁷.
998 2474 1027 2526 p.
1047 2459 1083 2512 8³
1101 2474 1143 2524 sq.
1163 2471 1215 2508 nos
1235 2456 1270 2508 ad
1289 2458 1365 2509 euni

203 2527 270 2579 dem
288 2524 396 2578 librum
423 2527 448 2579 1.
468 2530 511 2583 34.
540 2546 568 2598 p.
589 2529 649 2583 173.
675 2528 698 2579 1.
718 2530 764 2584 13.
789 2546 820 2599 p.
841 2529 901 2582 118.
920 2557 953 2570 -
990 2527 1081 2581 Verba
1103 2526 1133 2578 in
1155 2526 1294 2578 conviviis
1313 2525 1360 2578 ab-

204 2603 273 2650 sont
290 2613 306 2646 a
324 2595 397 2648 Gud.
417 2599 451 2660 23
470 2598 500 2650 s’u
519 2599 600 2651 abest
617 2614 634 2651 a
651 2597 726 2652 Gud.
748 2604 771 2653 l.
792 2605 899 2652 etune
917 2596 968 2650 Ox.
992 2596 1069 2667 quod
1087 2612 1170 2664 saepe
1188 2596 1360 2650 absorbetur

203 2664 450 2736 praecedentem.
486 2666 550 2720 Duo
576 2667 646 2722 Oxx.
673 2667 782 2721 habent
805 2668 939 2721 couoios'o.
960 2699 1007 2711 -‹
1029 2668 1084 2720 Pro
1108 2666 1164 2729 aiut
1182 2673 1226 2720 est
1244 2675 1310 2719 eunt
1328 2666 1359 2718 in

203 2751 264 2789 uno
282 2733 333 2786 Ox.
352 2735 437 2788 Vind.
457 2742 484 2792 1.
513 2746 542 2790 et
564 2736 735 2791 Eddeen.
760 2737 857 2792 Alteri
883 2755 920 2792 ex
943 2753 1020 2790 corr.
1040 2740 1110 2791 Ven.
1135 2745 1226 2791 nostr.
1245 2737 1312 2794 Asc.
1331 2739 1357 2793 2

202 2804 272 2859 Rob.
292 2804 391 2874 steph.
413 2807 490 2860 Cam.
510 2807 688 2861 Indicativus
705 2823 766 2862 non
782 2810 867 2878 peior
885 2815 929 2862 est
948 2806 1149 2863 Coniunctiro.
1168 2809 1249 2882 ‚Mn

158 2889 162 2897 ·
274 2874 354 2927 Lusit
383 2875 431 2929 rs‘r
455 2878 593 2945 egregiae
617 2882 741 2932 extreme
765 2877 890 2947 spiritu]
932 2877 1001 2931 Cod.
1030 2877 1119 2930 Marb.
1147 2877 1223 2930 lusit
1267 2877 1357 2944 (sio),

202 2963 278 3010 unus
297 2945 347 2998 Ox.
367 2947 465 3012 tussit,
481 2948 557 3006 ,alius
576 2965 642 3001 cum
662 2948 853 3002 Marb.'Vind.
874 2954 898 3004 l.
923 2947 959 3000 s'u
978 2955 1101 3001 extremo
1120 2948 1240 3014 rps're'tar
1265 2949 1357 3010 male,

204 3024 273 3142 aqut
290 3017 369 3143 eqim
387 3017 516 3072 Ablativi
534 3018 667 3085 absoluti,
700 3018 736 3074 de
759 3020 863 3092 quibus
886 3017 1013 3072 diximus
1036 3017 1073 3071 ad
1091 3016 1153 3070 Cic.
1181 3018 1216 3071 de
1234 3018 1298 3070 Div.
1318 3017 1356 3070 11.

201 3091 247 3146 6.
287 3130 293 3143 .
332 3090 377 3144 36.
413 3091 474 3143 Mr.
1221 3131 1224 3138 .

265 3105 449 3226 1irrrrecordr's'a
468 3160 637 3229 conceptam]
656 3159 767 3228 „Circa
805 3159 953 3226 raecordia
991 3157 1168 3224 otisstmum,
1188 3161 1230 3213 ait
1242 3158 1358 3213 Beroal-

201 3227 266 3295 dus,
292 3232 421 3312 grassari
447 3231 522 3285 solet
547 3234 594 3285 ris
618 3233 735 3285 veneni.
798 3232 907 3284 oratius
935 3230 945 3296 [
998 3230 1043 3286 od.
1068 3230 1121 3283 111.
1142 3231 1187 3297 6.]
1212 3230 1286 3286 onir
1308 3228 1359 3283 boc

202 3313 297 3352 oeneus
315 3302 406 3354 saeuit
427 3301 460 3354 ὄπ
482 3301 712 3368 praecordiir?“
730 3301 786 3354 Ubi
812 3301 870 3354 rid
891 3247 1102 3355 blitscierlich.
1127 3302 1210 3354 vind.
1231 3307 1255 3357 1.
1273 3300 1359 3354 hebet

200 3369 237 3491 ec'a
252 3371 449 3494 praeeprdr'r'r.
477 3372 539 3494 Ed!
551 3372 588 3427 Η.
613 3379 730 3496 nsertem
741 3379 928 3496 ‘’correeirtertmfi.t
945 3371 1019 3456 cut.
1039 3374 1249 3497 imcoaceptcm
1271 3387 1357 3438 prue-

218 3456 252 3494 or
272 3456 318 3495 ssa.
362 3460 381 3492 u
404 3481 410 3494 .
430 3456 509 3494 sume
540 3458 593 3496 nm.
667 3460 722 3496 nus
763 3462 791 3495 x.
815 3459 874 3497 oms
945 3459 1012 3496 eom.
1086 3459 1110 3497 r.

115 3570 117 3574 ,
274 3510 328 3563 Gui
345 3460 477 3564 vesicam
493 3459 693 3594 pli-rebiberat]
729 3512 837 3587 Vulgo,
863 3513 909 3583 qui
926 3530 1057 3567 uenenum
1072 3512 1249 3580 praebuerat.
1277 3494 1358 3564 'Ele-

200 3586 320 3662 gantem
338 3581 362 3632 1.
377 3584 414 3636 Μ.
425 3581 509 3633 Bruti
527 3590 625 3635 notam
643 3583 695 3635 hic
712 3582 742 3637 le
764 3584 821 3637 isse
835 3601 894 3637 uon
911 3583 1080 3654 poenitebit.
1098 3579 1176 3649 „esi
1193 3582 1357 3647 veaeuum“,

202 3650 311 3718 inquit,
329 3651 528 3717 ,praebiberat
546 3652 633 3707 babet
651 3655 735 3722 Gryp
759 3654 782 3706 ii
800 3654 890 3718 liber3
919 3650 1084 3724 quaemihi
1102 3667 1238 3726 germana
1256 3651 1357 3715 lectio,

1145 905 1243 957 lacere
1259 913 1359 974 posset

120 3768 123 3772 .
200 3725 306 3788 „atque
330 3720 429 3774 eadem
448 3722 609 3777 clarissima
632 3724 766 3778 videtur:
791 3741 859 3777 nam
882 3727 1004 3779 verbum
1019 3724 1198 3792 praebuerat,
1229 3739 1297 3775 cum
1323 3724 1357 3776 ad

201 3789 344 3856 „critiam
372 3792 559 3845 referendum
583 3794 623 3846 sit
641 3795 723 3847 cuius
747 3797 843 3848 fuerat
865 3796 1009 3850 sententia
1025 3792 1222 3847 Theramenes
1240 3791 1357 3847 damna·

202 3867 277 3926 „tus
295 3860 373 3915 baud
391 3863 459 3916 satis
477 3871 543 3933 apte
560 3864 703 3934 quadrare
727 3863 852 3919 videtur.
890 3866 944 3919 Est
963 3867 1041 3919 enim
1058 3865 1202 3933 praebere,
1228 3864 1288 3916 eius
1307 3864 1356 3934 qui

201 3944 308 3995 „mann
335 3931 425 3986 tradit
448 3941 478 3986 et
502 3935 646 4012 porrigit,
675 3950 734 3989 non
753 3936 827 4002 eius,
851 3938 902 4005 qui
924 3936 1039 4003 aliquid
1056 3933 1253 4005 praebendum
1271 3934 1356 3988 alteri

201 3998 278 4066 „det
315 4002 380 4056 Etsi
404 4010 499 4056 autem
525 4020 583 4057 non
608 4006 711 4061 imore
735 4006 856 4058 verbum
876 4006 1042 4073 praebibere
1069 4023 1129 4059 non
1155 4013 1264 4058 temere
1282 4003 1357 4074 spud

200 4067 364 4137 „Classicus
383 4051 675 4142 anctoresiuveniri3
710 4090 770 4129 non
788 4076 873 4131 rideo
892 4083 999 4139 tamen,
1027 4093 1094 4128 cum
1113 4074 1357 4129 minimellnslo-

241 4141 284 4194 iae
302 4142 378 4195 ratio
397 4154 543 4219 repugnet
561 4153 589 4200 el
608 4148 647 4200 sit
662 4146 745 4201 verbi
757 4147 929 4217 compositio
947 4144 1025 4199 baud
1044 4148 1207 4210 invenusta,
1227 4162 1281 4198 eur
1297 4161 1357 4199 non

198 4157 319 4278 :debeat
337 4212 442 4280 cuivis,
462 4217 572 4285 optimo
585 4217 746 4287 exemplari
760 4225 790 4271 et
808 4216 1005 4272 vetustissimo
1023 4217 1210 4291 suffragante,
1229 4215 1354 4286 probari.

199 4280 306 4351 „Certe
324 4299 362 4336 ne
380 4284 429 4337 oui
446 4302 509 4339 mea
526 4288 598 4341 tides
616 4295 749 4358 suspecta
767 4287 816 4355 sit,
834 4287 933 4341 locum
951 4287 1028 4339 viris
1039 4287 1215 4340 doctissimis
1234 4284 1356 4348 ostendi,

198 4352 254 4419 „de
273 4370 395 4424 quorum
414 4360 556 4411 sententia
575 4360 616 4412 ita
634 4357 709 4412 mibi
729 4372 791 4413 esse
809 4356 951 4412 edendum
969 4357 1164 4411 existimavi.“
1195 4357 1273 4411 llaec
1291 4374 1357 4410 eru·

200 4422 278 4481 ditus
295 4425 350 4480 ille
368 4425 424 4482 vir.
460 4427 609 4487 Accedunt
626 4430 691 4485 tere
708 4428 778 4483 rau.
799 4435 865 4486 tert.
886 4436 981 4501 quart.
1000 4428 1071 4506 lteg.
1090 4436 1121 4484 et
1136 4428 1247 4484 lilieus.
1265 4428 1355 4498 prim.
